20221101,09:15:00,41650.00,1,1789225
20221101,09:15:00,41686.25,1,1789225
20221101,09:15:00,41611.15,1,1789225
20221101,09:15:00,41620.55,1125,1789225
20221101,09:15:01,41605.05,2525,1789225
20221101,09:15:02,41586.10,2125,1789225
20221101,09:15:04,41600.90,1050,1789225
20221101,09:15:05,41617.00,1625,1789225
20221101,09:15:06,41623.75,1200,1789225
20221101,09:15:08,41636.15,1950,1789225
20221101,09:15:10,41648.35,1075,1789225
20221101,09:15:11,41615.65,1925,1789225
20221101,09:15:13,41608.85,2575,1789225
20221101,09:15:14,41584.65,2100,1789225
20221101,09:15:16,41582.90,1775,1789225
20221101,09:15:17,41612.10,1600,1789225
20221101,09:15:19,41626.40,900,1789225
20221101,09:15:21,41618.05,1425,1789225
20221101,09:15:22,41617.85,2050,1789225
20221101,09:15:24,41617.40,1900,1789225
20221101,09:15:26,41622.80,775,1789225
20221101,09:15:27,41631.00,1600,1789225
20221101,09:15:29,41631.20,1975,1789225
20221101,09:15:30,41631.30,950,1789225
20221101,09:15:32,41628.75,1625,1789225
20221101,09:15:34,41646.80,1475,1789225
20221101,09:15:35,41637.45,1800,1789225
20221101,09:15:37,41647.85,600,1789225
20221101,09:15:38,41650.00,2525,1789225
20221101,09:15:40,41659.95,2850,1789225
20221101,09:15:42,41656.45,1675,1789225
20221101,09:15:43,41659.15,2325,1789225
20221101,09:15:45,41667.10,400,1789225
20221101,09:15:46,41667.45,925,1789225
20221101,09:15:48,41660.10,750,1789225
20221101,09:15:50,41669.45,1550,1789225
20221101,09:15:51,41678.85,3225,1789225
20221101,09:15:53,41683.00,475,1789225
20221101,09:15:54,41669.20,1300,1789225
20221101,09:15:56,41667.00,1675,1789225
20221101,09:15:58,41650.00,2750,1789225
20221101,09:15:59,41640.00,6475,1789225
20221101,09:16:01,41659.75,2275,1789225
20221101,09:16:02,41650.00,2850,1789225
20221101,09:16:04,41645.95,2775,1789225
20221101,09:16:06,41649.55,800,1789225
20221101,09:16:07,41650.85,500,1789225
20221101,09:16:09,41648.15,425,1789225
20221101,09:16:11,41654.85,1475,1789225
20221101,09:16:12,41641.60,1500,1789225
20221101,09:16:14,41654.75,2550,1789225
20221101,09:16:15,41654.40,2425,1789225
20221101,09:16:17,41646.45,2200,1789225
20221101,09:16:19,41653.35,1475,1789225
20221101,09:16:20,41658.15,1725,1789225
20221101,09:16:22,41659.80,675,1789225
20221101,09:16:23,41654.80,600,1789225
20221101,09:16:25,41642.00,925,1789225
20221101,09:16:27,41636.20,1500,1789225
20221101,09:16:28,41637.75,550,1789225
20221101,09:16:30,41627.65,400,1789225
20221101,09:16:32,41629.25,650,1789225
20221101,09:16:33,41629.90,375,1789225
20221101,09:16:35,41637.95,975,1789225
20221101,09:16:36,41641.95,1925,1789225
20221101,09:16:38,41641.95,375,1789225
20221101,09:16:40,41642.75,475,1789225
20221101,09:16:41,41640.60,1900,1789225
20221101,09:16:43,41636.95,375,1789225
20221101,09:16:44,41642.00,100,1789225
20221101,09:16:46,41641.10,1025,1789225
20221101,09:16:48,41630.35,525,1789225
20221101,09:16:49,41633.95,700,1789225
20221101,09:16:51,41630.00,1225,1789225
20221101,09:16:53,41624.70,1350,1789225
20221101,09:16:54,41629.00,425,1789225
20221101,09:16:56,41633.15,1325,1789225
20221101,09:16:57,41633.15,900,1789225
20221101,09:16:59,41633.60,1375,1789225
20221101,09:17:00,41638.60,1850,1789225
20221101,09:17:02,41635.45,1875,1789225
20221101,09:17:04,41632.35,675,1789225
20221101,09:17:05,41627.25,525,1789225
20221101,09:17:07,41629.25,325,1789225
20221101,09:17:09,41629.95,1475,1789225
20221101,09:17:10,41631.95,1800,1789225
20221101,09:17:12,41633.90,650,1789225
20221101,09:17:13,41628.00,1950,1789225
20221101,09:17:15,41627.55,200,1789225
20221101,09:17:16,41633.60,1125,1789225
20221101,09:17:18,41633.30,1325,1789225
20221101,09:17:20,41633.05,2225,1789225
20221101,09:17:21,41637.15,1075,1789225
20221101,09:17:23,41639.75,1525,1790425
20221101,09:17:24,41635.25,375,1790425
20221101,09:17:26,41634.85,225,1790425
20221101,09:17:27,41635.80,1075,1790425
20221101,09:17:29,41635.00,700,1790425
20221101,09:17:31,41635.00,150,1790425
20221101,09:17:32,41635.00,625,1790425
20221101,09:17:34,41630.00,675,1790425
20221101,09:17:35,41644.70,8400,1790425
20221101,09:17:37,41635.00,3200,1790425
20221101,09:17:38,41635.45,350,1790425
20221101,09:17:40,41636.00,500,1790425
20221101,09:17:42,41635.25,375,1790425
20221101,09:17:43,41626.85,1225,1790425
20221101,09:17:45,41629.05,350,1790425
20221101,09:17:46,41627.90,525,1790425
20221101,09:17:48,41627.40,900,1790425
20221101,09:17:50,41623.10,550,1790425
20221101,09:17:51,41624.40,250,1790425
20221101,09:17:53,41624.35,300,1790425
20221101,09:17:55,41624.50,2350,1790425
20221101,09:17:56,41635.00,3250,1790425
20221101,09:17:58,41629.00,325,1790425
20221101,09:17:59,41624.80,700,1790425
20221101,09:18:01,41622.30,600,1790425
20221101,09:18:03,41631.15,1225,1790425
20221101,09:18:04,41620.00,2350,1790425
20221101,09:18:06,41618.10,2225,1790425
20221101,09:18:08,41620.75,875,1790425
20221101,09:18:09,41620.05,250,1790425
20221101,09:18:11,41616.45,725,1790425
20221101,09:18:12,41623.55,975,1790425
20221101,09:18:14,41624.10,1775,1790425
20221101,09:18:16,41630.00,1300,1790425
20221101,09:18:17,41625.65,425,1790425
20221101,09:18:19,41625.90,775,1790425
20221101,09:18:21,41620.00,2050,1790425
20221101,09:18:22,41617.20,500,1790425
20221101,09:18:24,41621.80,450,1790425
20221101,09:18:25,41622.00,300,1790425
20221101,09:18:27,41621.35,100,1790425
20221101,09:18:29,41617.80,75,1790425
20221101,09:18:30,41619.95,325,1790425
20221101,09:18:32,41617.80,200,1790425
20221101,09:18:34,41611.00,350,1790425
20221101,09:18:35,41616.40,275,1790425
20221101,09:18:37,41614.35,550,1790425
20221101,09:18:39,41620.00,850,1790425
20221101,09:18:40,41618.20,575,1790425
20221101,09:18:42,41623.80,75,1790425
20221101,09:18:44,41623.40,275,1790425
20221101,09:18:45,41620.20,25,1790425
20221101,09:18:47,41620.75,250,1790425
20221101,09:18:49,41616.15,225,1790425
20221101,09:18:50,41621.85,200,1790425
20221101,09:18:52,41620.20,125,1790425
20221101,09:18:53,41615.45,225,1790425
20221101,09:18:55,41615.00,175,1790425
20221101,09:18:57,41620.20,300,1790425
20221101,09:18:58,41620.25,150,1790425
20221101,09:19:00,41615.00,1400,1790425
20221101,09:19:02,41619.85,325,1790425
20221101,09:19:03,41625.00,700,1790425
20221101,09:19:05,41619.15,650,1790425
20221101,09:19:06,41617.60,750,1790425
20221101,09:19:08,41620.90,275,1790425
20221101,09:19:10,41615.00,700,1790425
20221101,09:19:12,41617.55,100,1790425
20221101,09:19:13,41617.20,175,1790425
20221101,09:19:15,41619.90,350,1790425
20221101,09:19:16,41619.95,400,1790425
20221101,09:19:18,41618.80,725,1790425
20221101,09:19:20,41624.00,375,1790425
20221101,09:19:21,41621.90,650,1790425
20221101,09:19:23,41620.80,225,1790425
20221101,09:19:25,41611.00,100,1790425
20221101,09:19:26,41614.35,150,1790425
20221101,09:19:28,41613.30,150,1790425
20221101,09:19:29,41615.00,700,1790425
20221101,09:19:31,41619.00,275,1790425
20221101,09:19:33,41617.50,250,1790425
20221101,09:19:34,41617.00,350,1790425
20221101,09:19:36,41621.00,425,1790425
20221101,09:19:38,41618.40,325,1790425
20221101,09:19:39,41617.75,150,1790425
20221101,09:19:41,41618.40,225,1790425
20221101,09:19:43,41620.50,700,1790425
20221101,09:19:44,41620.90,150,1790425
20221101,09:19:46,41620.20,150,1790425
20221101,09:19:47,41617.90,525,1790425
20221101,09:19:49,41620.80,125,1790425
20221101,09:19:51,41620.00,125,1790425
20221101,09:19:52,41620.20,400,1790425
20221101,09:19:54,41620.20,275,1790425
20221101,09:19:56,41614.35,375,1790425
20221101,09:19:57,41614.55,75,1790425
20221101,09:19:59,41609.70,1900,1790425
20221101,09:20:00,41617.80,825,1790425
20221101,09:20:02,41621.00,1000,1790425
20221101,09:20:04,41619.60,450,1790425
20221101,09:20:05,41619.60,550,1790425
20221101,09:20:07,41629.05,750,1790425
20221101,09:20:09,41620.50,575,1790425
20221101,09:20:10,41624.90,300,1790425
20221101,09:20:12,41620.20,300,1790425
20221101,09:20:13,41619.60,325,1790425
20221101,09:20:15,41618.40,75,1790425
20221101,09:20:17,41614.00,425,1790425
20221101,09:20:18,41618.40,50,1790425
20221101,09:20:20,41613.70,200,1790425
20221101,09:20:22,41609.35,400,1795975
20221101,09:20:23,41610.00,450,1795975
20221101,09:20:25,41609.75,50,1795975
20221101,09:20:27,41604.00,375,1795975
20221101,09:20:28,41598.75,3025,1795975
20221101,09:20:30,41599.35,350,1795975
20221101,09:20:31,41597.45,500,1795975
20221101,09:20:33,41590.10,400,1795975
20221101,09:20:35,41590.00,175,1795975
20221101,09:20:36,41580.00,1125,1795975
20221101,09:20:38,41580.00,300,1795975
20221101,09:20:40,41580.00,325,1795975
20221101,09:20:41,41574.65,1450,1795975
20221101,09:20:43,41578.55,675,1795975
20221101,09:20:45,41582.50,225,1795975
20221101,09:20:46,41582.40,150,1795975
20221101,09:20:48,41583.95,575,1795975
20221101,09:20:50,41585.25,350,1795975
20221101,09:20:51,41577.40,325,1795975
20221101,09:20:53,41583.40,550,1795975
20221101,09:20:55,41591.85,650,1795975
20221101,09:20:56,41582.90,225,1795975
20221101,09:20:58,41577.55,350,1795975
20221101,09:21:00,41580.00,200,1795975
20221101,09:21:01,41576.00,400,1795975
20221101,09:21:03,41570.00,350,1795975
20221101,09:21:04,41567.50,475,1795975
20221101,09:21:06,41576.00,175,1795975
20221101,09:21:08,41568.95,275,1795975
20221101,09:21:09,41567.65,325,1795975
20221101,09:21:11,41561.00,1325,1795975
20221101,09:21:13,41560.00,900,1795975
20221101,09:21:14,41559.55,400,1795975
20221101,09:21:16,41558.30,400,1795975
20221101,09:21:18,41563.00,725,1795975
20221101,09:21:19,41556.50,150,1795975
20221101,09:21:21,41562.15,200,1795975
20221101,09:21:23,41554.85,675,1795975
20221101,09:21:24,41561.95,1175,1795975
20221101,09:21:26,41566.00,250,1795975
20221101,09:21:28,41564.10,350,1795975
20221101,09:21:30,41570.00,250,1795975
20221101,09:21:31,41570.00,275,1795975
20221101,09:21:33,41565.70,700,1795975
20221101,09:21:35,41570.00,325,1795975
20221101,09:21:36,41571.25,225,1795975
20221101,09:21:38,41570.00,575,1795975
20221101,09:21:40,41577.60,525,1795975
20221101,09:21:41,41579.90,425,1795975
20221101,09:21:43,41575.45,250,1795975
20221101,09:21:44,41580.00,100,1795975
20221101,09:21:46,41587.20,1200,1795975
20221101,09:21:48,41584.00,75,1795975
20221101,09:21:49,41588.85,225,1795975
20221101,09:21:51,41582.00,200,1795975
20221101,09:21:53,41582.00,425,1795975
20221101,09:21:54,41582.00,450,1795975
20221101,09:21:56,41582.00,550,1795975
20221101,09:21:58,41585.20,1075,1795975
20221101,09:21:59,41580.50,400,1795975
20221101,09:22:01,41585.20,100,1795975
20221101,09:22:03,41585.20,325,1795975
20221101,09:22:04,41589.45,175,1795975
20221101,09:22:06,41580.85,125,1795975
20221101,09:22:08,41580.85,150,1795975
20221101,09:22:09,41578.65,675,1795975
20221101,09:22:11,41572.45,1150,1795975
20221101,09:22:13,41573.85,675,1795975
20221101,09:22:14,41577.50,75,1795975
20221101,09:22:16,41570.40,275,1795975
20221101,09:22:17,41577.70,50,1795975
20221101,09:22:19,41570.00,75,1795975
20221101,09:22:21,41576.70,50,1795975
20221101,09:22:22,41575.00,125,1795975
20221101,09:22:24,41579.60,75,1795975
20221101,09:22:26,41577.70,175,1795975
20221101,09:22:27,41583.15,250,1795975
20221101,09:22:29,41577.70,650,1795975
20221101,09:22:31,41577.95,150,1795975
20221101,09:22:32,41580.00,100,1795975
20221101,09:22:34,41580.20,50,1795975
20221101,09:22:36,41580.50,200,1795975
20221101,09:22:37,41578.95,475,1795975
20221101,09:22:39,41580.20,225,1795975
20221101,09:22:41,41575.20,150,1795975
20221101,09:22:42,41580.20,225,1795975
20221101,09:22:44,41580.00,225,1795975
20221101,09:22:45,41580.00,200,1795975
20221101,09:22:47,41584.85,100,1795975
20221101,09:22:49,41585.00,50,1795975
20221101,09:22:50,41585.00,350,1795975
20221101,09:22:52,41585.20,250,1795975
20221101,09:22:54,41590.00,175,1795975
20221101,09:22:55,41591.85,225,1795975
20221101,09:22:57,41587.95,75,1795975
20221101,09:22:59,41589.00,125,1795975
20221101,09:23:00,41585.50,275,1795975
20221101,09:23:02,41593.45,100,1795975
20221101,09:23:03,41594.25,250,1795975
20221101,09:23:05,41589.65,100,1795975
20221101,09:23:07,41594.90,550,1795975
20221101,09:23:08,41590.90,275,1795975
20221101,09:23:10,41596.00,125,1795975
20221101,09:23:12,41594.90,425,1795975
20221101,09:23:13,41596.00,200,1795975
20221101,09:23:15,41596.00,50,1795975
20221101,09:23:16,41595.00,225,1795975
20221101,09:23:18,41595.20,475,1795975
20221101,09:23:20,41598.85,50,1795975
20221101,09:23:21,41598.45,75,1795975
20221101,09:23:23,41599.00,125,1797625
20221101,09:23:24,41599.20,975,1797625
20221101,09:23:26,41600.00,75,1797625
20221101,09:23:27,41596.50,200,1797625
20221101,09:23:29,41600.00,200,1797625
20221101,09:23:31,41591.75,3275,1797625
20221101,09:23:32,41600.00,300,1797625
20221101,09:23:34,41604.90,225,1797625
20221101,09:23:35,41607.65,225,1797625
20221101,09:23:37,41600.15,325,1797625
20221101,09:23:39,41609.15,100,1797625
20221101,09:23:40,41606.45,275,1797625
20221101,09:23:42,41613.90,350,1797625
20221101,09:23:44,41607.85,100,1797625
20221101,09:23:45,41602.80,325,1797625
20221101,09:23:47,41603.95,150,1797625
20221101,09:23:48,41600.20,425,1797625
20221101,09:23:50,41600.20,100,1797625
20221101,09:23:51,41599.20,250,1797625
20221101,09:23:53,41602.45,925,1797625
20221101,09:23:55,41599.20,375,1797625
20221101,09:23:56,41603.95,125,1797625
20221101,09:23:58,41606.90,150,1797625
20221101,09:23:59,41603.15,125,1797625
20221101,09:24:01,41607.65,325,1797625
20221101,09:24:03,41603.15,625,1797625
20221101,09:24:04,41604.80,175,1797625
20221101,09:24:06,41604.80,175,1797625
20221101,09:24:07,41608.75,675,1797625
20221101,09:24:09,41605.20,300,1797625
20221101,09:24:10,41603.15,150,1797625
20221101,09:24:12,41605.25,500,1797625
20221101,09:24:13,41600.40,125,1797625
20221101,09:24:15,41601.95,400,1797625
20221101,09:24:16,41605.50,275,1797625
20221101,09:24:18,41605.45,250,1797625
20221101,09:24:19,41600.40,400,1797625
20221101,09:24:21,41600.20,75,1797625
20221101,09:24:23,41600.20,150,1797625
20221101,09:24:24,41600.00,925,1797625
20221101,09:24:26,41598.30,375,1797625
20221101,09:24:27,41598.55,775,1797625
20221101,09:24:29,41594.85,175,1797625
20221101,09:24:31,41590.00,1000,1797625
20221101,09:24:32,41585.00,750,1797625
20221101,09:24:34,41589.30,25,1797625
20221101,09:24:36,41589.30,75,1797625
20221101,09:24:37,41580.20,275,1797625
20221101,09:24:39,41577.15,1400,1797625
20221101,09:24:41,41580.20,150,1797625
20221101,09:24:42,41579.65,100,1797625
20221101,09:24:44,41578.00,200,1797625
20221101,09:24:46,41586.05,225,1797625
20221101,09:24:47,41580.00,75,1797625
20221101,09:24:49,41587.65,175,1797625
20221101,09:24:50,41589.55,50,1797625
20221101,09:24:52,41590.90,175,1797625
20221101,09:24:54,41593.80,25,1797625
20221101,09:24:55,41594.95,25,1797625
20221101,09:24:57,41593.70,625,1797625
20221101,09:24:59,41594.00,50,1797625
20221101,09:25:00,41593.15,50,1797625
20221101,09:25:02,41595.20,100,1797625
20221101,09:25:04,41595.25,375,1797625
20221101,09:25:05,41595.25,100,1797625
20221101,09:25:07,41595.20,25,1797625
20221101,09:25:08,41595.20,75,1797625
20221101,09:25:10,41598.00,125,1797625
20221101,09:25:12,41600.00,100,1797625
20221101,09:25:15,41598.65,25,1797625
20221101,09:25:17,41600.40,400,1797625
20221101,09:25:18,41600.25,75,1797625
20221101,09:25:20,41605.00,500,1797625
20221101,09:25:22,41606.00,550,1797625
20221101,09:25:23,41605.00,50,1797625
20221101,09:25:25,41600.00,325,1797625
20221101,09:25:27,41596.00,225,1797625
20221101,09:25:28,41599.55,100,1797625
20221101,09:25:30,41596.35,450,1797625
20221101,09:25:32,41590.70,100,1797625
20221101,09:25:33,41590.20,75,1797625
20221101,09:25:35,41587.95,625,1797625
20221101,09:25:37,41587.40,100,1797625
20221101,09:25:38,41590.20,150,1797625
20221101,09:25:40,41588.15,50,1797625
20221101,09:25:42,41583.20,200,1797625
20221101,09:25:43,41581.00,100,1797625
20221101,09:25:45,41581.15,675,1797625
20221101,09:25:47,41578.50,175,1797625
20221101,09:25:48,41584.10,250,1797625
20221101,09:25:50,41588.15,150,1797625
20221101,09:25:52,41585.45,625,1797625
20221101,09:25:53,41583.15,50,1797625
20221101,09:25:55,41587.05,125,1797625
20221101,09:25:57,41580.00,25,1797625
20221101,09:25:58,41580.00,350,1797625
20221101,09:26:00,41582.20,25,1797625
20221101,09:26:02,41583.00,100,1797625
20221101,09:26:03,41583.70,150,1797625
20221101,09:26:05,41582.40,75,1797625
20221101,09:26:07,41581.15,225,1797625
20221101,09:26:08,41583.30,100,1797625
20221101,09:26:10,41583.35,125,1797625
20221101,09:26:12,41585.00,50,1797625
20221101,09:26:13,41580.20,225,1797625
20221101,09:26:17,41582.45,50,1797625
20221101,09:26:18,41582.20,25,1797625
20221101,09:26:20,41582.00,100,1797625
20221101,09:26:22,41580.20,325,1797625
20221101,09:26:23,41582.20,175,1799475
20221101,09:26:25,41583.85,350,1799475
20221101,09:26:27,41590.00,350,1799475
20221101,09:26:28,41589.95,75,1799475
20221101,09:26:30,41592.05,100,1799475
20221101,09:26:32,41595.35,300,1799475
20221101,09:26:33,41595.00,50,1799475
20221101,09:26:35,41596.65,50,1799475
20221101,09:26:37,41604.15,375,1799475
20221101,09:26:38,41595.00,450,1799475
20221101,09:26:40,41596.40,125,1799475
20221101,09:26:42,41594.70,125,1799475
20221101,09:26:43,41596.05,150,1799475
20221101,09:26:45,41595.00,925,1799475
20221101,09:26:47,41595.00,25,1799475
20221101,09:26:48,41600.00,375,1799475
20221101,09:26:50,41597.55,75,1799475
20221101,09:26:52,41595.15,500,1799475
20221101,09:26:53,41595.00,275,1799475
20221101,09:26:57,41585.00,50,1799475
20221101,09:26:58,41582.45,200,1799475
20221101,09:27:00,41582.45,50,1799475
20221101,09:27:02,41583.45,275,1799475
20221101,09:27:03,41580.05,125,1799475
20221101,09:27:05,41591.90,100,1799475
20221101,09:27:06,41583.15,150,1799475
20221101,09:27:08,41582.25,50,1799475
20221101,09:27:10,41588.05,325,1799475
20221101,09:27:11,41589.40,250,1799475
20221101,09:27:13,41586.00,25,1799475
20221101,09:27:15,41589.25,125,1799475
20221101,09:27:16,41588.85,125,1799475
20221101,09:27:18,41588.85,50,1799475
20221101,09:27:20,41585.20,400,1799475
20221101,09:27:21,41590.85,50,1799475
20221101,09:27:23,41588.85,125,1799475
20221101,09:27:26,41590.25,75,1799475
20221101,09:27:28,41596.70,25,1799475
20221101,09:27:30,41590.20,50,1799475
20221101,09:27:31,41595.20,200,1799475
20221101,09:27:33,41596.20,125,1799475
20221101,09:27:36,41591.50,250,1799475
20221101,09:27:38,41589.95,50,1799475
20221101,09:27:40,41586.30,100,1799475
20221101,09:27:41,41585.20,75,1799475
20221101,09:27:43,41585.00,200,1799475
20221101,09:27:45,41585.00,2625,1799475
20221101,09:27:46,41592.35,200,1799475
20221101,09:27:48,41590.00,150,1799475
20221101,09:27:50,41586.25,50,1799475
20221101,09:27:51,41590.00,525,1799475
20221101,09:27:53,41586.25,150,1799475
20221101,09:27:56,41587.65,75,1799475
20221101,09:27:58,41588.90,100,1799475
20221101,09:27:59,41591.75,50,1799475
20221101,09:28:01,41591.25,25,1799475
20221101,09:28:03,41587.65,500,1799475
20221101,09:28:05,41588.80,175,1799475
20221101,09:28:06,41585.20,25,1799475
20221101,09:28:08,41588.75,100,1799475
20221101,09:28:10,41585.05,225,1799475
20221101,09:28:11,41580.05,100,1799475
20221101,09:28:13,41581.90,25,1799475
20221101,09:28:15,41589.25,125,1799475
20221101,09:28:16,41580.05,125,1799475
20221101,09:28:18,41583.95,100,1799475
20221101,09:28:19,41581.75,75,1799475
20221101,09:28:21,41584.05,100,1799475
20221101,09:28:23,41581.90,75,1799475
20221101,09:28:24,41584.65,75,1799475
20221101,09:28:26,41585.20,25,1799475
20221101,09:28:28,41585.20,225,1799475
20221101,09:28:29,41585.20,50,1799475
20221101,09:28:31,41586.40,50,1799475
20221101,09:28:33,41581.90,150,1799475
20221101,09:28:34,41582.25,275,1799475
20221101,09:28:36,41580.10,500,1799475
20221101,09:28:38,41572.00,825,1799475
20221101,09:28:39,41574.75,350,1799475
20221101,09:28:41,41573.60,900,1799475
20221101,09:28:43,41580.05,50,1799475
20221101,09:28:44,41579.50,925,1799475
20221101,09:28:46,41579.50,150,1799475
20221101,09:28:47,41578.15,25,1799475
20221101,09:28:49,41580.40,925,1799475
20221101,09:28:51,41585.20,1075,1799475
20221101,09:28:52,41589.80,100,1799475
20221101,09:28:54,41589.95,75,1799475
20221101,09:28:56,41592.20,150,1799475
20221101,09:28:57,41589.80,925,1799475
20221101,09:28:59,41592.95,1200,1799475
20221101,09:29:01,41588.40,100,1799475
20221101,09:29:02,41582.60,250,1799475
20221101,09:29:04,41589.35,350,1799475
20221101,09:29:06,41587.70,875,1799475
20221101,09:29:07,41590.75,75,1799475
20221101,09:29:09,41598.75,275,1799475
20221101,09:29:11,41590.25,350,1799475
20221101,09:29:12,41593.30,250,1799475
20221101,09:29:14,41588.35,975,1799475
20221101,09:29:16,41588.55,950,1799475
20221101,09:29:17,41598.00,250,1799475
20221101,09:29:19,41592.50,900,1799475
20221101,09:29:21,41599.35,500,1799475
20221101,09:29:22,41599.00,100,1799475
20221101,09:29:24,41600.00,1700,1796100
20221101,09:29:26,41599.00,25,1796100
20221101,09:29:27,41596.50,325,1796100
20221101,09:29:29,41596.40,325,1796100
20221101,09:29:31,41596.50,625,1796100
20221101,09:29:34,41596.30,125,1796100
20221101,09:29:36,41596.25,850,1796100
20221101,09:29:37,41600.95,375,1796100
20221101,09:29:39,41600.25,125,1796100
20221101,09:29:41,41597.90,175,1796100
20221101,09:29:42,41604.75,125,1796100
20221101,09:29:44,41600.00,450,1796100
20221101,09:29:46,41600.20,675,1796100
20221101,09:29:47,41604.30,100,1796100
20221101,09:29:49,41609.95,850,1796100
20221101,09:29:51,41605.00,50,1796100
20221101,09:29:52,41610.00,300,1796100
20221101,09:29:54,41609.00,300,1796100
20221101,09:29:56,41610.40,275,1796100
20221101,09:29:57,41613.85,425,1796100
20221101,09:29:59,41620.00,350,1796100
20221101,09:30:01,41613.70,600,1796100
20221101,09:30:02,41619.95,800,1796100
20221101,09:30:04,41620.00,650,1796100
20221101,09:30:06,41618.15,475,1796100
20221101,09:30:07,41623.60,350,1796100
20221101,09:30:09,41623.95,1050,1796100
20221101,09:30:11,41627.90,425,1796100
20221101,09:30:12,41627.50,750,1796100
20221101,09:30:14,41624.70,1400,1796100
20221101,09:30:16,41624.70,400,1796100
20221101,09:30:18,41625.00,250,1796100
20221101,09:30:19,41624.05,500,1796100
20221101,09:30:21,41630.00,325,1796100
20221101,09:30:22,41623.50,550,1796100
20221101,09:30:24,41630.25,475,1796100
20221101,09:30:26,41626.15,325,1796100
20221101,09:30:27,41628.60,475,1796100
20221101,09:30:29,41619.80,675,1796100
20221101,09:30:31,41629.35,100,1796100
20221101,09:30:32,41625.10,275,1796100
20221101,09:30:34,41630.90,525,1796100
20221101,09:30:36,41626.95,225,1796100
20221101,09:30:37,41625.00,500,1796100
20221101,09:30:39,41624.10,2600,1796100
20221101,09:30:41,41626.30,350,1796100
20221101,09:30:42,41632.60,775,1796100
20221101,09:30:44,41624.35,325,1796100
20221101,09:30:46,41628.50,50,1796100
20221101,09:30:47,41626.35,150,1796100
20221101,09:30:49,41628.70,3900,1796100
20221101,09:30:50,41628.50,175,1796100
20221101,09:30:52,41630.35,625,1796100
20221101,09:30:54,41635.00,200,1796100
20221101,09:30:55,41632.00,925,1796100
20221101,09:30:57,41630.95,350,1796100
20221101,09:30:59,41627.00,500,1796100
20221101,09:31:00,41629.10,2075,1796100
20221101,09:31:02,41629.10,300,1796100
20221101,09:31:04,41630.05,325,1796100
20221101,09:31:05,41627.90,650,1796100
20221101,09:31:07,41628.60,750,1796100
20221101,09:31:08,41631.05,1075,1796100
20221101,09:31:10,41632.75,600,1796100
20221101,09:31:12,41629.15,75,1796100
20221101,09:31:15,41638.20,1775,1796100
20221101,09:31:17,41632.10,575,1796100
20221101,09:31:18,41633.05,150,1796100
20221101,09:31:20,41633.95,500,1796100
20221101,09:31:22,41632.00,575,1796100
20221101,09:31:23,41633.05,50,1796100
20221101,09:31:25,41640.00,1900,1796100
20221101,09:31:27,41639.00,950,1796100
20221101,09:31:28,41631.75,125,1796100
20221101,09:31:30,41640.00,225,1796100
20221101,09:31:32,41639.05,300,1796100
20221101,09:31:33,41644.80,350,1796100
20221101,09:31:35,41645.00,325,1796100
20221101,09:31:37,41639.00,950,1796100
20221101,09:31:38,41638.00,500,1796100
20221101,09:31:40,41638.00,75,1796100
20221101,09:31:42,41640.20,850,1796100
20221101,09:31:43,41644.00,325,1796100
20221101,09:31:45,41642.00,100,1796100
20221101,09:31:47,41644.00,300,1796100
20221101,09:31:48,41644.00,200,1796100
20221101,09:31:50,41648.95,500,1796100
20221101,09:31:52,41647.00,1525,1796100
20221101,09:31:53,41650.00,725,1796100
20221101,09:31:55,41650.00,200,1796100
20221101,09:31:57,41654.40,3025,1796100
20221101,09:31:58,41650.05,325,1796100
20221101,09:32:00,41650.00,325,1796100
20221101,09:32:01,41649.90,900,1796100
20221101,09:32:03,41643.20,1325,1796100
20221101,09:32:05,41644.65,450,1796100
20221101,09:32:06,41650.00,675,1796100
20221101,09:32:08,41654.40,1425,1796100
20221101,09:32:10,41651.40,275,1796100
20221101,09:32:11,41651.80,100,1796100
20221101,09:32:13,41650.00,175,1796100
20221101,09:32:15,41649.55,425,1796100
20221101,09:32:16,41648.10,250,1796100
20221101,09:32:18,41649.55,175,1796100
20221101,09:32:20,41645.00,225,1796100
20221101,09:32:21,41646.95,175,1796100
20221101,09:32:23,41647.00,150,1796100
20221101,09:32:25,41651.80,525,1809875
20221101,09:32:27,41652.50,825,1809875
20221101,09:32:28,41655.00,150,1809875
20221101,09:32:30,41657.95,700,1809875
20221101,09:32:32,41658.15,350,1809875
20221101,09:32:33,41655.00,150,1809875
20221101,09:32:35,41652.10,225,1809875
20221101,09:32:37,41652.25,25,1809875
20221101,09:32:38,41650.05,700,1809875
20221101,09:32:40,41652.75,325,1809875
20221101,09:32:42,41659.00,350,1809875
20221101,09:32:43,41658.80,25,1809875
20221101,09:32:45,41657.85,1000,1809875
20221101,09:32:47,41654.30,750,1809875
20221101,09:32:48,41659.55,500,1809875
20221101,09:32:50,41657.40,500,1809875
20221101,09:32:52,41650.15,150,1809875
20221101,09:32:53,41650.15,100,1809875
20221101,09:32:55,41652.30,125,1809875
20221101,09:32:56,41654.35,200,1809875
20221101,09:32:58,41650.05,1550,1809875
20221101,09:33:00,41647.15,225,1809875
20221101,09:33:01,41650.15,175,1809875
20221101,09:33:03,41652.00,425,1809875
20221101,09:33:05,41650.15,100,1809875
20221101,09:33:06,41655.00,1225,1809875
20221101,09:33:08,41654.20,875,1809875
20221101,09:33:10,41658.00,350,1809875
20221101,09:33:11,41657.90,275,1809875
20221101,09:33:13,41660.00,1775,1809875
20221101,09:33:14,41658.00,450,1809875
20221101,09:33:16,41665.00,2050,1809875
20221101,09:33:18,41665.65,300,1809875
20221101,09:33:19,41669.95,925,1809875
20221101,09:33:21,41659.50,1250,1809875
20221101,09:33:23,41659.55,600,1809875
20221101,09:33:24,41660.90,75,1809875
20221101,09:33:28,41662.55,500,1809875
20221101,09:33:29,41665.65,75,1809875
20221101,09:33:31,41664.50,550,1809875
20221101,09:33:32,41668.10,125,1809875
20221101,09:33:34,41661.45,250,1809875
20221101,09:33:36,41663.20,325,1809875
20221101,09:33:37,41664.50,550,1809875
20221101,09:33:39,41660.00,25,1809875
20221101,09:33:40,41659.55,600,1809875
20221101,09:33:42,41663.95,400,1809875
20221101,09:33:44,41664.00,125,1809875
20221101,09:33:45,41663.55,150,1809875
20221101,09:33:47,41665.70,350,1809875
20221101,09:33:49,41665.00,100,1809875
20221101,09:33:50,41664.00,50,1809875
20221101,09:33:52,41669.00,125,1809875
20221101,09:33:54,41666.50,75,1809875
20221101,09:33:55,41666.50,2300,1809875
20221101,09:33:57,41662.95,325,1809875
20221101,09:33:59,41658.05,650,1809875
20221101,09:34:00,41661.40,950,1809875
20221101,09:34:02,41663.10,475,1809875
20221101,09:34:04,41664.75,200,1809875
20221101,09:34:05,41658.15,125,1809875
20221101,09:34:07,41658.35,100,1809875
20221101,09:34:08,41665.70,150,1809875
20221101,09:34:10,41662.15,350,1809875
20221101,09:34:12,41658.35,75,1809875
20221101,09:34:13,41658.10,25,1809875
20221101,09:34:15,41656.75,100,1809875
20221101,09:34:17,41655.45,275,1809875
20221101,09:34:18,41651.70,50,1809875
20221101,09:34:20,41651.70,125,1809875
20221101,09:34:22,41651.70,350,1809875
20221101,09:34:23,41651.60,225,1809875
20221101,09:34:25,41656.05,25,1809875
20221101,09:34:27,41650.00,300,1809875
20221101,09:34:28,41650.00,475,1809875
20221101,09:34:30,41646.95,350,1809875
20221101,09:34:32,41641.00,50,1809875
20221101,09:34:33,41643.90,100,1809875
20221101,09:34:35,41644.65,200,1809875
20221101,09:34:37,41643.80,450,1809875
20221101,09:34:40,41642.40,75,1809875
20221101,09:34:42,41640.25,100,1809875
20221101,09:34:43,41641.80,125,1809875
20221101,09:34:45,41644.15,75,1809875
20221101,09:34:47,41643.70,200,1809875
20221101,09:34:48,41643.60,625,1809875
20221101,09:34:50,41644.50,125,1809875
20221101,09:34:52,41645.55,2175,1809875
20221101,09:34:53,41647.35,325,1809875
20221101,09:34:55,41648.60,25,1809875
20221101,09:34:56,41647.20,275,1809875
20221101,09:34:58,41645.15,175,1809875
20221101,09:35:00,41645.55,175,1809875
20221101,09:35:01,41647.95,150,1809875
20221101,09:35:03,41648.90,400,1809875
20221101,09:35:05,41650.70,300,1809875
20221101,09:35:06,41651.15,425,1809875
20221101,09:35:08,41650.45,175,1809875
20221101,09:35:09,41652.40,150,1809875
20221101,09:35:11,41653.40,100,1809875
20221101,09:35:13,41645.00,800,1809875
20221101,09:35:14,41643.00,100,1809875
20221101,09:35:16,41640.00,300,1809875
20221101,09:35:18,41632.30,1400,1809875
20221101,09:35:19,41633.85,100,1809875
20221101,09:35:21,41637.55,75,1809875
20221101,09:35:22,41633.10,700,1809875
20221101,09:35:24,41637.55,175,1809875
20221101,09:35:26,41633.70,75,1813700
20221101,09:35:27,41635.20,225,1813700
20221101,09:35:29,41635.00,75,1813700
20221101,09:35:30,41630.00,175,1813700
20221101,09:35:32,41629.10,25,1813700
20221101,09:35:34,41634.60,100,1813700
20221101,09:35:35,41630.45,50,1813700
20221101,09:35:37,41630.35,175,1813700
20221101,09:35:38,41631.40,75,1813700
20221101,09:35:40,41632.00,75,1813700
20221101,09:35:42,41631.15,125,1813700
20221101,09:35:43,41634.90,100,1813700
20221101,09:35:45,41630.00,50,1813700
20221101,09:35:46,41630.20,75,1813700
20221101,09:35:48,41630.20,25,1813700
20221101,09:35:49,41630.20,100,1813700
20221101,09:35:51,41631.05,200,1813700
20221101,09:35:53,41632.45,350,1813700
20221101,09:35:54,41632.85,350,1813700
20221101,09:35:56,41636.60,100,1813700
20221101,09:35:58,41638.60,100,1813700
20221101,09:35:59,41638.50,375,1813700
20221101,09:36:01,41644.80,150,1813700
20221101,09:36:02,41643.55,350,1813700
20221101,09:36:04,41638.10,100,1813700
20221101,09:36:06,41637.00,25,1813700
20221101,09:36:07,41637.00,50,1813700
20221101,09:36:09,41630.00,225,1813700
20221101,09:36:11,41630.40,75,1813700
20221101,09:36:12,41630.50,175,1813700
20221101,09:36:14,41630.30,175,1813700
20221101,09:36:15,41631.05,175,1813700
20221101,09:36:17,41635.20,225,1813700
20221101,09:36:19,41630.15,75,1813700
20221101,09:36:20,41630.40,25,1813700
20221101,09:36:22,41631.00,100,1813700
20221101,09:36:23,41630.00,75,1813700
20221101,09:36:26,41630.00,25,1813700
20221101,09:36:28,41630.40,75,1813700
20221101,09:36:30,41630.10,100,1813700
20221101,09:36:31,41621.95,2100,1813700
20221101,09:36:33,41619.35,875,1813700
20221101,09:36:35,41619.20,75,1813700
20221101,09:36:36,41621.05,100,1813700
20221101,09:36:38,41624.45,200,1813700
20221101,09:36:40,41622.50,300,1813700
20221101,09:36:41,41623.65,250,1813700
20221101,09:36:43,41624.45,500,1813700
20221101,09:36:45,41618.85,250,1813700
20221101,09:36:46,41620.20,50,1813700
20221101,09:36:48,41620.05,175,1813700
20221101,09:36:50,41625.70,150,1813700
20221101,09:36:51,41623.50,150,1813700
20221101,09:36:53,41620.20,100,1813700
20221101,09:36:55,41618.00,250,1813700
20221101,09:36:58,41618.00,25,1813700
20221101,09:37:00,41618.00,200,1813700
20221101,09:37:01,41616.25,25,1813700
20221101,09:37:03,41618.00,125,1813700
20221101,09:37:04,41620.00,50,1813700
20221101,09:37:06,41618.00,175,1813700
20221101,09:37:08,41616.05,25,1813700
20221101,09:37:09,41620.00,175,1813700
20221101,09:37:11,41619.80,575,1813700
20221101,09:37:13,41620.00,150,1813700
20221101,09:37:14,41621.00,125,1813700
20221101,09:37:16,41621.25,125,1813700
20221101,09:37:18,41620.60,150,1813700
20221101,09:37:19,41618.00,225,1813700
20221101,09:37:21,41620.40,25,1813700
20221101,09:37:23,41616.05,175,1813700
20221101,09:37:24,41620.90,50,1813700
20221101,09:37:27,41619.30,100,1813700
20221101,09:37:29,41620.35,175,1813700
20221101,09:37:31,41620.05,50,1813700
20221101,09:37:32,41617.60,25,1813700
20221101,09:37:34,41622.05,200,1813700
20221101,09:37:35,41622.00,50,1813700
20221101,09:37:37,41621.35,300,1813700
20221101,09:37:39,41621.15,175,1813700
20221101,09:37:40,41618.65,375,1813700
20221101,09:37:42,41625.95,1200,1813700
20221101,09:37:45,41620.00,100,1813700
20221101,09:37:47,41619.50,50,1813700
20221101,09:37:48,41618.20,200,1813700
20221101,09:37:50,41623.30,200,1813700
20221101,09:37:52,41630.00,900,1813700
20221101,09:37:53,41625.00,50,1813700
20221101,09:37:57,41623.70,200,1813700
20221101,09:38:00,41625.00,225,1813700
20221101,09:38:02,41626.40,125,1813700
20221101,09:38:03,41626.30,25,1813700
20221101,09:38:05,41625.00,325,1813700
20221101,09:38:06,41630.00,50,1813700
20221101,09:38:08,41626.95,100,1813700
20221101,09:38:10,41625.00,200,1813700
20221101,09:38:11,41623.90,75,1813700
20221101,09:38:13,41624.90,300,1813700
20221101,09:38:15,41620.00,350,1813700
20221101,09:38:16,41622.25,125,1813700
20221101,09:38:18,41624.90,275,1813700
20221101,09:38:20,41622.25,100,1813700
20221101,09:38:21,41620.05,25,1813700
20221101,09:38:23,41624.15,50,1813700
20221101,09:38:26,41620.20,25,1811975
20221101,09:38:28,41621.90,350,1811975
20221101,09:38:29,41628.00,1150,1811975
20221101,09:38:31,41630.00,150,1811975
20221101,09:38:32,41630.00,325,1811975
20221101,09:38:34,41627.10,300,1811975
20221101,09:38:36,41624.50,375,1811975
20221101,09:38:37,41626.10,300,1811975
20221101,09:38:39,41630.00,575,1811975
20221101,09:38:41,41623.65,100,1811975
20221101,09:38:42,41624.15,75,1811975
20221101,09:38:44,41625.00,50,1811975
20221101,09:38:45,41623.85,75,1811975
20221101,09:38:47,41623.85,400,1811975
20221101,09:38:49,41625.00,75,1811975
20221101,09:38:50,41624.15,375,1811975
20221101,09:38:52,41625.00,175,1811975
20221101,09:38:53,41625.00,300,1811975
20221101,09:38:55,41625.00,725,1811975
20221101,09:38:56,41625.60,25,1811975
20221101,09:38:58,41627.70,50,1811975
20221101,09:39:00,41633.00,1375,1811975
20221101,09:39:01,41631.95,375,1811975
20221101,09:39:03,41639.95,150,1811975
20221101,09:39:05,41640.05,650,1811975
20221101,09:39:06,41635.00,850,1811975
20221101,09:39:08,41639.15,475,1811975
20221101,09:39:10,41643.30,575,1811975
20221101,09:39:11,41640.05,150,1811975
20221101,09:39:13,41645.00,825,1811975
20221101,09:39:15,41639.40,400,1811975
20221101,09:39:16,41648.95,75,1811975
20221101,09:39:18,41645.00,50,1811975
20221101,09:39:19,41643.05,25,1811975
20221101,09:39:21,41645.00,175,1811975
20221101,09:39:23,41640.90,100,1811975
20221101,09:39:24,41645.00,300,1811975
20221101,09:39:26,41645.00,200,1811975
20221101,09:39:27,41645.00,100,1811975
20221101,09:39:29,41645.00,175,1811975
20221101,09:39:30,41645.00,50,1811975
20221101,09:39:32,41640.30,325,1811975
20221101,09:39:33,41645.00,175,1811975
20221101,09:39:35,41649.00,325,1811975
20221101,09:39:36,41649.00,475,1811975
20221101,09:39:38,41650.00,900,1811975
20221101,09:39:40,41650.00,150,1811975
20221101,09:39:43,41646.00,350,1811975
20221101,09:39:44,41645.50,25,1811975
20221101,09:39:46,41645.00,275,1811975
20221101,09:39:49,41645.45,125,1811975
20221101,09:39:50,41645.00,75,1811975
20221101,09:39:52,41645.45,700,1811975
20221101,09:39:53,41650.00,425,1811975
20221101,09:39:55,41650.00,225,1811975
20221101,09:39:56,41645.15,225,1811975
20221101,09:39:58,41649.90,25,1811975
20221101,09:40:02,41645.00,50,1811975
20221101,09:40:04,41640.05,725,1811975
20221101,09:40:05,41645.75,25,1811975
20221101,09:40:07,41645.00,250,1811975
20221101,09:40:10,41643.40,425,1811975
20221101,09:40:12,41642.70,200,1811975
20221101,09:40:13,41635.00,350,1811975
20221101,09:40:15,41635.70,75,1811975
20221101,09:40:17,41642.70,100,1811975
20221101,09:40:18,41640.95,225,1811975
20221101,09:40:20,41645.00,725,1811975
20221101,09:40:22,41653.00,625,1811975
20221101,09:40:23,41654.00,100,1811975
20221101,09:40:25,41653.70,25,1811975
20221101,09:40:27,41651.70,100,1811975
20221101,09:40:28,41655.45,225,1811975
20221101,09:40:30,41655.10,100,1811975
20221101,09:40:32,41654.15,300,1811975
20221101,09:40:33,41655.00,600,1811975
20221101,09:40:35,41654.10,350,1811975
20221101,09:40:37,41655.00,425,1811975
20221101,09:40:38,41650.70,75,1811975
20221101,09:40:40,41657.00,600,1811975
20221101,09:40:42,41651.35,225,1811975
20221101,09:40:45,41650.75,50,1811975
20221101,09:40:46,41652.25,500,1811975
20221101,09:40:48,41652.25,25,1811975
20221101,09:40:50,41655.00,350,1811975
20221101,09:40:51,41655.00,50,1811975
20221101,09:40:53,41651.70,300,1811975
20221101,09:40:54,41655.00,25,1811975
20221101,09:40:56,41652.05,300,1811975
20221101,09:40:57,41655.00,125,1811975
20221101,09:40:59,41659.00,1275,1811975
20221101,09:41:00,41658.35,700,1811975
20221101,09:41:02,41660.00,100,1811975
20221101,09:41:04,41659.60,25,1811975
20221101,09:41:05,41664.00,100,1811975
20221101,09:41:07,41658.90,75,1811975
20221101,09:41:09,41660.00,1700,1811975
20221101,09:41:10,41664.25,525,1811975
20221101,09:41:12,41657.30,200,1811975
20221101,09:41:14,41657.10,100,1811975
20221101,09:41:15,41656.90,300,1811975
20221101,09:41:17,41658.90,225,1811975
20221101,09:41:19,41660.00,525,1811975
20221101,09:41:20,41665.15,625,1811975
20221101,09:41:22,41658.95,325,1811975
20221101,09:41:23,41660.00,350,1811975
20221101,09:41:25,41665.00,25,1811975
20221101,09:41:26,41660.10,150,1808550
20221101,09:41:28,41660.10,50,1808550
20221101,09:41:30,41662.00,50,1808550
20221101,09:41:31,41664.35,550,1808550
20221101,09:41:33,41664.95,250,1808550
20221101,09:41:34,41665.10,75,1808550
20221101,09:41:36,41663.00,625,1808550
20221101,09:41:38,41665.10,425,1808550
20221101,09:41:39,41667.50,100,1808550
20221101,09:41:41,41670.00,1075,1808550
20221101,09:41:43,41674.15,1275,1808550
20221101,09:41:44,41666.70,225,1808550
20221101,09:41:46,41669.05,700,1808550
20221101,09:41:48,41665.05,75,1808550
20221101,09:41:49,41666.70,150,1808550
20221101,09:41:51,41664.10,200,1808550
20221101,09:41:53,41667.95,350,1808550
20221101,09:41:54,41660.00,250,1808550
20221101,09:41:56,41660.05,175,1808550
20221101,09:41:58,41661.30,700,1808550
20221101,09:42:01,41669.75,125,1808550
20221101,09:42:02,41669.00,200,1808550
20221101,09:42:04,41664.55,25,1808550
20221101,09:42:06,41667.90,150,1808550
20221101,09:42:07,41669.35,175,1808550
20221101,09:42:09,41666.95,100,1808550
20221101,09:42:11,41661.30,325,1808550
20221101,09:42:12,41664.95,125,1808550
20221101,09:42:14,41660.50,125,1808550
20221101,09:42:15,41660.65,50,1808550
20221101,09:42:17,41665.00,350,1808550
20221101,09:42:19,41663.20,325,1808550
20221101,09:42:20,41663.65,200,1808550
20221101,09:42:22,41669.00,75,1808550
20221101,09:42:24,41669.05,425,1808550
20221101,09:42:25,41666.70,50,1808550
20221101,09:42:27,41665.95,375,1808550
20221101,09:42:29,41664.60,325,1808550
20221101,09:42:30,41670.00,525,1808550
20221101,09:42:32,41669.85,550,1808550
20221101,09:42:33,41671.30,275,1808550
20221101,09:42:35,41672.95,500,1808550
20221101,09:42:37,41666.00,125,1808550
20221101,09:42:38,41669.95,75,1808550
20221101,09:42:40,41668.45,375,1808550
20221101,09:42:42,41674.00,150,1808550
20221101,09:42:43,41670.10,50,1808550
20221101,09:42:45,41668.00,375,1808550
20221101,09:42:47,41670.10,150,1808550
20221101,09:42:48,41667.75,75,1808550
20221101,09:42:50,41669.90,650,1808550
20221101,09:42:52,41665.35,50,1808550
20221101,09:42:53,41670.00,50,1808550
20221101,09:42:56,41666.00,125,1808550
20221101,09:42:58,41665.35,225,1808550
20221101,09:42:59,41669.60,375,1808550
20221101,09:43:01,41672.00,75,1808550
20221101,09:43:03,41673.00,475,1808550
20221101,09:43:04,41670.00,225,1808550
20221101,09:43:06,41669.45,100,1808550
20221101,09:43:08,41663.95,200,1808550
20221101,09:43:09,41663.00,225,1808550
20221101,09:43:11,41662.00,150,1808550
20221101,09:43:13,41663.95,200,1808550
20221101,09:43:14,41666.95,150,1808550
20221101,09:43:16,41667.40,25,1808550
20221101,09:43:19,41665.50,175,1808550
20221101,09:43:21,41669.60,275,1808550
20221101,09:43:23,41666.75,150,1808550
20221101,09:43:26,41665.00,125,1808550
20221101,09:43:28,41660.50,325,1808550
20221101,09:43:29,41665.00,100,1808550
20221101,09:43:31,41669.00,300,1808550
20221101,09:43:33,41666.90,200,1808550
20221101,09:43:34,41667.10,75,1808550
20221101,09:43:39,41665.00,75,1808550
20221101,09:43:41,41665.00,75,1808550
20221101,09:43:42,41666.75,25,1808550
20221101,09:43:44,41666.75,275,1808550
20221101,09:43:46,41666.40,125,1808550
20221101,09:43:47,41665.65,75,1808550
20221101,09:43:49,41669.00,175,1808550
20221101,09:43:50,41669.60,75,1808550
20221101,09:43:52,41670.00,1250,1808550
20221101,09:43:54,41670.25,625,1808550
20221101,09:43:55,41670.85,100,1808550
20221101,09:43:57,41674.80,825,1808550
20221101,09:43:59,41676.35,2775,1808550
20221101,09:44:00,41707.90,50700,1808550
20221101,09:44:02,41702.85,1275,1808550
20221101,09:44:04,41713.00,5350,1808550
20221101,09:44:05,41716.65,1775,1808550
20221101,09:44:07,41711.10,2825,1808550
20221101,09:44:09,41706.25,1600,1808550
20221101,09:44:10,41706.70,1400,1808550
20221101,09:44:12,41717.90,900,1808550
20221101,09:44:14,41718.90,950,1808550
20221101,09:44:15,41718.90,875,1808550
20221101,09:44:17,41711.20,1575,1808550
20221101,09:44:18,41709.40,375,1808550
20221101,09:44:20,41709.40,625,1808550
20221101,09:44:22,41713.15,775,1808550
20221101,09:44:23,41709.35,2050,1808550
20221101,09:44:25,41713.45,1275,1808550
20221101,09:44:27,41708.35,800,1837025
20221101,09:44:28,41711.20,1050,1837025
20221101,09:44:30,41712.15,750,1837025
20221101,09:44:32,41712.00,300,1837025
20221101,09:44:33,41708.40,800,1837025
20221101,09:44:35,41708.20,650,1837025
20221101,09:44:37,41705.25,2325,1837025
20221101,09:44:38,41700.15,1550,1837025
20221101,09:44:40,41706.85,800,1837025
20221101,09:44:42,41704.25,475,1837025
20221101,09:44:43,41705.40,475,1837025
20221101,09:44:45,41712.00,425,1837025
20221101,09:44:47,41712.00,275,1837025
20221101,09:44:48,41711.45,375,1837025
20221101,09:44:50,41715.00,1150,1837025
20221101,09:44:52,41713.25,75,1837025
20221101,09:44:53,41709.60,375,1837025
20221101,09:44:55,41708.35,150,1837025
20221101,09:44:57,41711.95,800,1837025
20221101,09:44:58,41716.00,450,1837025
20221101,09:45:00,41718.80,1625,1837025
20221101,09:45:02,41722.00,3325,1837025
20221101,09:45:03,41724.40,1950,1837025
20221101,09:45:05,41724.40,1250,1837025
20221101,09:45:07,41724.80,1075,1837025
20221101,09:45:08,41730.00,3400,1837025
20221101,09:45:10,41732.00,850,1837025
20221101,09:45:12,41738.00,2000,1837025
20221101,09:45:13,41732.70,2700,1837025
20221101,09:45:15,41735.15,7925,1837025
20221101,09:45:17,41735.35,625,1837025
20221101,09:45:18,41739.15,1025,1837025
20221101,09:45:20,41740.00,1100,1837025
20221101,09:45:22,41740.00,550,1837025
20221101,09:45:23,41735.65,875,1837025
20221101,09:45:25,41734.55,1225,1837025
20221101,09:45:27,41738.20,825,1837025
20221101,09:45:28,41738.40,375,1837025
20221101,09:45:30,41735.75,1325,1837025
20221101,09:45:31,41735.75,1075,1837025
20221101,09:45:33,41733.55,2275,1837025
20221101,09:45:35,41729.95,700,1837025
20221101,09:45:36,41731.65,275,1837025
20221101,09:45:38,41734.40,450,1837025
20221101,09:45:40,41731.15,875,1837025
20221101,09:45:42,41735.40,425,1837025
20221101,09:45:43,41736.95,475,1837025
20221101,09:45:45,41736.95,375,1837025
20221101,09:45:47,41739.15,1650,1837025
20221101,09:45:48,41740.75,625,1837025
20221101,09:45:50,41742.90,1325,1837025
20221101,09:45:52,41746.30,1400,1837025
20221101,09:45:53,41747.05,1000,1837025
20221101,09:45:55,41744.20,2600,1837025
20221101,09:45:57,41741.95,425,1837025
20221101,09:45:58,41745.00,500,1837025
20221101,09:46:00,41743.30,300,1837025
20221101,09:46:02,41748.30,700,1837025
20221101,09:46:03,41757.85,8850,1837025
20221101,09:46:05,41753.10,925,1837025
20221101,09:46:07,41758.30,1175,1837025
20221101,09:46:08,41762.40,1150,1837025
20221101,09:46:10,41762.85,650,1837025
20221101,09:46:12,41765.00,2225,1837025
20221101,09:46:13,41766.00,950,1837025
20221101,09:46:15,41766.60,550,1837025
20221101,09:46:17,41768.90,925,1837025
20221101,09:46:18,41763.60,1425,1837025
20221101,09:46:20,41763.60,750,1837025
20221101,09:46:21,41767.45,1675,1837025
20221101,09:46:23,41767.05,675,1837025
20221101,09:46:25,41763.55,600,1837025
20221101,09:46:26,41766.90,450,1837025
20221101,09:46:28,41762.90,1850,1837025
20221101,09:46:30,41762.15,350,1837025
20221101,09:46:31,41762.20,1000,1837025
20221101,09:46:33,41761.05,550,1837025
20221101,09:46:35,41764.60,475,1837025
20221101,09:46:36,41769.00,700,1837025
20221101,09:46:38,41770.00,600,1837025
20221101,09:46:40,41763.60,1650,1837025
20221101,09:46:41,41763.60,425,1837025
20221101,09:46:43,41766.05,350,1837025
20221101,09:46:45,41764.70,1625,1837025
20221101,09:46:46,41765.00,650,1837025
20221101,09:46:48,41764.00,125,1837025
20221101,09:46:50,41764.00,1050,1837025
20221101,09:46:51,41760.10,500,1837025
20221101,09:46:53,41765.70,1650,1837025
20221101,09:46:55,41765.30,150,1837025
20221101,09:46:56,41767.55,225,1837025
20221101,09:46:58,41765.55,650,1837025
20221101,09:46:59,41769.75,550,1837025
20221101,09:47:01,41773.50,1675,1837025
20221101,09:47:03,41773.55,825,1837025
20221101,09:47:04,41774.15,875,1837025
20221101,09:47:06,41773.00,900,1837025
20221101,09:47:08,41774.50,375,1837025
20221101,09:47:09,41774.50,525,1837025
20221101,09:47:11,41770.00,625,1837025
20221101,09:47:13,41774.90,575,1837025
20221101,09:47:14,41775.00,1225,1837025
20221101,09:47:16,41776.95,1275,1837025
20221101,09:47:18,41777.00,575,1837025
20221101,09:47:19,41778.30,775,1837025
20221101,09:47:21,41779.00,775,1837025
20221101,09:47:23,41780.00,975,1837025
20221101,09:47:24,41775.00,850,1837025
20221101,09:47:26,41782.75,725,1837025
20221101,09:47:27,41783.95,825,1837025
20221101,09:47:29,41783.55,1225,1881925
20221101,09:47:31,41775.00,675,1881925
20221101,09:47:32,41777.20,475,1881925
20221101,09:47:34,41775.05,675,1881925
20221101,09:47:36,41775.20,350,1881925
20221101,09:47:37,41772.15,2225,1881925
20221101,09:47:39,41776.50,1150,1881925
20221101,09:47:41,41775.00,1575,1881925
20221101,09:47:42,41780.00,500,1881925
20221101,09:47:44,41786.00,1125,1881925
20221101,09:47:46,41788.00,425,1881925
20221101,09:47:47,41788.45,525,1881925
20221101,09:47:49,41786.40,1925,1881925
20221101,09:47:51,41783.70,1175,1881925
20221101,09:47:53,41783.60,75,1881925
20221101,09:47:54,41785.00,700,1881925
20221101,09:47:56,41787.75,1475,1881925
20221101,09:47:58,41786.85,1050,1881925
20221101,09:47:59,41782.60,550,1881925
20221101,09:48:01,41782.70,350,1881925
20221101,09:48:03,41785.20,1125,1881925
20221101,09:48:04,41783.90,275,1881925
20221101,09:48:06,41780.30,525,1881925
20221101,09:48:07,41780.45,300,1881925
20221101,09:48:09,41778.65,975,1881925
20221101,09:48:11,41774.50,1550,1881925
20221101,09:48:12,41773.35,400,1881925
20221101,09:48:14,41770.00,550,1881925
20221101,09:48:16,41775.20,1700,1881925
20221101,09:48:17,41778.15,600,1881925
20221101,09:48:19,41770.05,200,1881925
20221101,09:48:21,41770.85,400,1881925
20221101,09:48:22,41771.45,725,1881925
20221101,09:48:24,41770.20,325,1881925
20221101,09:48:26,41777.35,300,1881925
20221101,09:48:27,41770.20,750,1881925
20221101,09:48:29,41773.40,600,1881925
20221101,09:48:31,41770.00,775,1881925
20221101,09:48:32,41770.20,1550,1881925
20221101,09:48:34,41770.00,75,1881925
20221101,09:48:36,41771.70,200,1881925
20221101,09:48:37,41770.20,325,1881925
20221101,09:48:39,41772.10,425,1881925
20221101,09:48:41,41780.00,800,1881925
20221101,09:48:42,41779.95,375,1881925
20221101,09:48:44,41780.00,375,1881925
20221101,09:48:46,41780.60,350,1881925
20221101,09:48:47,41780.30,875,1881925
20221101,09:48:49,41786.45,725,1881925
20221101,09:48:51,41780.35,225,1881925
20221101,09:48:52,41785.00,1150,1881925
20221101,09:48:54,41789.00,700,1881925
20221101,09:48:56,41781.05,825,1881925
20221101,09:48:57,41785.00,75,1881925
20221101,09:48:59,41788.00,450,1881925
20221101,09:49:00,41789.35,600,1881925
20221101,09:49:02,41789.90,725,1881925
20221101,09:49:04,41793.90,2125,1881925
20221101,09:49:05,41789.45,225,1881925
20221101,09:49:07,41789.50,775,1881925
20221101,09:49:09,41785.00,600,1881925
20221101,09:49:10,41789.20,450,1881925
20221101,09:49:12,41785.20,675,1881925
20221101,09:49:14,41785.40,675,1881925
20221101,09:49:15,41787.45,500,1881925
20221101,09:49:17,41781.95,350,1881925
20221101,09:49:19,41787.95,125,1881925
20221101,09:49:20,41785.35,275,1881925
20221101,09:49:22,41794.30,675,1881925
20221101,09:49:24,41796.90,1475,1881925
20221101,09:49:25,41796.90,875,1881925
20221101,09:49:27,41785.30,925,1881925
20221101,09:49:29,41785.00,225,1881925
20221101,09:49:30,41785.30,225,1881925
20221101,09:49:32,41785.10,675,1881925
20221101,09:49:33,41785.45,550,1881925
20221101,09:49:35,41787.40,200,1881925
20221101,09:49:37,41788.15,125,1881925
20221101,09:49:38,41785.20,750,1881925
20221101,09:49:40,41792.20,1225,1881925
20221101,09:49:41,41790.00,150,1881925
20221101,09:49:43,41786.25,475,1881925
20221101,09:49:45,41786.05,300,1881925
20221101,09:49:46,41790.00,225,1881925
20221101,09:49:48,41788.35,600,1881925
20221101,09:49:49,41790.00,75,1881925
20221101,09:49:51,41790.20,225,1881925
20221101,09:49:53,41797.00,300,1881925
20221101,09:49:54,41798.00,250,1881925
20221101,09:49:56,41798.95,1325,1881925
20221101,09:49:57,41799.00,750,1881925
20221101,09:49:59,41792.35,925,1881925
20221101,09:50:01,41798.00,825,1881925
20221101,09:50:02,41799.00,325,1881925
20221101,09:50:04,41799.90,300,1881925
20221101,09:50:06,41799.90,175,1881925
20221101,09:50:07,41799.90,450,1881925
20221101,09:50:09,41800.00,2575,1881925
20221101,09:50:10,41800.00,450,1881925
20221101,09:50:12,41796.95,775,1881925
20221101,09:50:14,41798.00,800,1881925
20221101,09:50:15,41800.00,1975,1881925
20221101,09:50:17,41799.50,300,1881925
20221101,09:50:18,41807.15,3075,1881925
20221101,09:50:20,41797.20,450,1881925
20221101,09:50:22,41795.20,625,1881925
20221101,09:50:23,41787.40,750,1881925
20221101,09:50:25,41782.70,575,1881925
20221101,09:50:27,41784.00,600,1881925
20221101,09:50:28,41783.10,350,1901275
20221101,09:50:30,41783.25,175,1901275
20221101,09:50:32,41783.85,400,1901275
20221101,09:50:33,41787.00,550,1901275
20221101,09:50:35,41786.25,275,1901275
20221101,09:50:37,41785.65,1350,1901275
20221101,09:50:38,41787.05,375,1901275
20221101,09:50:40,41791.50,425,1901275
20221101,09:50:42,41791.50,300,1901275
20221101,09:50:43,41791.50,75,1901275
20221101,09:50:45,41791.00,1275,1901275
20221101,09:50:47,41785.00,100,1901275
20221101,09:50:48,41782.00,300,1901275
20221101,09:50:50,41791.95,675,1901275
20221101,09:50:52,41786.20,100,1901275
20221101,09:50:53,41786.80,150,1901275
20221101,09:50:55,41787.55,1125,1901275
20221101,09:50:57,41789.40,275,1901275
20221101,09:50:58,41795.00,325,1901275
20221101,09:51:00,41793.00,775,1901275
20221101,09:51:02,41794.00,575,1901275
20221101,09:51:03,41793.70,500,1901275
20221101,09:51:05,41793.70,175,1901275
20221101,09:51:07,41793.70,675,1901275
20221101,09:51:08,41795.55,225,1901275
20221101,09:51:10,41796.00,125,1901275
20221101,09:51:12,41790.20,75,1901275
20221101,09:51:13,41793.70,1500,1901275
20221101,09:51:15,41798.00,175,1901275
20221101,09:51:17,41798.00,100,1901275
20221101,09:51:18,41807.20,2825,1901275
20221101,09:51:20,41800.00,200,1901275
20221101,09:51:22,41808.15,350,1901275
20221101,09:51:23,41808.15,325,1901275
20221101,09:51:25,41802.90,475,1901275
20221101,09:51:27,41808.90,1150,1901275
20221101,09:51:28,41801.60,800,1901275
20221101,09:51:30,41802.85,275,1901275
20221101,09:51:32,41796.50,575,1901275
20221101,09:51:33,41800.20,650,1901275
20221101,09:51:35,41801.00,600,1901275
20221101,09:51:37,41805.00,150,1901275
20221101,09:51:38,41805.00,300,1901275
20221101,09:51:40,41808.95,525,1901275
20221101,09:51:42,41802.10,200,1901275
20221101,09:51:43,41804.95,375,1901275
20221101,09:51:45,41805.00,375,1901275
20221101,09:51:47,41802.10,150,1901275
20221101,09:51:48,41800.20,100,1901275
20221101,09:51:50,41805.00,200,1901275
20221101,09:51:51,41809.45,1975,1901275
20221101,09:51:53,41803.90,550,1901275
20221101,09:51:55,41795.00,75,1901275
20221101,09:51:56,41799.00,175,1901275
20221101,09:51:58,41797.90,1075,1901275
20221101,09:52:00,41793.30,325,1901275
20221101,09:52:01,41797.95,150,1901275
20221101,09:52:03,41795.20,275,1901275
20221101,09:52:05,41791.65,200,1901275
20221101,09:52:06,41791.65,325,1901275
20221101,09:52:08,41790.00,800,1901275
20221101,09:52:10,41780.00,175,1901275
20221101,09:52:11,41779.30,600,1901275
20221101,09:52:13,41779.50,200,1901275
20221101,09:52:15,41777.70,75,1901275
20221101,09:52:17,41788.75,350,1901275
20221101,09:52:18,41785.30,200,1901275
20221101,09:52:20,41785.20,250,1901275
20221101,09:52:22,41785.20,150,1901275
20221101,09:52:23,41785.20,175,1901275
20221101,09:52:25,41788.75,575,1901275
20221101,09:52:27,41786.40,800,1901275
20221101,09:52:28,41789.05,325,1901275
20221101,09:52:30,41795.75,425,1901275
20221101,09:52:32,41800.20,1000,1901275
20221101,09:52:33,41802.60,350,1901275
20221101,09:52:35,41809.95,475,1901275
20221101,09:52:37,41814.35,4075,1901275
20221101,09:52:38,41807.45,400,1901275
20221101,09:52:40,41815.00,275,1901275
20221101,09:52:42,41815.00,375,1901275
20221101,09:52:43,41815.00,425,1901275
20221101,09:52:45,41820.00,2525,1901275
20221101,09:52:47,41813.35,100,1901275
20221101,09:52:48,41815.00,850,1901275
20221101,09:52:50,41813.20,1275,1901275
20221101,09:52:51,41815.00,400,1901275
20221101,09:52:53,41815.00,675,1901275
20221101,09:52:55,41812.05,200,1901275
20221101,09:52:56,41810.95,225,1901275
20221101,09:52:58,41811.25,350,1901275
20221101,09:53:00,41815.00,225,1901275
20221101,09:53:01,41818.00,175,1901275
20221101,09:53:03,41820.00,275,1901275
20221101,09:53:05,41819.95,925,1901275
20221101,09:53:06,41821.00,750,1901275
20221101,09:53:08,41815.55,200,1901275
20221101,09:53:09,41810.00,675,1901275
20221101,09:53:11,41814.15,1050,1901275
20221101,09:53:13,41810.05,75,1901275
20221101,09:53:14,41808.50,75,1901275
20221101,09:53:16,41810.00,100,1901275
20221101,09:53:18,41807.05,375,1901275
20221101,09:53:19,41810.20,1550,1901275
20221101,09:53:21,41813.80,50,1901275
20221101,09:53:22,41815.00,200,1901275
20221101,09:53:24,41813.80,800,1901275
20221101,09:53:26,41811.20,375,1901275
20221101,09:53:27,41810.20,150,1901275
20221101,09:53:29,41810.00,250,1918950
20221101,09:53:31,41814.25,600,1918950
20221101,09:53:32,41812.45,275,1918950
20221101,09:53:34,41808.15,375,1918950
20221101,09:53:36,41810.15,950,1918950
20221101,09:53:37,41814.90,100,1918950
20221101,09:53:39,41814.40,50,1918950
20221101,09:53:41,41810.75,550,1918950
20221101,09:53:42,41805.20,1225,1918950
20221101,09:53:44,41808.05,275,1918950
20221101,09:53:46,41810.75,50,1918950
20221101,09:53:47,41809.05,325,1918950
20221101,09:53:49,41810.20,150,1918950
20221101,09:53:51,41810.20,150,1918950
20221101,09:53:52,41812.00,100,1918950
20221101,09:53:54,41812.05,500,1918950
20221101,09:53:55,41806.80,150,1918950
20221101,09:53:57,41812.05,125,1918950
20221101,09:53:59,41812.80,1300,1918950
20221101,09:54:00,41815.55,600,1918950
20221101,09:54:02,41814.50,1425,1918950
20221101,09:54:04,41817.20,1000,1918950
20221101,09:54:05,41815.10,2425,1918950
20221101,09:54:07,41814.50,500,1918950
20221101,09:54:09,41811.30,975,1918950
20221101,09:54:10,41807.00,775,1918950
20221101,09:54:12,41802.20,650,1918950
20221101,09:54:14,41804.00,475,1918950
20221101,09:54:15,41800.20,1150,1918950
20221101,09:54:17,41807.10,225,1918950
20221101,09:54:19,41800.10,125,1918950
20221101,09:54:20,41796.05,1000,1918950
20221101,09:54:22,41801.25,350,1918950
20221101,09:54:24,41801.20,200,1918950
20221101,09:54:25,41800.00,375,1918950
20221101,09:54:27,41802.85,500,1918950
20221101,09:54:29,41800.10,650,1918950
20221101,09:54:30,41805.00,725,1918950
20221101,09:54:32,41804.30,500,1918950
20221101,09:54:34,41806.65,375,1918950
20221101,09:54:35,41801.70,150,1918950
20221101,09:54:37,41810.20,375,1918950
20221101,09:54:39,41809.85,225,1918950
20221101,09:54:40,41814.00,100,1918950
20221101,09:54:42,41815.30,450,1918950
20221101,09:54:44,41811.80,350,1918950
20221101,09:54:45,41811.80,275,1918950
20221101,09:54:47,41817.15,150,1918950
20221101,09:54:49,41815.20,450,1918950
20221101,09:54:50,41815.20,500,1918950
20221101,09:54:52,41814.00,100,1918950
20221101,09:54:54,41815.20,525,1918950
20221101,09:54:55,41811.15,75,1918950
20221101,09:54:57,41814.75,150,1918950
20221101,09:54:59,41812.30,325,1918950
20221101,09:55:00,41812.95,350,1918950
20221101,09:55:02,41812.30,800,1918950
20221101,09:55:04,41815.30,300,1918950
20221101,09:55:05,41815.95,150,1918950
20221101,09:55:07,41810.80,275,1918950
20221101,09:55:09,41815.00,175,1918950
20221101,09:55:10,41815.85,375,1918950
20221101,09:55:12,41815.40,650,1918950
20221101,09:55:14,41819.35,150,1918950
20221101,09:55:15,41817.75,50,1918950
20221101,09:55:17,41815.25,1100,1918950
20221101,09:55:19,41816.05,375,1918950
20221101,09:55:20,41810.20,225,1918950
20221101,09:55:22,41805.90,400,1918950
20221101,09:55:23,41802.85,250,1918950
20221101,09:55:25,41800.00,50,1918950
20221101,09:55:27,41800.00,25,1918950
20221101,09:55:28,41800.00,100,1918950
20221101,09:55:30,41802.85,50,1918950
20221101,09:55:31,41805.90,625,1918950
20221101,09:55:33,41806.70,975,1918950
20221101,09:55:35,41800.20,75,1918950
20221101,09:55:36,41800.20,150,1918950
20221101,09:55:38,41799.95,325,1918950
20221101,09:55:39,41792.15,150,1918950
20221101,09:55:41,41788.90,1125,1918950
20221101,09:55:43,41795.30,150,1918950
20221101,09:55:44,41795.95,125,1918950
20221101,09:55:46,41795.30,75,1918950
20221101,09:55:47,41793.55,500,1918950
20221101,09:55:49,41796.65,25,1918950
20221101,09:55:51,41795.95,150,1918950
20221101,09:55:52,41792.40,300,1918950
20221101,09:55:54,41795.20,125,1918950
20221101,09:55:56,41797.65,175,1918950
20221101,09:55:57,41792.20,250,1918950
20221101,09:55:59,41796.65,150,1918950
20221101,09:56:01,41796.65,275,1918950
20221101,09:56:02,41796.65,575,1918950
20221101,09:56:04,41791.35,50,1918950
20221101,09:56:06,41790.10,25,1918950
20221101,09:56:07,41791.75,200,1918950
20221101,09:56:09,41791.40,75,1918950
20221101,09:56:11,41794.55,25,1918950
20221101,09:56:12,41794.55,25,1918950
20221101,09:56:14,41794.55,250,1918950
20221101,09:56:15,41795.20,100,1918950
20221101,09:56:17,41794.55,275,1918950
20221101,09:56:18,41791.35,350,1918950
20221101,09:56:20,41790.20,100,1918950
20221101,09:56:22,41796.40,125,1918950
20221101,09:56:23,41791.00,375,1918950
20221101,09:56:25,41782.35,550,1918950
20221101,09:56:27,41781.00,250,1918950
20221101,09:56:28,41777.95,1200,1931625
20221101,09:56:30,41781.00,150,1931625
20221101,09:56:31,41779.10,950,1931625
20221101,09:56:33,41780.30,500,1931625
20221101,09:56:35,41785.95,225,1931625
20221101,09:56:36,41783.50,250,1931625
20221101,09:56:38,41784.45,150,1931625
20221101,09:56:40,41790.00,275,1931625
20221101,09:56:41,41786.35,125,1931625
20221101,09:56:43,41788.00,125,1931625
20221101,09:56:45,41785.20,25,1931625
20221101,09:56:46,41785.00,125,1931625
20221101,09:56:48,41789.45,350,1931625
20221101,09:56:50,41789.15,375,1931625
20221101,09:56:51,41786.55,1025,1931625
20221101,09:56:53,41785.20,150,1931625
20221101,09:56:54,41783.05,275,1931625
20221101,09:56:56,41785.20,50,1931625
20221101,09:56:58,41786.40,25,1931625
20221101,09:56:59,41785.20,100,1931625
20221101,09:57:01,41787.30,125,1931625
20221101,09:57:02,41785.20,225,1931625
20221101,09:57:04,41780.30,750,1931625
20221101,09:57:06,41785.20,150,1931625
20221101,09:57:07,41783.00,50,1931625
20221101,09:57:09,41782.85,50,1931625
20221101,09:57:11,41785.00,50,1931625
20221101,09:57:12,41780.20,375,1931625
20221101,09:57:14,41784.05,350,1931625
20221101,09:57:16,41780.00,150,1931625
20221101,09:57:17,41781.15,25,1931625
20221101,09:57:19,41781.30,100,1931625
20221101,09:57:20,41781.20,25,1931625
20221101,09:57:22,41779.10,1200,1931625
20221101,09:57:24,41781.05,150,1931625
20221101,09:57:25,41780.70,225,1931625
20221101,09:57:27,41781.50,300,1931625
20221101,09:57:29,41782.30,500,1931625
20221101,09:57:30,41782.75,75,1931625
20221101,09:57:32,41783.65,100,1931625
20221101,09:57:34,41783.25,200,1931625
20221101,09:57:35,41782.75,150,1931625
20221101,09:57:37,41786.80,75,1931625
20221101,09:57:38,41784.40,375,1931625
20221101,09:57:40,41785.20,25,1931625
20221101,09:57:42,41788.00,175,1931625
20221101,09:57:43,41789.75,525,1931625
20221101,09:57:45,41787.75,350,1931625
20221101,09:57:47,41791.55,425,1931625
20221101,09:57:48,41786.90,375,1931625
20221101,09:57:50,41790.20,275,1931625
20221101,09:57:52,41787.15,400,1931625
20221101,09:57:53,41787.55,575,1931625
20221101,09:57:55,41794.90,450,1931625
20221101,09:57:57,41791.60,575,1931625
20221101,09:57:58,41790.20,250,1931625
20221101,09:58:00,41790.20,375,1931625
20221101,09:58:01,41785.35,350,1931625
20221101,09:58:03,41789.30,400,1931625
20221101,09:58:05,41793.50,575,1931625
20221101,09:58:06,41795.50,50,1931625
20221101,09:58:08,41796.00,500,1931625
20221101,09:58:10,41791.25,25,1931625
20221101,09:58:11,41790.20,225,1931625
20221101,09:58:13,41796.40,125,1931625
20221101,09:58:14,41790.00,175,1931625
20221101,09:58:18,41788.00,100,1931625
20221101,09:58:19,41785.00,50,1931625
20221101,09:58:21,41790.60,25,1931625
20221101,09:58:23,41789.45,100,1931625
20221101,09:58:24,41790.00,75,1931625
20221101,09:58:26,41790.00,250,1931625
20221101,09:58:27,41789.00,325,1931625
20221101,09:58:29,41789.05,25,1931625
20221101,09:58:31,41785.00,725,1931625
20221101,09:58:32,41789.40,325,1931625
20221101,09:58:34,41781.00,300,1931625
20221101,09:58:35,41787.45,50,1931625
20221101,09:58:37,41785.20,50,1931625
20221101,09:58:39,41790.95,250,1931625
20221101,09:58:40,41785.25,25,1931625
20221101,09:58:42,41785.60,100,1931625
20221101,09:58:44,41790.00,25,1931625
20221101,09:58:45,41790.60,50,1931625
20221101,09:58:47,41785.20,175,1931625
20221101,09:58:49,41787.95,50,1931625
20221101,09:58:50,41791.95,500,1931625
20221101,09:58:52,41788.85,225,1931625
20221101,09:58:54,41785.20,375,1931625
20221101,09:58:56,41785.20,125,1931625
20221101,09:58:57,41785.20,25,1931625
20221101,09:58:59,41785.20,50,1931625
20221101,09:59:00,41785.20,75,1931625
20221101,09:59:02,41786.00,300,1931625
20221101,09:59:04,41780.15,825,1931625
20221101,09:59:05,41784.35,300,1931625
20221101,09:59:07,41784.35,1025,1931625
20221101,09:59:09,41788.40,750,1931625
20221101,09:59:10,41782.10,1500,1931625
20221101,09:59:12,41777.25,500,1931625
20221101,09:59:14,41777.45,600,1931625
20221101,09:59:15,41776.15,550,1931625
20221101,09:59:17,41780.35,1075,1931625
20221101,09:59:18,41776.15,300,1931625
20221101,09:59:20,41780.35,525,1931625
20221101,09:59:22,41780.35,175,1931625
20221101,09:59:23,41776.15,75,1931625
20221101,09:59:27,41780.40,375,1931625
20221101,09:59:28,41777.20,150,1941925
20221101,09:59:30,41780.00,100,1941925
20221101,09:59:32,41782.65,600,1941925
20221101,09:59:33,41781.15,350,1941925
20221101,09:59:35,41777.80,450,1941925
20221101,09:59:37,41775.45,100,1941925
20221101,09:59:38,41775.45,50,1941925
20221101,09:59:40,41781.10,375,1941925
20221101,09:59:43,41782.00,300,1941925
20221101,09:59:45,41783.35,100,1941925
20221101,09:59:47,41776.55,225,1941925
20221101,09:59:48,41775.45,500,1941925
20221101,09:59:52,41775.00,100,1941925
20221101,09:59:53,41774.00,450,1941925
20221101,09:59:55,41775.10,100,1941925
20221101,09:59:57,41774.15,125,1941925
20221101,09:59:58,41776.80,1000,1941925
20221101,10:00:00,41778.75,575,1941925
20221101,10:00:02,41783.45,450,1941925
20221101,10:00:03,41785.90,575,1941925
20221101,10:00:05,41778.05,225,1941925
20221101,10:00:07,41780.45,25,1941925
20221101,10:00:08,41778.05,350,1941925
20221101,10:00:10,41778.15,450,1941925
20221101,10:00:12,41778.15,100,1941925
20221101,10:00:13,41772.30,475,1941925
20221101,10:00:15,41773.00,475,1941925
20221101,10:00:17,41767.40,725,1941925
20221101,10:00:18,41765.90,325,1941925
20221101,10:00:20,41765.30,75,1941925
20221101,10:00:22,41767.35,125,1941925
20221101,10:00:23,41766.15,25,1941925
20221101,10:00:25,41768.00,225,1941925
20221101,10:00:27,41773.40,125,1941925
20221101,10:00:28,41770.20,225,1941925
20221101,10:00:30,41770.20,100,1941925
20221101,10:00:32,41770.45,50,1941925
20221101,10:00:33,41770.60,200,1941925
20221101,10:00:35,41775.00,125,1941925
20221101,10:00:36,41770.20,150,1941925
20221101,10:00:38,41775.00,150,1941925
20221101,10:00:40,41776.00,275,1941925
20221101,10:00:41,41776.00,125,1941925
20221101,10:00:43,41775.30,25,1941925
20221101,10:00:45,41775.40,100,1941925
20221101,10:00:46,41775.20,100,1941925
20221101,10:00:48,41775.90,125,1941925
20221101,10:00:50,41774.75,300,1941925
20221101,10:00:51,41775.90,50,1941925
20221101,10:00:53,41772.85,25,1941925
20221101,10:00:54,41774.60,725,1941925
20221101,10:00:56,41775.05,300,1941925
20221101,10:00:59,41778.95,50,1941925
20221101,10:01:01,41783.15,200,1941925
20221101,10:01:03,41780.20,225,1941925
20221101,10:01:05,41784.00,175,1941925
20221101,10:01:06,41784.00,150,1941925
20221101,10:01:08,41785.35,475,1941925
20221101,10:01:09,41784.65,500,1941925
20221101,10:01:11,41784.95,75,1941925
20221101,10:01:13,41790.00,25,1941925
20221101,10:01:14,41789.00,375,1941925
20221101,10:01:16,41789.25,850,1941925
20221101,10:01:18,41789.50,625,1941925
20221101,10:01:19,41788.25,650,1941925
20221101,10:01:21,41794.55,25,1941925
20221101,10:01:22,41795.80,350,1941925
20221101,10:01:26,41795.30,75,1941925
20221101,10:01:27,41795.95,50,1941925
20221101,10:01:29,41795.55,50,1941925
20221101,10:01:30,41790.20,25,1941925
20221101,10:01:32,41795.00,175,1941925
20221101,10:01:34,41790.20,125,1941925
20221101,10:01:35,41796.25,150,1941925
20221101,10:01:37,41793.05,125,1941925
20221101,10:01:39,41797.00,325,1941925
20221101,10:01:40,41796.35,100,1941925
20221101,10:01:42,41800.00,200,1941925
20221101,10:01:44,41791.10,350,1941925
20221101,10:01:45,41800.00,175,1941925
20221101,10:01:47,41800.00,350,1941925
20221101,10:01:49,41800.00,575,1941925
20221101,10:01:50,41799.90,75,1941925
20221101,10:01:52,41800.00,275,1941925
20221101,10:01:53,41800.00,75,1941925
20221101,10:01:55,41800.00,125,1941925
20221101,10:01:57,41798.50,150,1941925
20221101,10:01:58,41798.50,25,1941925
20221101,10:02:00,41798.50,75,1941925
20221101,10:02:01,41796.95,75,1941925
20221101,10:02:03,41795.00,75,1941925
20221101,10:02:04,41799.95,150,1941925
20221101,10:02:06,41796.00,50,1941925
20221101,10:02:07,41792.00,125,1941925
20221101,10:02:09,41797.05,75,1941925
20221101,10:02:11,41796.35,25,1941925
20221101,10:02:12,41796.65,50,1941925
20221101,10:02:14,41795.00,25,1941925
20221101,10:02:16,41791.00,50,1941925
20221101,10:02:17,41795.20,150,1941925
20221101,10:02:19,41795.20,100,1941925
20221101,10:02:21,41795.20,175,1941925
20221101,10:02:22,41792.00,25,1941925
20221101,10:02:24,41792.35,150,1941925
20221101,10:02:26,41797.25,100,1941925
20221101,10:02:29,41795.00,75,1941925
20221101,10:02:30,41796.60,225,1947800
20221101,10:02:32,41794.55,175,1947800
20221101,10:02:34,41791.20,75,1947800
20221101,10:02:35,41793.75,50,1947800
20221101,10:02:37,41795.20,125,1947800
20221101,10:02:39,41799.95,250,1947800
20221101,10:02:40,41795.25,50,1947800
20221101,10:02:42,41795.30,50,1947800
20221101,10:02:43,41795.25,500,1947800
20221101,10:02:47,41799.90,25,1947800
20221101,10:02:48,41799.55,550,1947800
20221101,10:02:50,41795.30,250,1947800
20221101,10:02:51,41795.30,50,1947800
20221101,10:02:53,41795.25,75,1947800
20221101,10:02:55,41795.20,250,1947800
20221101,10:02:56,41799.45,50,1947800
20221101,10:02:58,41800.00,125,1947800
20221101,10:02:59,41801.25,625,1947800
20221101,10:03:01,41805.00,575,1947800
20221101,10:03:03,41804.10,275,1947800
20221101,10:03:04,41805.45,275,1947800
20221101,10:03:06,41807.30,725,1947800
20221101,10:03:08,41807.40,350,1947800
20221101,10:03:09,41808.60,325,1947800
20221101,10:03:11,41807.60,25,1947800
20221101,10:03:12,41808.65,350,1947800
20221101,10:03:14,41810.00,350,1947800
20221101,10:03:16,41805.20,75,1947800
20221101,10:03:17,41803.85,225,1947800
20221101,10:03:19,41801.00,75,1947800
20221101,10:03:21,41803.85,125,1947800
20221101,10:03:22,41799.35,625,1947800
20221101,10:03:24,41800.00,50,1947800
20221101,10:03:26,41799.00,225,1947800
20221101,10:03:27,41799.50,125,1947800
20221101,10:03:31,41803.70,25,1947800
20221101,10:03:34,41805.00,125,1947800
20221101,10:03:36,41804.90,100,1947800
20221101,10:03:37,41805.20,275,1947800
20221101,10:03:39,41802.40,300,1947800
20221101,10:03:41,41805.35,75,1947800
20221101,10:03:42,41802.70,25,1947800
20221101,10:03:44,41805.00,50,1947800
20221101,10:03:46,41805.20,450,1947800
20221101,10:03:47,41805.00,225,1947800
20221101,10:03:49,41803.20,50,1947800
20221101,10:03:51,41805.00,125,1947800
20221101,10:03:52,41808.60,125,1947800
20221101,10:03:54,41805.20,25,1947800
20221101,10:03:56,41810.00,50,1947800
20221101,10:03:57,41810.00,325,1947800
20221101,10:03:59,41812.00,75,1947800
20221101,10:04:00,41825.05,4450,1947800
20221101,10:04:02,41824.45,175,1947800
20221101,10:04:04,41825.10,1225,1947800
20221101,10:04:05,41820.80,75,1947800
20221101,10:04:07,41821.05,450,1947800
20221101,10:04:09,41820.55,525,1947800
20221101,10:04:10,41820.25,200,1947800
20221101,10:04:14,41821.95,100,1947800
20221101,10:04:15,41820.00,250,1947800
20221101,10:04:17,41820.20,50,1947800
20221101,10:04:18,41820.20,275,1947800
20221101,10:04:20,41823.05,325,1947800
20221101,10:04:22,41823.55,325,1947800
20221101,10:04:23,41820.20,200,1947800
20221101,10:04:25,41822.95,100,1947800
20221101,10:04:27,41816.20,25,1947800
20221101,10:04:28,41823.85,125,1947800
20221101,10:04:30,41820.20,75,1947800
20221101,10:04:32,41821.10,525,1947800
20221101,10:04:33,41820.00,725,1947800
20221101,10:04:35,41814.35,225,1947800
20221101,10:04:37,41815.60,575,1947800
20221101,10:04:38,41814.75,25,1947800
20221101,10:04:40,41819.50,900,1947800
20221101,10:04:41,41812.00,175,1947800
20221101,10:04:43,41813.95,175,1947800
20221101,10:04:45,41814.40,150,1947800
20221101,10:04:46,41817.85,125,1947800
20221101,10:04:48,41817.70,125,1947800
20221101,10:04:50,41814.40,75,1947800
20221101,10:04:51,41813.20,350,1947800
20221101,10:04:53,41807.55,175,1947800
20221101,10:04:56,41809.00,25,1947800
20221101,10:04:58,41809.00,25,1947800
20221101,10:04:59,41809.00,75,1947800
20221101,10:05:01,41810.00,50,1947800
20221101,10:05:03,41812.45,175,1947800
20221101,10:05:04,41810.00,225,1947800
20221101,10:05:06,41805.00,825,1947800
20221101,10:05:08,41805.90,175,1947800
20221101,10:05:09,41805.90,50,1947800
20221101,10:05:11,41806.30,625,1947800
20221101,10:05:12,41809.20,100,1947800
20221101,10:05:14,41806.50,150,1947800
20221101,10:05:16,41806.50,50,1947800
20221101,10:05:19,41809.00,50,1947800
20221101,10:05:20,41810.00,150,1947800
20221101,10:05:22,41815.00,75,1947800
20221101,10:05:23,41810.25,375,1947800
20221101,10:05:25,41815.00,150,1947800
20221101,10:05:27,41810.05,100,1947800
20221101,10:05:28,41814.65,50,1947800
20221101,10:05:30,41814.95,75,1959375
20221101,10:05:31,41811.25,625,1959375
20221101,10:05:33,41810.05,350,1959375
20221101,10:05:34,41805.00,75,1959375
20221101,10:05:36,41805.00,50,1959375
20221101,10:05:38,41803.55,50,1959375
20221101,10:05:39,41805.00,175,1959375
20221101,10:05:41,41800.00,125,1959375
20221101,10:05:42,41805.35,200,1959375
20221101,10:05:44,41800.85,150,1959375
20221101,10:05:46,41800.90,150,1959375
20221101,10:05:47,41801.05,175,1959375
20221101,10:05:52,41802.85,100,1959375
20221101,10:05:53,41801.05,175,1959375
20221101,10:05:55,41802.30,225,1959375
20221101,10:05:56,41806.00,200,1959375
20221101,10:05:59,41801.05,50,1959375
20221101,10:06:01,41808.30,325,1959375
20221101,10:06:02,41804.50,300,1959375
20221101,10:06:04,41809.40,175,1959375
20221101,10:06:07,41804.50,50,1959375
20221101,10:06:09,41808.10,150,1959375
20221101,10:06:10,41804.50,150,1959375
20221101,10:06:13,41800.00,75,1959375
20221101,10:06:15,41807.40,100,1959375
20221101,10:06:16,41807.60,325,1959375
20221101,10:06:18,41805.85,50,1959375
20221101,10:06:20,41801.60,100,1959375
20221101,10:06:21,41800.00,125,1959375
20221101,10:06:23,41802.90,175,1959375
20221101,10:06:24,41802.00,50,1959375
20221101,10:06:26,41802.00,125,1959375
20221101,10:06:28,41799.00,125,1959375
20221101,10:06:29,41799.00,225,1959375
20221101,10:06:31,41799.05,25,1959375
20221101,10:06:33,41801.25,75,1959375
20221101,10:06:34,41799.00,350,1959375
20221101,10:06:36,41799.00,225,1959375
20221101,10:06:41,41800.00,425,1959375
20221101,10:06:47,41795.75,25,1959375
20221101,10:06:49,41795.75,25,1959375
20221101,10:06:50,41795.05,175,1959375
20221101,10:06:52,41793.90,50,1959375
20221101,10:06:53,41799.00,100,1959375
20221101,10:06:55,41795.05,100,1959375
20221101,10:06:57,41793.70,50,1959375
20221101,10:07:00,41800.00,275,1959375
20221101,10:07:01,41797.60,150,1959375
20221101,10:07:03,41799.85,375,1959375
20221101,10:07:05,41793.90,125,1959375
20221101,10:07:06,41792.05,25,1959375
20221101,10:07:08,41792.00,50,1959375
20221101,10:07:10,41796.05,275,1959375
20221101,10:07:11,41790.05,75,1959375
20221101,10:07:13,41790.00,125,1959375
20221101,10:07:14,41790.00,150,1959375
20221101,10:07:16,41789.00,125,1959375
20221101,10:07:17,41789.00,150,1959375
20221101,10:07:19,41790.00,300,1959375
20221101,10:07:21,41786.00,200,1959375
20221101,10:07:24,41785.00,75,1959375
20221101,10:07:26,41789.00,50,1959375
20221101,10:07:27,41789.00,300,1959375
20221101,10:07:29,41785.35,50,1959375
20221101,10:07:30,41785.15,25,1959375
20221101,10:07:34,41785.05,50,1959375
20221101,10:07:35,41789.00,75,1959375
20221101,10:07:37,41786.15,50,1959375
20221101,10:07:39,41789.15,575,1959375
20221101,10:07:40,41789.75,250,1959375
20221101,10:07:42,41789.15,50,1959375
20221101,10:07:44,41786.00,75,1959375
20221101,10:07:45,41789.00,75,1959375
20221101,10:07:47,41790.65,175,1959375
20221101,10:07:49,41785.15,50,1959375
20221101,10:07:50,41790.00,250,1959375
20221101,10:07:52,41784.45,25,1959375
20221101,10:07:53,41790.00,25,1959375
20221101,10:07:55,41785.15,150,1959375
20221101,10:07:56,41787.00,50,1959375
20221101,10:07:58,41784.15,75,1959375
20221101,10:07:59,41784.00,250,1959375
20221101,10:08:01,41788.05,450,1959375
20221101,10:08:03,41787.00,25,1959375
20221101,10:08:04,41784.00,100,1959375
20221101,10:08:07,41778.00,900,1959375
20221101,10:08:09,41776.30,225,1959375
20221101,10:08:11,41777.00,450,1959375
20221101,10:08:12,41779.45,125,1959375
20221101,10:08:14,41773.00,150,1959375
20221101,10:08:16,41775.20,300,1959375
20221101,10:08:17,41775.80,25,1959375
20221101,10:08:19,41777.80,325,1959375
20221101,10:08:21,41772.60,175,1959375
20221101,10:08:22,41772.20,100,1959375
20221101,10:08:24,41776.35,25,1959375
20221101,10:08:26,41775.85,11500,1959375
20221101,10:08:27,41776.25,4200,1959375
20221101,10:08:29,41773.05,100,1959375
20221101,10:08:31,41780.85,150,1959375
20221101,10:08:32,41772.45,125,1973875
20221101,10:08:34,41776.65,125,1973875
20221101,10:08:35,41778.00,400,1973875
20221101,10:08:37,41773.00,100,1973875
20221101,10:08:39,41771.80,700,1973875
20221101,10:08:40,41770.90,400,1973875
20221101,10:08:42,41776.35,125,1973875
20221101,10:08:44,41772.00,50,1973875
20221101,10:08:45,41771.00,25,1973875
20221101,10:08:47,41770.00,25,1973875
20221101,10:08:49,41768.35,150,1973875
20221101,10:08:50,41772.70,100,1973875
20221101,10:08:52,41770.45,100,1973875
20221101,10:08:53,41771.75,300,1973875
20221101,10:08:55,41769.00,150,1973875
20221101,10:08:57,41771.00,225,1973875
20221101,10:08:58,41775.20,150,1973875
20221101,10:09:00,41773.15,375,1973875
20221101,10:09:02,41778.00,300,1973875
20221101,10:09:03,41777.35,850,1973875
20221101,10:09:05,41780.30,150,1973875
20221101,10:09:06,41780.00,125,1973875
20221101,10:09:08,41779.85,200,1973875
20221101,10:09:10,41778.05,75,1973875
20221101,10:09:11,41780.95,225,1973875
20221101,10:09:13,41779.75,500,1973875
20221101,10:09:14,41776.00,200,1973875
20221101,10:09:16,41776.00,175,1973875
20221101,10:09:18,41770.45,100,1973875
20221101,10:09:19,41770.05,650,1973875
20221101,10:09:21,41766.85,150,1973875
20221101,10:09:22,41772.35,100,1973875
20221101,10:09:24,41762.15,3500,1973875
20221101,10:09:26,41766.30,275,1973875
20221101,10:09:27,41772.30,275,1973875
20221101,10:09:29,41774.60,350,1973875
20221101,10:09:31,41770.15,300,1973875
20221101,10:09:32,41769.15,600,1973875
20221101,10:09:35,41773.35,175,1973875
20221101,10:09:37,41773.00,350,1973875
20221101,10:09:38,41773.00,25,1973875
20221101,10:09:40,41771.15,850,1973875
20221101,10:09:42,41771.35,225,1973875
20221101,10:09:43,41774.80,225,1973875
20221101,10:09:45,41778.00,800,1973875
20221101,10:09:47,41777.65,75,1973875
20221101,10:09:48,41784.80,200,1973875
20221101,10:09:50,41782.30,250,1973875
20221101,10:09:52,41786.20,125,1973875
20221101,10:09:53,41786.75,1025,1973875
20221101,10:09:55,41790.30,475,1973875
20221101,10:09:57,41785.90,50,1973875
20221101,10:09:58,41790.00,75,1973875
20221101,10:10:00,41778.25,250,1973875
20221101,10:10:01,41789.55,200,1973875
20221101,10:10:03,41791.55,100,1973875
20221101,10:10:05,41783.20,225,1973875
20221101,10:10:06,41780.30,100,1973875
20221101,10:10:08,41786.15,100,1973875
20221101,10:10:10,41786.45,50,1973875
20221101,10:10:11,41783.00,125,1973875
20221101,10:10:13,41780.00,575,1973875
20221101,10:10:14,41777.85,350,1973875
20221101,10:10:16,41778.50,50,1973875
20221101,10:10:17,41785.00,75,1973875
20221101,10:10:19,41784.70,25,1973875
20221101,10:10:21,41784.40,25,1973875
20221101,10:10:22,41782.90,300,1973875
20221101,10:10:24,41782.70,50,1973875
20221101,10:10:26,41778.40,25,1973875
20221101,10:10:27,41777.15,50,1973875
20221101,10:10:30,41782.90,25,1973875
20221101,10:10:32,41777.50,200,1973875
20221101,10:10:34,41772.55,250,1973875
20221101,10:10:35,41776.75,50,1973875
20221101,10:10:37,41773.35,50,1973875
20221101,10:10:39,41778.55,25,1973875
20221101,10:10:42,41775.90,50,1973875
20221101,10:10:43,41776.00,50,1973875
20221101,10:10:45,41778.00,25,1973875
20221101,10:10:48,41778.25,125,1973875
20221101,10:10:50,41782.35,100,1973875
20221101,10:10:51,41785.00,50,1973875
20221101,10:10:53,41781.60,75,1973875
20221101,10:10:56,41781.60,50,1973875
20221101,10:10:58,41780.00,200,1973875
20221101,10:11:01,41775.35,125,1973875
20221101,10:11:03,41775.00,375,1973875
20221101,10:11:05,41775.00,150,1973875
20221101,10:11:06,41775.00,125,1973875
20221101,10:11:08,41773.20,325,1973875
20221101,10:11:09,41775.00,25,1973875
20221101,10:11:11,41775.00,25,1973875
20221101,10:11:13,41775.00,75,1973875
20221101,10:11:14,41771.00,125,1973875
20221101,10:11:16,41774.75,125,1973875
20221101,10:11:17,41771.00,25,1973875
20221101,10:11:19,41771.35,75,1973875
20221101,10:11:21,41770.90,50,1973875
20221101,10:11:22,41770.00,150,1973875
20221101,10:11:26,41773.90,100,1973875
20221101,10:11:27,41766.35,275,1973875
20221101,10:11:30,41770.70,175,1978050
20221101,10:11:34,41770.00,50,1978050
20221101,10:11:35,41773.15,575,1978050
20221101,10:11:39,41770.00,25,1978050
20221101,10:11:40,41767.20,350,1978050
20221101,10:11:42,41773.45,25,1978050
20221101,10:11:43,41770.00,50,1978050
20221101,10:11:45,41776.70,100,1978050
20221101,10:11:47,41776.85,125,1978050
20221101,10:11:48,41775.65,200,1978050
20221101,10:11:50,41779.25,525,1978050
20221101,10:11:52,41775.60,75,1978050
20221101,10:11:53,41777.95,50,1978050
20221101,10:11:55,41778.50,125,1978050
20221101,10:11:58,41777.00,25,1978050
20221101,10:12:00,41775.00,25,1978050
20221101,10:12:02,41773.25,75,1978050
20221101,10:12:03,41773.25,50,1978050
20221101,10:12:05,41779.05,25,1978050
20221101,10:12:06,41780.00,375,1978050
20221101,10:12:08,41780.00,75,1978050
20221101,10:12:11,41780.00,25,1978050
20221101,10:12:13,41780.00,25,1978050
20221101,10:12:15,41780.00,25,1978050
20221101,10:12:16,41778.55,525,1978050
20221101,10:12:21,41773.55,50,1978050
20221101,10:12:23,41778.90,75,1978050
20221101,10:12:24,41778.40,25,1978050
20221101,10:12:26,41773.15,25,1978050
20221101,10:12:29,41778.55,25,1978050
20221101,10:12:31,41772.15,100,1978050
20221101,10:12:33,41776.10,25,1978050
20221101,10:12:34,41769.35,250,1978050
20221101,10:12:36,41770.00,425,1978050
20221101,10:12:38,41769.40,125,1978050
20221101,10:12:39,41776.45,50,1978050
20221101,10:12:41,41779.90,175,1978050
20221101,10:12:43,41778.45,25,1978050
20221101,10:12:44,41779.50,125,1978050
20221101,10:12:46,41780.00,50,1978050
20221101,10:12:47,41778.35,25,1978050
20221101,10:12:49,41780.00,25,1978050
20221101,10:12:51,41780.00,325,1978050
20221101,10:12:56,41770.90,400,1978050
20221101,10:12:57,41776.55,75,1978050
20221101,10:12:59,41778.80,25,1978050
20221101,10:13:01,41773.45,400,1978050
20221101,10:13:02,41773.35,50,1978050
20221101,10:13:04,41772.95,75,1978050
20221101,10:13:07,41777.40,50,1978050
20221101,10:13:09,41778.10,250,1978050
20221101,10:13:11,41772.20,25,1978050
20221101,10:13:12,41775.00,50,1978050
20221101,10:13:14,41779.35,50,1978050
20221101,10:13:16,41773.35,50,1978050
20221101,10:13:17,41779.80,25,1978050
20221101,10:13:19,41779.35,25,1978050
20221101,10:13:22,41774.05,100,1978050
20221101,10:13:27,41779.25,200,1978050
20221101,10:13:29,41779.35,25,1978050
20221101,10:13:30,41774.45,75,1978050
20221101,10:13:32,41779.25,25,1978050
20221101,10:13:34,41772.65,25,1978050
20221101,10:13:35,41775.95,25,1978050
20221101,10:13:38,41772.00,50,1978050
20221101,10:13:40,41776.00,75,1978050
20221101,10:13:42,41779.00,50,1978050
20221101,10:13:43,41774.45,50,1978050
20221101,10:13:45,41778.65,25,1978050
20221101,10:13:47,41774.45,50,1978050
20221101,10:13:48,41772.00,50,1978050
20221101,10:13:50,41772.05,50,1978050
20221101,10:13:52,41774.25,75,1978050
20221101,10:13:53,41770.55,900,1978050
20221101,10:13:55,41767.80,175,1978050
20221101,10:13:57,41771.45,125,1978050
20221101,10:13:58,41769.45,25,1978050
20221101,10:14:01,41767.85,100,1978050
20221101,10:14:03,41772.80,225,1978050
20221101,10:14:05,41773.80,875,1978050
20221101,10:14:07,41772.20,900,1978050
20221101,10:14:08,41776.80,175,1978050
20221101,10:14:10,41774.75,175,1978050
20221101,10:14:12,41776.80,200,1978050
20221101,10:14:13,41778.55,275,1978050
20221101,10:14:15,41778.25,100,1978050
20221101,10:14:17,41782.25,175,1978050
20221101,10:14:18,41776.80,50,1978050
20221101,10:14:20,41776.80,150,1978050
20221101,10:14:22,41776.80,75,1978050
20221101,10:14:23,41778.65,25,1978050
20221101,10:14:25,41780.00,25,1978050
20221101,10:14:26,41780.00,25,1978050
20221101,10:14:28,41777.20,75,1978050
20221101,10:14:30,41780.00,25,1978050
20221101,10:14:33,41781.40,125,1978475
20221101,10:14:36,41786.00,75,1978475
20221101,10:14:38,41785.60,50,1978475
20221101,10:14:39,41786.00,50,1978475
20221101,10:14:43,41785.00,150,1978475
20221101,10:14:44,41785.00,125,1978475
20221101,10:14:46,41786.00,625,1978475
20221101,10:14:47,41785.95,50,1978475
20221101,10:14:49,41786.00,50,1978475
20221101,10:14:51,41785.50,25,1978475
20221101,10:14:52,41787.00,25,1978475
20221101,10:14:54,41790.00,150,1978475
20221101,10:14:56,41787.10,50,1978475
20221101,10:14:57,41787.05,50,1978475
20221101,10:14:59,41790.00,125,1978475
20221101,10:15:00,41787.05,50,1978475
20221101,10:15:02,41791.55,475,1978475
20221101,10:15:04,41791.30,400,1978475
20221101,10:15:05,41787.00,875,1978475
20221101,10:15:07,41780.10,150,1978475
20221101,10:15:09,41786.65,50,1978475
20221101,10:15:10,41785.00,25,1978475
20221101,10:15:12,41782.45,225,1978475
20221101,10:15:14,41788.25,25,1978475
20221101,10:15:15,41791.00,50,1978475
20221101,10:15:17,41792.85,50,1978475
20221101,10:15:20,41791.00,1100,1978475
20221101,10:15:22,41791.00,100,1978475
20221101,10:15:23,41791.00,75,1978475
20221101,10:15:25,41795.00,150,1978475
20221101,10:15:26,41795.05,250,1978475
20221101,10:15:28,41795.05,250,1978475
20221101,10:15:30,41796.85,250,1978475
20221101,10:15:31,41786.50,1100,1978475
20221101,10:15:33,41797.60,625,1978475
20221101,10:15:35,41786.05,650,1978475
20221101,10:15:36,41786.40,225,1978475
20221101,10:15:38,41792.85,1150,1978475
20221101,10:15:40,41788.95,100,1978475
20221101,10:15:41,41779.00,1675,1978475
20221101,10:15:43,41781.20,50,1978475
20221101,10:15:45,41784.05,600,1978475
20221101,10:15:46,41780.55,25,1978475
20221101,10:15:48,41781.00,975,1978475
20221101,10:15:51,41783.30,250,1978475
20221101,10:15:53,41777.65,50,1978475
20221101,10:15:55,41778.65,50,1978475
20221101,10:15:56,41782.90,100,1978475
20221101,10:16:00,41780.95,25,1978475
20221101,10:16:01,41780.00,650,1978475
20221101,10:16:03,41785.00,375,1978475
20221101,10:16:04,41779.80,375,1978475
20221101,10:16:06,41780.50,775,1978475
20221101,10:16:08,41777.00,400,1978475
20221101,10:16:09,41779.45,550,1978475
20221101,10:16:11,41780.45,25,1978475
20221101,10:16:12,41781.65,75,1978475
20221101,10:16:14,41780.05,50,1978475
20221101,10:16:17,41777.75,925,1978475
20221101,10:16:19,41781.15,125,1978475
20221101,10:16:21,41781.00,550,1978475
20221101,10:16:22,41781.90,75,1978475
20221101,10:16:24,41786.60,525,1978475
20221101,10:16:27,41785.00,200,1978475
20221101,10:16:29,41785.00,100,1978475
20221101,10:16:31,41785.00,225,1978475
20221101,10:16:32,41781.90,25,1978475
20221101,10:16:35,41777.50,550,1978475
20221101,10:16:37,41777.70,75,1978475
20221101,10:16:39,41784.05,500,1978475
20221101,10:16:40,41780.00,100,1978475
20221101,10:16:42,41780.00,50,1978475
20221101,10:16:43,41775.00,1100,1978475
20221101,10:16:47,41779.20,875,1978475
20221101,10:16:48,41779.35,550,1978475
20221101,10:16:50,41772.25,200,1978475
20221101,10:16:53,41775.15,25,1978475
20221101,10:16:55,41774.05,100,1978475
20221101,10:16:56,41773.80,50,1978475
20221101,10:16:58,41773.20,225,1978475
20221101,10:17:01,41777.15,200,1978475
20221101,10:17:03,41771.55,25,1978475
20221101,10:17:06,41771.10,50,1978475
20221101,10:17:08,41771.00,75,1978475
20221101,10:17:10,41771.00,50,1978475
20221101,10:17:11,41771.10,75,1978475
20221101,10:17:13,41772.00,100,1978475
20221101,10:17:16,41771.00,100,1978475
20221101,10:17:19,41772.00,25,1978475
20221101,10:17:20,41771.00,25,1978475
20221101,10:17:22,41771.00,100,1978475
20221101,10:17:24,41771.20,50,1978475
20221101,10:17:27,41771.00,225,1978475
20221101,10:17:28,41771.05,150,1978475
20221101,10:17:30,41772.35,475,1978475
20221101,10:17:33,41775.15,125,1982425
20221101,10:17:35,41776.95,25,1982425
20221101,10:17:38,41775.00,50,1982425
20221101,10:17:40,41777.75,100,1982425
20221101,10:17:43,41776.05,550,1982425
20221101,10:17:46,41777.45,25,1982425
20221101,10:17:53,41775.00,50,1982425
20221101,10:17:54,41774.90,200,1982425
20221101,10:17:56,41774.80,50,1982425
20221101,10:17:58,41771.05,25,1982425
20221101,10:17:59,41773.05,25,1982425
20221101,10:18:01,41771.00,100,1982425
20221101,10:18:02,41771.00,500,1982425
20221101,10:18:04,41771.00,500,1982425
20221101,10:18:06,41770.00,75,1982425
20221101,10:18:07,41767.00,125,1982425
20221101,10:18:09,41767.00,275,1982425
20221101,10:18:10,41768.00,75,1982425
20221101,10:18:12,41767.00,25,1982425
20221101,10:18:14,41769.35,25,1982425
20221101,10:18:15,41767.00,75,1982425
20221101,10:18:17,41761.05,800,1982425
20221101,10:18:18,41764.00,375,1982425
20221101,10:18:20,41756.00,2100,1982425
20221101,10:18:22,41756.65,1500,1982425
20221101,10:18:23,41751.00,1350,1982425
20221101,10:18:25,41755.30,375,1982425
20221101,10:18:27,41755.00,125,1982425
20221101,10:18:28,41755.00,125,1982425
20221101,10:18:30,41754.35,500,1982425
20221101,10:18:32,41756.35,125,1982425
20221101,10:18:33,41759.95,75,1982425
20221101,10:18:35,41756.35,125,1982425
20221101,10:18:37,41760.00,25,1982425
20221101,10:18:38,41765.90,400,1982425
20221101,10:18:40,41765.35,25,1982425
20221101,10:18:42,41760.45,25,1982425
20221101,10:18:43,41765.50,50,1982425
20221101,10:18:45,41766.00,25,1982425
20221101,10:18:46,41765.95,25,1982425
20221101,10:18:48,41761.50,25,1982425
20221101,10:18:49,41763.80,250,1982425
20221101,10:18:51,41765.00,200,1982425
20221101,10:18:53,41762.75,325,1982425
20221101,10:18:54,41762.40,350,1982425
20221101,10:18:56,41760.00,375,1982425
20221101,10:18:57,41763.40,75,1982425
20221101,10:18:59,41757.00,225,1982425
20221101,10:19:01,41757.90,125,1982425
20221101,10:19:02,41765.00,150,1982425
20221101,10:19:04,41765.45,675,1982425
20221101,10:19:05,41769.35,675,1982425
20221101,10:19:07,41769.35,225,1982425
20221101,10:19:10,41766.30,100,1982425
20221101,10:19:13,41763.45,75,1982425
20221101,10:19:15,41762.05,75,1982425
20221101,10:19:16,41761.20,100,1982425
20221101,10:19:18,41761.20,100,1982425
20221101,10:19:19,41758.00,100,1982425
20221101,10:19:21,41761.20,25,1982425
20221101,10:19:23,41760.00,125,1982425
20221101,10:19:24,41760.00,425,1982425
20221101,10:19:26,41764.90,125,1982425
20221101,10:19:27,41764.35,350,1982425
20221101,10:19:29,41760.00,25,1982425
20221101,10:19:31,41762.75,50,1982425
20221101,10:19:34,41763.65,50,1982425
20221101,10:19:35,41760.00,550,1982425
20221101,10:19:37,41760.05,175,1982425
20221101,10:19:39,41761.25,25,1982425
20221101,10:19:40,41760.00,25,1982425
20221101,10:19:41,41760.20,25,1982425
20221101,10:19:43,41760.00,75,1982425
20221101,10:19:46,41760.00,25,1982425
20221101,10:19:47,41760.10,125,1982425
20221101,10:19:49,41759.20,25,1982425
20221101,10:19:50,41760.00,150,1982425
20221101,10:19:52,41760.00,25,1982425
20221101,10:19:53,41760.00,25,1982425
20221101,10:19:55,41760.00,25,1982425
20221101,10:19:56,41757.20,225,1982425
20221101,10:19:58,41755.80,200,1982425
20221101,10:19:59,41757.40,25,1982425
20221101,10:20:01,41755.80,75,1982425
20221101,10:20:02,41760.00,800,1982425
20221101,10:20:04,41758.25,525,1982425
20221101,10:20:06,41757.50,250,1982425
20221101,10:20:07,41759.75,475,1982425
20221101,10:20:09,41759.75,500,1982425
20221101,10:20:12,41756.60,625,1982425
20221101,10:20:16,41758.05,550,1982425
20221101,10:20:19,41755.30,25,1982425
20221101,10:20:21,41759.75,25,1982425
20221101,10:20:24,41755.30,75,1982425
20221101,10:20:25,41758.70,250,1982425
20221101,10:20:27,41753.40,75,1982425
20221101,10:20:28,41751.00,150,1982425
20221101,10:20:30,41756.30,75,1982425
20221101,10:20:32,41756.00,175,1982425
20221101,10:20:33,41756.10,150,1980825
20221101,10:20:35,41751.55,25,1980825
20221101,10:20:38,41751.40,300,1980825
20221101,10:20:39,41756.00,50,1980825
20221101,10:20:41,41757.35,175,1980825
20221101,10:20:42,41759.00,50,1980825
20221101,10:20:44,41758.25,100,1980825
20221101,10:20:45,41758.35,375,1980825
20221101,10:20:48,41759.75,25,1980825
20221101,10:20:50,41760.05,275,1980825
20221101,10:20:52,41763.00,200,1980825
20221101,10:20:53,41768.80,325,1980825
20221101,10:20:55,41767.20,150,1980825
20221101,10:20:56,41765.30,275,1980825
20221101,10:20:58,41770.00,200,1980825
20221101,10:21:00,41773.95,125,1980825
20221101,10:21:01,41772.90,425,1980825
20221101,10:21:03,41777.75,125,1980825
20221101,10:21:04,41775.70,125,1980825
20221101,10:21:06,41770.95,50,1980825
20221101,10:21:07,41770.95,150,1980825
20221101,10:21:09,41769.40,125,1980825
20221101,10:21:10,41768.80,25,1980825
20221101,10:21:12,41770.00,75,1980825
20221101,10:21:13,41770.90,50,1980825
20221101,10:21:15,41765.45,50,1980825
20221101,10:21:16,41769.90,50,1980825
20221101,10:21:18,41765.30,100,1980825
20221101,10:21:19,41770.95,75,1980825
20221101,10:21:24,41770.45,275,1980825
20221101,10:21:26,41776.00,25,1980825
20221101,10:21:27,41773.10,125,1980825
20221101,10:21:31,41765.00,75,1980825
20221101,10:21:32,41769.75,25,1980825
20221101,10:21:34,41765.00,25,1980825
20221101,10:21:35,41768.45,25,1980825
20221101,10:21:37,41768.20,25,1980825
20221101,10:21:39,41770.65,100,1980825
20221101,10:21:40,41770.85,50,1980825
20221101,10:21:45,41772.00,25,1980825
20221101,10:21:47,41768.55,25,1980825
20221101,10:21:49,41770.20,25,1980825
20221101,10:21:50,41769.15,125,1980825
20221101,10:21:52,41773.00,50,1980825
20221101,10:21:53,41774.00,25,1980825
20221101,10:21:58,41775.00,50,1980825
20221101,10:22:00,41779.80,125,1980825
20221101,10:22:03,41775.10,100,1980825
20221101,10:22:06,41780.00,125,1980825
20221101,10:22:08,41782.85,725,1980825
20221101,10:22:11,41780.00,100,1980825
20221101,10:22:14,41783.95,325,1980825
20221101,10:22:16,41785.00,150,1980825
20221101,10:22:17,41783.00,375,1980825
20221101,10:22:19,41783.80,100,1980825
20221101,10:22:21,41776.05,50,1980825
20221101,10:22:24,41780.00,50,1980825
20221101,10:22:27,41779.15,125,1980825
20221101,10:22:29,41780.00,25,1980825
20221101,10:22:30,41775.00,25,1980825
20221101,10:22:32,41769.90,150,1980825
20221101,10:22:33,41770.15,25,1980825
20221101,10:22:35,41768.20,25,1980825
20221101,10:22:36,41768.20,25,1980825
20221101,10:22:38,41768.20,100,1980825
20221101,10:22:39,41768.20,50,1980825
20221101,10:22:43,41766.05,200,1980825
20221101,10:22:44,41770.20,125,1980825
20221101,10:22:46,41765.05,50,1980825
20221101,10:22:48,41764.45,100,1980825
20221101,10:22:51,41761.00,75,1980825
20221101,10:22:52,41756.25,675,1980825
20221101,10:22:54,41760.45,50,1980825
20221101,10:22:56,41758.10,50,1980825
20221101,10:22:57,41760.00,50,1980825
20221101,10:22:59,41757.55,75,1980825
20221101,10:23:02,41756.65,200,1980825
20221101,10:23:04,41760.00,125,1980825
20221101,10:23:05,41760.00,150,1980825
20221101,10:23:07,41760.95,800,1980825
20221101,10:23:09,41755.00,125,1980825
20221101,10:23:10,41755.00,75,1980825
20221101,10:23:12,41752.10,50,1980825
20221101,10:23:14,41752.00,75,1980825
20221101,10:23:15,41752.00,100,1980825
20221101,10:23:17,41755.80,100,1980825
20221101,10:23:19,41752.00,50,1980825
20221101,10:23:20,41755.85,75,1980825
20221101,10:23:22,41752.00,25,1980825
20221101,10:23:23,41752.00,100,1980825
20221101,10:23:25,41752.00,25,1980825
20221101,10:23:27,41752.00,125,1980825
20221101,10:23:28,41752.00,100,1980825
20221101,10:23:30,41752.00,350,1980825
20221101,10:23:32,41752.00,150,1980825
20221101,10:23:33,41751.00,200,1980825
20221101,10:23:35,41751.00,250,1984625
20221101,10:23:37,41751.00,75,1984625
20221101,10:23:38,41751.00,100,1984625
20221101,10:23:40,41750.00,3100,1984625
20221101,10:23:42,41742.00,2850,1984625
20221101,10:23:43,41747.40,50,1984625
20221101,10:23:45,41747.00,100,1984625
20221101,10:23:46,41745.00,125,1984625
20221101,10:23:48,41745.00,25,1984625
20221101,10:23:50,41742.05,200,1984625
20221101,10:23:51,41744.95,75,1984625
20221101,10:23:53,41743.05,300,1984625
20221101,10:23:55,41742.00,500,1984625
20221101,10:23:56,41745.40,125,1984625
20221101,10:23:58,41742.00,25,1984625
20221101,10:24:00,41742.00,775,1984625
20221101,10:24:01,41741.00,500,1984625
20221101,10:24:03,41746.15,550,1984625
20221101,10:24:05,41748.90,275,1984625
20221101,10:24:06,41744.70,75,1984625
20221101,10:24:08,41746.20,150,1984625
20221101,10:24:10,41742.00,275,1984625
20221101,10:24:11,41742.00,325,1984625
20221101,10:24:13,41741.00,100,1984625
20221101,10:24:15,41741.95,50,1984625
20221101,10:24:16,41741.00,125,1984625
20221101,10:24:18,41741.00,1750,1984625
20221101,10:24:20,41741.00,525,1984625
20221101,10:24:21,41740.00,325,1984625
20221101,10:24:23,41740.65,250,1984625
20221101,10:24:24,41740.00,250,1984625
20221101,10:24:26,41741.00,425,1984625
20221101,10:24:28,41741.90,125,1984625
20221101,10:24:29,41742.00,5450,1984625
20221101,10:24:31,41753.60,4700,1984625
20221101,10:24:33,41750.60,700,1984625
20221101,10:24:34,41754.95,175,1984625
20221101,10:24:36,41750.75,525,1984625
20221101,10:24:37,41753.60,150,1984625
20221101,10:24:39,41748.50,125,1984625
20221101,10:24:41,41748.75,200,1984625
20221101,10:24:42,41749.45,75,1984625
20221101,10:24:44,41749.45,25,1984625
20221101,10:24:46,41748.50,50,1984625
20221101,10:24:47,41743.70,50,1984625
20221101,10:24:49,41741.00,25,1984625
20221101,10:24:50,41743.55,100,1984625
20221101,10:24:52,41743.15,200,1984625
20221101,10:24:54,41741.00,100,1984625
20221101,10:24:55,41742.00,75,1984625
20221101,10:24:57,41735.45,1425,1984625
20221101,10:24:58,41738.95,200,1984625
20221101,10:25:00,41739.00,25,1984625
20221101,10:25:02,41742.45,250,1984625
20221101,10:25:08,41742.00,125,1984625
20221101,10:25:09,41743.10,250,1984625
20221101,10:25:13,41744.25,100,1984625
20221101,10:25:14,41745.00,25,1984625
20221101,10:25:17,41750.00,50,1984625
20221101,10:25:19,41751.95,375,1984625
20221101,10:25:21,41752.15,175,1984625
20221101,10:25:22,41750.00,25,1984625
20221101,10:25:24,41750.00,175,1984625
20221101,10:25:25,41751.95,50,1984625
20221101,10:25:27,41752.00,50,1984625
20221101,10:25:28,41754.45,250,1984625
20221101,10:25:30,41751.95,75,1984625
20221101,10:25:33,41751.00,100,1984625
20221101,10:25:35,41750.00,450,1984625
20221101,10:25:36,41750.10,25,1984625
20221101,10:25:38,41747.25,50,1984625
20221101,10:25:39,41750.00,50,1984625
20221101,10:25:44,41749.90,50,1984625
20221101,10:25:45,41748.30,100,1984625
20221101,10:25:47,41749.05,25,1984625
20221101,10:25:48,41750.00,50,1984625
20221101,10:25:51,41753.60,200,1984625
20221101,10:25:53,41749.30,50,1984625
20221101,10:25:55,41753.60,25,1984625
20221101,10:25:56,41754.95,75,1984625
20221101,10:25:57,41751.00,250,1984625
20221101,10:25:59,41754.60,75,1984625
20221101,10:26:00,41754.55,100,1984625
20221101,10:26:02,41751.00,50,1984625
20221101,10:26:05,41749.65,550,1984625
20221101,10:26:07,41750.20,50,1984625
20221101,10:26:08,41749.20,25,1984625
20221101,10:26:11,41751.00,25,1984625
20221101,10:26:13,41751.00,25,1984625
20221101,10:26:15,41745.00,450,1984625
20221101,10:26:19,41747.25,25,1984625
20221101,10:26:20,41746.45,150,1984625
20221101,10:26:22,41741.20,25,1984625
20221101,10:26:23,41743.55,25,1984625
20221101,10:26:25,41742.95,50,1984625
20221101,10:26:27,41744.45,25,1984625
20221101,10:26:28,41747.90,50,1984625
20221101,10:26:30,41746.95,75,1984625
20221101,10:26:31,41745.20,25,1984625
20221101,10:26:33,41745.00,100,1984625
20221101,10:26:34,41741.00,50,1992725
20221101,10:26:36,41740.00,150,1992725
20221101,10:26:38,41740.00,250,1992725
20221101,10:26:39,41740.30,225,1992725
20221101,10:26:41,41740.00,125,1992725
20221101,10:26:43,41741.65,275,1992725
20221101,10:26:44,41736.20,50,1992725
20221101,10:26:48,41739.55,225,1992725
20221101,10:26:49,41738.20,25,1992725
20221101,10:26:51,41741.85,25,1992725
