20221101,09:15:04,41762.25,1,231550
20221101,09:15:04,41762.20,1,231550
20221101,09:15:04,41762.25,125,231550
20221101,09:15:07,41800.00,150,231550
20221101,09:15:08,41800.00,150,231550
20221101,09:15:11,41810.00,50,231550
20221101,09:15:13,41768.55,100,231550
20221101,09:15:14,41750.75,25,231550
20221101,09:15:16,41750.75,50,231550
20221101,09:15:18,41775.00,25,231550
20221101,09:15:19,41781.75,150,231550
20221101,09:15:21,41795.75,50,231550
20221101,09:15:24,41780.40,25,231550
20221101,09:15:26,41787.65,50,231550
20221101,09:15:27,41794.20,50,231550
20221101,09:15:31,41800.20,100,231550
20221101,09:15:32,41799.20,150,231550
20221101,09:15:34,41811.50,50,231550
20221101,09:15:35,41803.15,125,231550
20221101,09:15:37,41804.75,200,231550
20221101,09:15:39,41813.45,50,231550
20221101,09:15:40,41820.00,25,231550
20221101,09:15:43,41830.00,50,231550
20221101,09:15:45,41834.00,50,231550
20221101,09:15:47,41834.00,25,231550
20221101,09:15:48,41830.00,50,231550
20221101,09:15:51,41840.00,50,231550
20221101,09:15:53,41850.00,75,231550
20221101,09:15:55,41850.00,50,231550
20221101,09:15:56,41823.60,50,231550
20221101,09:15:58,41814.55,50,231550
20221101,09:15:59,41826.90,50,231550
20221101,09:16:01,41818.30,50,231550
20221101,09:16:03,41817.30,50,231550
20221101,09:16:04,41819.95,50,231550
20221101,09:16:07,41813.35,25,231550
20221101,09:16:12,41817.30,50,231550
20221101,09:16:14,41810.95,25,231550
20221101,09:16:16,41817.30,25,231550
20221101,09:16:17,41807.95,25,231550
20221101,09:16:19,41812.70,150,231550
20221101,09:16:20,41817.30,50,231550
20221101,09:16:22,41820.00,125,231550
20221101,09:16:24,41817.30,50,231550
20221101,09:16:25,41811.05,25,231550
20221101,09:16:27,41800.00,125,231550
20221101,09:16:28,41800.00,50,231550
20221101,09:16:30,41800.00,150,231550
20221101,09:16:32,41796.50,25,231550
20221101,09:16:33,41795.75,25,231550
20221101,09:16:35,41797.20,25,231550
20221101,09:16:36,41806.40,25,231550
20221101,09:16:38,41817.25,250,231550
20221101,09:16:40,41806.40,75,231550
20221101,09:16:41,41810.20,50,231550
20221101,09:16:43,41799.90,25,231550
20221101,09:16:45,41806.45,50,231550
20221101,09:16:49,41803.55,75,231550
20221101,09:16:51,41791.20,50,231550
20221101,09:16:53,41790.65,50,231550
20221101,09:16:59,41799.90,25,231550
20221101,09:17:01,41806.45,50,231550
20221101,09:17:02,41798.85,50,231550
20221101,09:17:09,41805.30,75,231550
20221101,09:17:10,41800.00,50,231550
20221101,09:17:12,41803.50,75,231550
20221101,09:17:17,41798.20,75,231550
20221101,09:17:18,41810.00,50,231550
20221101,09:17:20,41802.45,25,231550
20221101,09:17:21,41803.75,100,231550
20221101,09:17:23,41801.05,25,231500
20221101,09:17:25,41803.10,25,231500
20221101,09:17:28,41803.60,50,231500
20221101,09:17:31,41801.75,50,231500
20221101,09:17:34,41797.60,50,231500
20221101,09:17:35,41803.10,75,231500
20221101,09:17:39,41803.05,125,231500
20221101,09:17:42,41801.75,50,231500
20221101,09:17:50,41797.60,100,231500
20221101,09:17:51,41801.50,25,231500
20221101,09:17:53,41799.15,25,231500
20221101,09:18:01,41790.00,275,231500
20221101,09:18:08,41788.15,25,231500
20221101,09:18:12,41789.90,100,231500
20221101,09:18:14,41791.40,50,231500
20221101,09:18:17,41790.10,25,231500
20221101,09:18:22,41791.15,25,231500
20221101,09:18:24,41790.10,25,231500
20221101,09:18:26,41788.25,75,231500
20221101,09:18:29,41790.10,25,231500
20221101,09:18:34,41780.65,25,231500
20221101,09:18:37,41782.30,50,231500
20221101,09:18:39,41784.25,50,231500
20221101,09:18:42,41785.85,25,231500
20221101,09:18:44,41790.00,25,231500
20221101,09:18:45,41785.65,25,231500
20221101,09:19:00,41784.60,50,231500
20221101,09:19:05,41793.90,25,231500
20221101,09:19:08,41780.95,25,231500
20221101,09:19:10,41782.50,25,231500
20221101,09:19:15,41789.00,25,231500
20221101,09:19:16,41782.55,25,231500
20221101,09:19:26,41776.35,25,231500
20221101,09:19:29,41783.00,75,231500
20221101,09:19:34,41785.45,25,231500
20221101,09:19:38,41783.90,50,231500
20221101,09:19:39,41783.85,100,231500
20221101,09:19:44,41789.00,25,231500
20221101,09:19:51,41787.70,50,231500
20221101,09:19:52,41789.00,25,231500
20221101,09:19:54,41790.00,50,231500
20221101,09:19:56,41789.00,75,231500
20221101,09:20:00,41785.95,50,231500
20221101,09:20:05,41784.10,25,231500
20221101,09:20:10,41785.00,50,231500
20221101,09:20:17,41786.00,25,231500
20221101,09:20:20,41786.00,50,231500
20221101,09:20:22,41786.00,75,231500
20221101,09:20:23,41775.20,25,231425
20221101,09:20:30,41770.00,25,231425
20221101,09:20:33,41754.90,25,231425
20221101,09:20:41,41750.00,50,231425
20221101,09:20:45,41749.65,275,231425
20221101,09:20:55,41747.15,25,231425
20221101,09:20:58,41744.35,75,231425
20221101,09:21:01,41740.10,25,231425
20221101,09:21:05,41740.00,25,231425
20221101,09:21:06,41737.15,25,231425
20221101,09:21:10,41735.55,25,231425
20221101,09:21:14,41726.85,50,231425
20221101,09:21:16,41726.85,50,231425
20221101,09:21:19,41722.55,25,231425
20221101,09:21:21,41722.55,50,231425
20221101,09:21:24,41730.00,25,231425
20221101,09:21:26,41729.95,275,231425
20221101,09:21:30,41739.80,25,231425
20221101,09:21:33,41731.25,25,231425
20221101,09:21:38,41740.00,50,231425
20221101,09:21:40,41749.95,25,231425
20221101,09:21:41,41741.70,75,231425
20221101,09:21:45,41742.55,25,231425
20221101,09:21:50,41750.00,25,231425
20221101,09:21:53,41753.95,150,231425
20221101,09:21:55,41750.00,25,231425
20221101,09:21:56,41750.00,125,231425
20221101,09:21:59,41745.95,50,231425
20221101,09:22:01,41750.00,25,231425
20221101,09:22:03,41751.75,150,231425
20221101,09:22:04,41759.20,25,231425
20221101,09:22:06,41750.00,25,231425
20221101,09:22:08,41751.75,25,231425
20221101,09:22:09,41745.00,25,231425
20221101,09:22:16,41746.15,25,231425
20221101,09:22:18,41740.05,25,231425
20221101,09:22:24,41749.95,25,231425
20221101,09:22:42,41740.05,25,231425
20221101,09:22:46,41749.95,25,231425
20221101,09:22:52,41751.75,100,231425
20221101,09:22:59,41753.75,25,231425
20221101,09:23:05,41753.75,25,231425
20221101,09:23:07,41759.40,100,231425
20221101,09:23:16,41760.35,25,231425
20221101,09:23:21,41760.00,50,231425
20221101,09:23:24,41760.00,50,231700
20221101,09:23:40,41780.00,50,231700
20221101,09:23:44,41770.00,25,231700
20221101,09:23:50,41770.00,75,231700
20221101,09:23:56,41770.00,25,231700
20221101,09:23:59,41777.55,25,231700
20221101,09:24:12,41773.70,25,231700
20221101,09:24:13,41770.00,50,231700
20221101,09:24:15,41770.00,225,231700
20221101,09:24:18,41773.90,50,231700
20221101,09:24:26,41759.50,50,231700
20221101,09:24:27,41766.35,25,231700
20221101,09:24:34,41758.00,25,231700
20221101,09:24:37,41749.45,75,231700
20221101,09:24:39,41742.15,75,231700
20221101,09:24:42,41741.05,25,231700
20221101,09:24:46,41745.00,50,231700
20221101,09:24:49,41750.00,200,231700
20221101,09:24:51,41753.05,50,231700
20221101,09:24:57,41766.50,50,231700
20221101,09:24:59,41759.50,25,231700
20221101,09:25:00,41767.45,25,231700
20221101,09:25:02,41770.95,50,231700
20221101,09:25:05,41771.20,50,231700
20221101,09:25:08,41770.50,50,231700
20221101,09:25:10,41761.05,25,231700
20221101,09:25:12,41771.25,50,231700
20221101,09:25:15,41772.25,50,231700
20221101,09:25:17,41772.25,50,231700
20221101,09:25:22,41771.30,25,231700
20221101,09:25:25,41770.90,125,231700
20221101,09:25:27,41771.25,50,231700
20221101,09:25:30,41769.60,375,231700
20221101,09:25:32,41763.50,50,231700
20221101,09:25:33,41757.05,100,231700
20221101,09:25:35,41762.45,50,231700
20221101,09:25:37,41761.00,50,231700
20221101,09:25:38,41761.95,25,231700
20221101,09:25:40,41761.60,50,231700
20221101,09:25:42,41763.85,25,231700
20221101,09:25:43,41754.60,50,231700
20221101,09:25:45,41758.30,50,231700
20221101,09:25:48,41762.60,50,231700
20221101,09:25:52,41763.55,50,231700
20221101,09:25:55,41761.35,50,231700
20221101,09:25:57,41754.35,50,231700
20221101,09:26:00,41757.95,50,231700
20221101,09:26:03,41755.85,50,231700
20221101,09:26:05,41757.85,25,231700
20221101,09:26:07,41757.85,25,231700
20221101,09:26:08,41759.00,50,231700
20221101,09:26:12,41759.00,50,231700
20221101,09:26:15,41757.80,75,231700
20221101,09:26:18,41757.30,50,231700
20221101,09:26:20,41757.25,50,231700
20221101,09:26:23,41756.10,50,231700
20221101,09:26:27,41765.75,50,232750
20221101,09:26:30,41769.35,25,232750
20221101,09:26:32,41765.20,50,232750
20221101,09:26:33,41770.00,50,232750
20221101,09:26:37,41775.00,50,232750
20221101,09:26:40,41773.65,25,232750
20221101,09:26:43,41774.20,50,232750
20221101,09:26:48,41775.00,50,232750
20221101,09:26:50,41770.00,25,232750
20221101,09:26:52,41770.45,125,232750
20221101,09:26:53,41770.00,100,232750
20221101,09:26:55,41766.35,50,232750
20221101,09:26:58,41758.30,75,232750
20221101,09:27:05,41763.20,25,232750
20221101,09:27:10,41762.95,50,232750
20221101,09:27:13,41761.00,50,232750
20221101,09:27:15,41760.70,50,232750
20221101,09:27:30,41768.50,50,232750
20221101,09:27:35,41767.85,50,232750
20221101,09:27:38,41765.25,25,232750
20221101,09:27:41,41761.15,50,232750
20221101,09:27:45,41756.00,100,232750
20221101,09:28:01,41761.35,25,232750
20221101,09:28:05,41758.95,50,232750
20221101,09:28:13,41763.65,50,232750
20221101,09:28:16,41760.00,25,232750
20221101,09:28:24,41755.25,200,232750
20221101,09:28:28,41760.10,25,232750
20221101,09:28:29,41760.65,50,232750
20221101,09:28:31,41759.50,50,232750
20221101,09:28:34,41754.80,50,232750
20221101,09:28:41,41755.35,75,232750
20221101,09:28:53,41760.95,25,232750
20221101,09:28:59,41765.00,25,232750
20221101,09:29:01,41761.00,75,232750
20221101,09:29:03,41761.00,50,232750
20221101,09:29:04,41768.90,50,232750
20221101,09:29:06,41768.10,25,232750
20221101,09:29:08,41769.00,25,232750
20221101,09:29:09,41770.00,75,232750
20221101,09:29:13,41766.60,275,232750
20221101,09:29:18,41771.95,50,232750
20221101,09:29:24,41775.00,50,233650
20221101,09:29:27,41772.90,75,233650
20221101,09:29:31,41775.10,50,233650
20221101,09:29:32,41774.70,25,233650
20221101,09:29:41,41774.70,50,233650
20221101,09:29:42,41777.00,25,233650
20221101,09:29:47,41777.70,25,233650
20221101,09:29:49,41780.00,75,233650
20221101,09:30:11,41790.15,50,233650
20221101,09:30:16,41794.95,50,233650
20221101,09:30:18,41796.00,25,233650
20221101,09:30:19,41796.00,25,233650
20221101,09:30:24,41797.00,25,233650
20221101,09:30:28,41795.25,25,233650
20221101,09:30:29,41796.70,50,233650
20221101,09:30:37,41798.15,50,233650
20221101,09:30:39,41799.80,25,233650
20221101,09:30:46,41800.00,100,233650
20221101,09:30:47,41800.00,250,233650
20221101,09:30:49,41800.00,275,233650
20221101,09:30:51,41800.00,100,233650
20221101,09:30:52,41800.00,75,233650
20221101,09:30:55,41799.80,25,233650
20221101,09:30:59,41799.80,25,233650
20221101,09:31:00,41800.00,100,233650
20221101,09:31:04,41800.00,25,233650
20221101,09:31:05,41800.00,75,233650
20221101,09:31:07,41799.80,50,233650
20221101,09:31:08,41798.05,50,233650
20221101,09:31:13,41801.20,25,233650
20221101,09:31:18,41801.20,100,233650
20221101,09:31:20,41798.85,50,233650
20221101,09:31:25,41805.00,25,233650
20221101,09:31:27,41804.55,25,233650
20221101,09:31:32,41810.00,50,233650
20221101,09:31:33,41811.65,100,233650
20221101,09:31:35,41813.40,100,233650
20221101,09:31:38,41811.75,75,233650
20221101,09:31:42,41811.25,50,233650
20221101,09:31:50,41815.50,25,233650
20221101,09:31:53,41815.00,25,233650
20221101,09:31:57,41819.65,50,233650
20221101,09:32:00,41820.00,125,233650
20221101,09:32:03,41818.40,75,233650
20221101,09:32:07,41819.65,50,233650
20221101,09:32:08,41819.65,25,233650
20221101,09:32:15,41821.75,25,233650
20221101,09:32:20,41819.65,50,233650
20221101,09:32:23,41824.80,75,233650
20221101,09:32:27,41825.00,75,234600
20221101,09:32:30,41822.55,25,234600
20221101,09:32:38,41828.80,100,234600
20221101,09:32:50,41828.35,100,234600
20221101,09:32:56,41825.00,25,234600
20221101,09:32:58,41820.00,125,234600
20221101,09:33:08,41823.95,100,234600
20221101,09:33:13,41829.00,25,234600
20221101,09:33:16,41830.00,50,234600
20221101,09:33:18,41830.00,50,234600
20221101,09:33:19,41835.45,25,234600
20221101,09:33:28,41839.70,25,234600
20221101,09:33:29,41832.10,50,234600
20221101,09:33:32,41830.35,75,234600
20221101,09:33:37,41829.05,50,234600
20221101,09:33:39,41836.95,25,234600
20221101,09:33:42,41829.55,100,234600
20221101,09:33:45,41833.25,150,234600
20221101,09:33:47,41826.40,200,234600
20221101,09:33:49,41839.70,50,234600
20221101,09:33:52,41837.55,100,234600
20221101,09:33:55,41838.05,450,234600
20221101,09:33:57,41833.00,50,234600
20221101,09:34:00,41832.50,50,234600
20221101,09:34:02,41832.80,50,234600
20221101,09:34:05,41832.30,100,234600
20221101,09:34:07,41836.65,50,234600
20221101,09:34:10,41830.00,25,234600
20221101,09:34:13,41829.50,225,234600
20221101,09:34:17,41830.00,25,234600
20221101,09:34:18,41828.80,50,234600
20221101,09:34:20,41827.00,25,234600
20221101,09:34:22,41826.85,100,234600
20221101,09:34:25,41827.70,100,234600
20221101,09:34:27,41820.50,50,234600
20221101,09:34:28,41823.95,50,234600
20221101,09:34:30,41821.60,50,234600
20221101,09:34:32,41821.25,50,234600
20221101,09:34:35,41816.05,50,234600
20221101,09:34:45,41820.00,25,234600
20221101,09:34:47,41823.30,25,234600
20221101,09:34:50,41820.00,25,234600
20221101,09:34:52,41820.15,50,234600
20221101,09:34:53,41820.00,25,234600
20221101,09:35:00,41819.80,50,234600
20221101,09:35:05,41819.15,175,234600
20221101,09:35:08,41825.85,25,234600
20221101,09:35:13,41817.00,125,234600
20221101,09:35:16,41816.25,50,234600
20221101,09:35:19,41811.25,75,234600
20221101,09:35:22,41812.30,50,234600
20221101,09:35:27,41810.40,25,235875
20221101,09:35:32,41811.35,25,235875
20221101,09:35:37,41806.10,50,235875
20221101,09:35:42,41806.30,25,235875
20221101,09:35:53,41806.30,25,235875
20221101,09:35:54,41809.75,50,235875
20221101,09:35:56,41810.00,25,235875
20221101,09:36:02,41814.20,50,235875
20221101,09:36:06,41813.50,75,235875
20221101,09:36:09,41811.55,50,235875
20221101,09:36:15,41809.50,25,235875
20221101,09:36:17,41809.25,50,235875
20221101,09:36:19,41808.35,25,235875
20221101,09:36:20,41807.85,25,235875
20221101,09:36:27,41806.10,25,235875
20221101,09:36:31,41800.00,50,235875
20221101,09:36:33,41800.00,50,235875
20221101,09:36:35,41798.00,50,235875
20221101,09:36:38,41791.55,475,235875
20221101,09:36:43,41799.60,50,235875
20221101,09:36:51,41797.70,25,235875
20221101,09:37:09,41795.00,75,235875
20221101,09:37:11,41795.00,50,235875
20221101,09:37:18,41794.95,50,235875
20221101,09:37:19,41793.90,50,235875
20221101,09:37:23,41792.15,100,235875
20221101,09:37:29,41794.85,25,235875
20221101,09:37:31,41792.95,25,235875
20221101,09:37:50,41794.00,100,235875
20221101,09:37:53,41800.00,50,235875
20221101,09:38:05,41801.60,25,235875
20221101,09:38:13,41799.40,50,235875
20221101,09:38:15,41794.80,25,235875
20221101,09:38:36,41803.20,300,236575
20221101,09:38:39,41803.15,50,236575
20221101,09:38:49,41799.45,25,236575
20221101,09:39:05,41811.75,50,236575
20221101,09:39:08,41802.05,50,236575
20221101,09:39:23,41808.30,75,236575
20221101,09:39:24,41809.55,25,236575
20221101,09:39:33,41814.75,50,236575
20221101,09:39:37,41820.00,25,236575
20221101,09:39:41,41814.60,25,236575
20221101,09:39:46,41814.50,50,236575
20221101,09:40:01,41820.30,50,236575
20221101,09:40:02,41811.00,50,236575
20221101,09:40:04,41817.80,50,236575
20221101,09:40:10,41813.65,50,236575
20221101,09:40:14,41809.55,25,236575
20221101,09:40:17,41813.75,25,236575
20221101,09:40:18,41813.75,125,236575
20221101,09:40:20,41813.75,250,236575
20221101,09:40:22,41823.80,125,236575
20221101,09:40:25,41824.30,50,236575
20221101,09:40:28,41825.00,50,236575
20221101,09:40:33,41825.00,250,236575
20221101,09:40:37,41829.45,200,236575
20221101,09:40:43,41824.00,50,236575
20221101,09:40:45,41824.00,25,236575
20221101,09:40:48,41825.00,25,236575
20221101,09:40:57,41825.00,100,236575
20221101,09:40:59,41830.00,150,236575
20221101,09:41:00,41831.95,25,236575
20221101,09:41:05,41835.00,25,236575
20221101,09:41:09,41836.30,25,236575
20221101,09:41:10,41838.95,25,236575
20221101,09:41:14,41836.95,25,236575
20221101,09:41:15,41830.10,100,236575
20221101,09:41:27,41839.95,25,237025
20221101,09:41:31,41832.10,100,237025
20221101,09:41:46,41839.75,50,237025
20221101,09:41:53,41839.75,75,237025
20221101,09:41:56,41836.25,50,237025
20221101,09:41:58,41830.00,100,237025
20221101,09:42:04,41840.00,25,237025
20221101,09:42:11,41839.00,25,237025
20221101,09:42:12,41838.45,25,237025
20221101,09:42:27,41840.00,25,237025
20221101,09:42:32,41841.00,25,237025
20221101,09:42:47,41841.00,50,237025
20221101,09:42:52,41841.00,75,237025
20221101,09:42:55,41842.05,25,237025
20221101,09:43:01,41845.00,75,237025
20221101,09:43:03,41838.05,150,237025
20221101,09:43:05,41845.00,200,237025
20221101,09:43:08,41833.00,150,237025
20221101,09:43:28,41841.50,75,237025
20221101,09:43:34,41842.20,25,237025
20221101,09:43:36,41839.70,25,237025
20221101,09:43:54,41845.00,25,237025
20221101,09:43:59,41848.00,125,237025
20221101,09:44:00,41866.30,1500,237025
20221101,09:44:04,41883.00,1275,237025
20221101,09:44:05,41877.25,75,237025
20221101,09:44:14,41883.10,25,237025
20221101,09:44:15,41885.00,100,237025
20221101,09:44:17,41885.00,50,237025
20221101,09:44:20,41885.00,25,237025
20221101,09:44:22,41882.95,25,237025
20221101,09:44:24,41879.95,25,237025
20221101,09:44:25,41879.95,50,237025
20221101,09:44:27,41877.75,25,237025
20221101,09:44:29,41875.00,25,237025
20221101,09:44:30,41875.00,50,237025
20221101,09:44:32,41880.10,50,237025
20221101,09:44:37,41875.00,75,237025
20221101,09:44:40,41868.40,25,237025
20221101,09:44:42,41875.00,50,237025
20221101,09:44:44,41882.15,100,237025
20221101,09:44:49,41881.95,125,237025
20221101,09:44:58,41882.00,25,237025
20221101,09:45:00,41885.00,75,237025
20221101,09:45:02,41887.95,175,237025
20221101,09:45:03,41889.80,50,237025
20221101,09:45:05,41890.00,75,237025
20221101,09:45:07,41893.90,75,237025
20221101,09:45:08,41897.95,75,237025
20221101,09:45:10,41898.95,75,237025
20221101,09:45:12,41900.00,400,237025
20221101,09:45:13,41900.00,50,237025
20221101,09:45:17,41900.00,175,237025
20221101,09:45:20,41905.00,50,237025
20221101,09:45:22,41908.20,25,237025
20221101,09:45:23,41908.55,100,237025
20221101,09:45:25,41905.30,50,237025
20221101,09:45:27,41898.10,25,237025
20221101,09:45:28,41905.50,75,237025
20221101,09:45:32,41904.20,125,237025
20221101,09:45:35,41896.10,100,237025
20221101,09:45:37,41895.00,50,237025
20221101,09:45:38,41903.10,75,237025
20221101,09:45:42,41905.25,50,237025
20221101,09:45:43,41899.05,175,237025
20221101,09:45:45,41910.45,225,237025
20221101,09:45:48,41907.95,75,237025
20221101,09:45:50,41903.90,25,237025
20221101,09:45:52,41913.15,50,237025
20221101,09:45:53,41914.40,25,237025
20221101,09:45:55,41914.40,50,237025
20221101,09:45:58,41911.35,50,237025
20221101,09:46:02,41912.95,50,237025
20221101,09:46:03,41920.00,125,237025
20221101,09:46:05,41920.00,150,237025
20221101,09:46:10,41930.55,50,237025
20221101,09:46:12,41933.80,125,237025
20221101,09:46:13,41933.15,25,237025
20221101,09:46:15,41934.00,75,237025
20221101,09:46:17,41934.65,75,237025
20221101,09:46:18,41935.45,75,237025
20221101,09:46:20,41931.60,50,237025
20221101,09:46:21,41930.60,75,237025
20221101,09:46:25,41930.60,75,237025
20221101,09:46:26,41932.80,150,237025
20221101,09:46:28,41933.20,175,237025
20221101,09:46:30,41930.00,50,237025
20221101,09:46:31,41933.00,50,237025
20221101,09:46:33,41936.85,50,237025
20221101,09:46:40,41936.85,25,237025
20221101,09:46:41,41936.85,175,237025
20221101,09:46:43,41935.75,75,237025
20221101,09:46:45,41935.45,50,237025
20221101,09:46:46,41935.45,50,237025
20221101,09:46:48,41936.85,25,237025
20221101,09:46:50,41934.55,75,237025
20221101,09:46:51,41934.40,50,237025
20221101,09:46:53,41936.65,100,237025
20221101,09:46:55,41936.85,25,237025
20221101,09:46:58,41936.65,25,237025
20221101,09:47:00,41935.75,100,237025
20221101,09:47:01,41938.50,100,237025
20221101,09:47:03,41938.50,50,237025
20221101,09:47:06,41942.95,100,237025
20221101,09:47:09,41944.95,25,237025
20221101,09:47:14,41947.05,25,237025
20221101,09:47:16,41948.00,200,237025
20221101,09:47:21,41950.00,25,237025
20221101,09:47:24,41950.00,25,237025
20221101,09:47:28,41948.00,125,237025
20221101,09:47:29,41951.00,50,240175
20221101,09:47:32,41951.00,50,240175
20221101,09:47:34,41950.00,25,240175
20221101,09:47:37,41943.10,50,240175
20221101,09:47:39,41940.00,25,240175
20221101,09:47:41,41948.60,25,240175
20221101,09:47:44,41951.30,25,240175
20221101,09:47:46,41954.40,75,240175
20221101,09:47:47,41959.00,50,240175
20221101,09:47:54,41959.00,25,240175
20221101,09:47:56,41960.00,25,240175
20221101,09:47:58,41960.00,275,240175
20221101,09:47:59,41946.20,25,240175
20221101,09:48:01,41953.85,25,240175
20221101,09:48:03,41957.60,50,240175
20221101,09:48:06,41955.85,50,240175
20221101,09:48:08,41951.60,25,240175
20221101,09:48:09,41951.35,50,240175
20221101,09:48:11,41946.85,25,240175
20221101,09:48:13,41947.40,25,240175
20221101,09:48:14,41945.00,25,240175
20221101,09:48:16,41945.70,25,240175
20221101,09:48:26,41945.00,75,240175
20221101,09:48:29,41943.10,25,240175
20221101,09:48:31,41945.35,25,240175
20221101,09:48:32,41946.50,125,240175
20221101,09:48:36,41944.95,75,240175
20221101,09:48:42,41943.90,50,240175
20221101,09:48:44,41950.00,25,240175
20221101,09:48:46,41950.20,75,240175
20221101,09:48:49,41948.85,125,240175
20221101,09:48:52,41951.10,25,240175
20221101,09:48:54,41950.50,50,240175
20221101,09:48:57,41955.00,25,240175
20221101,09:49:01,41955.00,25,240175
20221101,09:49:02,41959.40,75,240175
20221101,09:49:04,41961.90,75,240175
20221101,09:49:06,41961.90,50,240175
20221101,09:49:07,41961.40,50,240175
20221101,09:49:09,41964.55,75,240175
20221101,09:49:11,41963.95,50,240175
20221101,09:49:14,41960.45,75,240175
20221101,09:49:16,41955.20,50,240175
20221101,09:49:17,41959.75,50,240175
20221101,09:49:19,41958.40,25,240175
20221101,09:49:20,41964.95,350,240175
20221101,09:49:24,41965.00,100,240175
20221101,09:49:27,41965.00,25,240175
20221101,09:49:29,41955.00,100,240175
20221101,09:49:32,41956.20,50,240175
20221101,09:49:38,41962.25,50,240175
20221101,09:49:45,41967.95,100,240175
20221101,09:49:46,41967.95,75,240175
20221101,09:49:51,41962.20,50,240175
20221101,09:49:58,41969.00,25,240175
20221101,09:50:02,41970.00,25,240175
20221101,09:50:06,41970.00,50,240175
20221101,09:50:09,41968.65,50,240175
20221101,09:50:12,41975.00,25,240175
20221101,09:50:17,41975.00,25,240175
20221101,09:50:22,41975.00,75,240175
20221101,09:50:23,41964.45,300,240175
20221101,09:50:25,41964.25,25,240175
20221101,09:50:27,41958.25,50,240175
20221101,09:50:28,41958.85,25,240175
20221101,09:50:33,41964.10,50,241600
20221101,09:50:40,41964.00,25,241600
20221101,09:50:42,41971.40,100,241600
20221101,09:50:43,41963.35,50,241600
20221101,09:50:48,41960.00,25,241600
20221101,09:50:50,41963.35,25,241600
20221101,09:50:53,41966.40,125,241600
20221101,09:50:55,41962.35,25,241600
20221101,09:51:08,41962.50,100,241600
20221101,09:51:17,41964.05,75,241600
20221101,09:51:18,41970.00,150,241600
20221101,09:51:20,41975.00,150,241600
20221101,09:51:22,41976.10,25,241600
20221101,09:51:23,41976.10,50,241600
20221101,09:51:25,41974.55,50,241600
20221101,09:51:27,41975.00,25,241600
20221101,09:51:30,41975.00,125,241600
20221101,09:51:35,41978.95,25,241600
20221101,09:51:42,41980.00,50,241600
20221101,09:51:43,41980.00,25,241600
20221101,09:51:45,41980.00,75,241600
20221101,09:51:51,41975.00,25,241600
20221101,09:51:55,41974.95,25,241600
20221101,09:51:58,41967.20,25,241600
20221101,09:52:03,41967.15,25,241600
20221101,09:52:08,41964.50,25,241600
20221101,09:52:10,41960.00,75,241600
20221101,09:52:12,41953.00,250,241600
20221101,09:52:15,41960.30,75,241600
20221101,09:52:18,41963.60,50,241600
20221101,09:52:20,41956.20,50,241600
20221101,09:52:25,41960.00,25,241600
20221101,09:52:27,41956.25,50,241600
20221101,09:52:28,41963.60,50,241600
20221101,09:52:30,41961.50,275,241600
20221101,09:52:32,41965.20,50,241600
20221101,09:52:33,41970.05,50,241600
20221101,09:52:35,41980.00,50,241600
20221101,09:52:37,41979.75,50,241600
20221101,09:52:40,41986.95,50,241600
20221101,09:52:42,41986.95,75,241600
20221101,09:52:45,41987.95,25,241600
20221101,09:52:48,41987.95,25,241600
20221101,09:52:50,41987.95,25,241600
20221101,09:52:55,41979.35,25,241600
20221101,09:53:01,41987.80,50,241600
20221101,09:53:05,41985.00,25,241600
20221101,09:53:11,41984.95,25,241600
20221101,09:53:13,41985.00,25,241600
20221101,09:53:19,41984.75,25,241600
20221101,09:53:21,41988.00,150,241600
20221101,09:53:24,41988.00,50,241600
20221101,09:53:26,41988.00,75,241600
20221101,09:53:28,41985.00,25,241600
20221101,09:53:29,41985.00,50,241600
20221101,09:53:31,41983.85,25,242925
20221101,09:53:33,41985.00,75,242925
20221101,09:53:34,41983.10,50,242925
20221101,09:53:39,41982.85,75,242925
20221101,09:53:41,41982.30,25,242925
20221101,09:53:44,41976.55,175,242925
20221101,09:53:49,41980.65,25,242925
20221101,09:53:52,41980.40,25,242925
20221101,09:53:54,41983.95,100,242925
20221101,09:53:59,41980.40,25,242925
20221101,09:54:00,41986.75,100,242925
20221101,09:54:04,41980.30,25,242925
20221101,09:54:07,41983.05,50,242925
20221101,09:54:10,41981.40,25,242925
20221101,09:54:15,41972.90,50,242925
20221101,09:54:20,41977.80,100,242925
20221101,09:54:34,41970.60,125,242925
20221101,09:54:37,41978.60,50,242925
20221101,09:54:42,41983.05,25,242925
20221101,09:54:44,41985.00,25,242925
20221101,09:54:45,41982.50,25,242925
20221101,09:54:55,41985.00,25,242925
20221101,09:55:02,41981.00,50,242925
20221101,09:55:07,41981.75,25,242925
20221101,09:55:09,41983.30,25,242925
20221101,09:55:19,41985.00,25,242925
20221101,09:55:20,41985.00,25,242925
20221101,09:55:22,41981.75,25,242925
20221101,09:55:23,41973.05,175,242925
20221101,09:55:25,41971.30,25,242925
20221101,09:55:27,41971.30,25,242925
20221101,09:55:28,41967.15,25,242925
20221101,09:55:31,41971.30,25,242925
20221101,09:55:38,41967.15,25,242925
20221101,09:55:41,41969.40,75,242925
20221101,09:55:43,41963.85,50,242925
20221101,09:55:46,41962.15,25,242925
20221101,09:55:51,41964.50,25,242925
20221101,09:55:57,41962.15,50,242925
20221101,09:56:01,41962.55,25,242925
20221101,09:56:02,41964.00,25,242925
20221101,09:56:09,41962.55,25,242925
20221101,09:56:20,41964.50,25,242925
20221101,09:56:23,41962.15,25,242925
20221101,09:56:25,41962.00,200,242925
20221101,09:56:38,41950.45,475,243825
20221101,09:56:41,41952.00,25,243825
20221101,09:56:43,41951.70,25,243825
20221101,09:56:48,41950.00,100,243825
20221101,09:56:51,41952.70,75,243825
20221101,09:56:53,41961.80,25,243825
20221101,09:57:01,41960.65,50,243825
20221101,09:57:07,41950.50,25,243825
20221101,09:57:17,41950.50,75,243825
20221101,09:57:22,41955.00,25,243825
20221101,09:57:24,41950.05,25,243825
20221101,09:57:32,41955.00,25,243825
20221101,09:57:37,41959.85,75,243825
20221101,09:57:42,41952.75,25,243825
20221101,09:57:47,41960.00,25,243825
20221101,09:58:03,41962.35,25,243825
20221101,09:58:05,41965.00,25,243825
20221101,09:58:10,41965.00,25,243825
20221101,09:58:11,41967.35,100,243825
20221101,09:58:13,41968.75,25,243825
20221101,09:58:19,41966.00,100,243825
20221101,09:58:40,41963.75,25,243825
20221101,09:58:44,41964.70,50,243825
20221101,09:59:00,41960.70,50,243825
20221101,09:59:10,41950.50,25,243825
20221101,09:59:12,41950.00,50,243825
20221101,09:59:14,41950.45,25,243825
20221101,09:59:17,41950.00,50,243825
20221101,09:59:22,41957.30,50,243825
20221101,09:59:27,41950.00,100,243825
20221101,09:59:28,41950.00,125,243825
20221101,09:59:30,41948.05,25,243825
20221101,09:59:33,41960.20,50,244125
20221101,09:59:40,41944.90,25,244125
20221101,09:59:47,41954.10,50,244125
20221101,09:59:55,41944.85,50,244125
20221101,10:00:02,41950.00,25,244125
20221101,10:00:12,41947.95,25,244125
20221101,10:00:15,41947.55,100,244125
20221101,10:00:17,41940.05,100,244125
20221101,10:00:20,41940.15,75,244125
20221101,10:00:22,41940.10,25,244125
20221101,10:00:27,41940.00,125,244125
20221101,10:00:28,41938.20,25,244125
20221101,10:00:37,41940.00,500,244125
20221101,10:00:43,41943.95,25,244125
20221101,10:00:48,41941.50,25,244125
20221101,10:00:55,41949.30,25,244125
20221101,10:00:56,41944.10,25,244125
20221101,10:01:01,41945.55,75,244125
20221101,10:01:03,41947.05,125,244125
20221101,10:01:06,41947.85,25,244125
20221101,10:01:08,41950.00,125,244125
20221101,10:01:26,41961.45,25,244125
20221101,10:01:27,41961.40,25,244125
20221101,10:01:32,41966.50,50,244125
20221101,10:01:49,41968.55,25,244125
20221101,10:01:53,41967.25,25,244125
20221101,10:01:55,41966.80,25,244125
20221101,10:02:00,41962.05,50,244125
20221101,10:02:01,41963.10,75,244125
20221101,10:02:09,41964.90,50,244125
20221101,10:02:17,41964.40,25,244125
20221101,10:02:24,41964.15,25,244125
20221101,10:02:26,41961.10,50,244125
20221101,10:02:34,41963.35,25,244400
20221101,10:03:00,41970.00,100,244400
20221101,10:03:04,41970.00,125,244400
20221101,10:03:06,41972.85,50,244400
20221101,10:03:13,41975.00,25,244400
20221101,10:03:16,41972.85,25,244400
20221101,10:03:17,41974.10,50,244400
20221101,10:03:26,41969.00,125,244400
20221101,10:03:34,41974.00,50,244400
20221101,10:03:44,41973.60,25,244400
20221101,10:03:59,41980.00,75,244400
20221101,10:04:02,41990.00,50,244400
20221101,10:04:11,41990.00,25,244400
20221101,10:04:23,41985.85,125,244400
20221101,10:04:25,41985.85,50,244400
20221101,10:04:28,41985.85,125,244400
20221101,10:04:30,41992.05,75,244400
20221101,10:04:37,41992.05,25,244400
20221101,10:04:42,41977.20,25,244400
20221101,10:04:51,41985.35,25,244400
20221101,10:05:00,41973.05,25,244400
20221101,10:05:06,41980.75,25,244400
20221101,10:05:09,41977.10,25,244400
20221101,10:05:11,41977.05,25,244400
20221101,10:05:16,41982.35,25,244400
20221101,10:05:17,41981.90,25,244400
20221101,10:05:20,41976.60,25,244400
20221101,10:05:22,41980.00,50,244400
20221101,10:05:27,41976.25,25,244400
20221101,10:05:33,41981.45,25,245025
20221101,10:05:34,41976.10,25,245025
20221101,10:05:39,41970.00,75,245025
20221101,10:05:41,41970.00,25,245025
20221101,10:05:52,41979.15,25,245025
20221101,10:05:53,41975.70,25,245025
20221101,10:06:09,41979.25,25,245025
20221101,10:06:23,41978.55,25,245025
20221101,10:06:24,41971.05,50,245025
20221101,10:06:28,41970.00,50,245025
20221101,10:06:31,41970.00,50,245025
20221101,10:06:33,41970.00,100,245025
20221101,10:06:38,41970.00,25,245025
20221101,10:06:42,41971.70,25,245025
20221101,10:06:49,41970.00,50,245025
20221101,10:06:53,41969.20,25,245025
20221101,10:06:55,41970.00,25,245025
20221101,10:06:58,41970.00,25,245025
20221101,10:07:01,41965.30,50,245025
20221101,10:07:05,41963.40,50,245025
20221101,10:07:19,41960.00,25,245025
20221101,10:07:22,41958.00,25,245025
20221101,10:08:19,41950.00,225,245025
20221101,10:08:29,41944.00,75,245025
20221101,10:08:37,41940.05,25,245025
20221101,10:08:40,41949.75,25,245425
20221101,10:08:42,41942.30,100,245425
20221101,10:08:54,41940.00,25,245425
20221101,10:09:02,41943.00,325,245425
20221101,10:09:19,41931.05,175,245425
20221101,10:09:31,41936.15,25,245425
20221101,10:09:35,41936.85,75,245425
20221101,10:09:45,41946.00,25,245425
20221101,10:09:50,41950.00,150,245425
20221101,10:09:53,41951.10,25,245425
20221101,10:10:03,41952.90,50,245425
20221101,10:10:32,41940.40,50,245425
20221101,10:10:39,41947.95,25,245425
20221101,10:10:40,41943.10,25,245425
20221101,10:11:14,41947.55,50,245425
20221101,10:11:27,41939.05,25,245425
20221101,10:11:45,41943.00,25,245425
20221101,10:11:52,41945.00,25,245400
20221101,10:12:02,41941.70,25,245400
20221101,10:12:08,41945.20,25,245400
20221101,10:12:28,41945.00,25,245400
20221101,10:12:36,41945.00,25,245400
20221101,10:12:44,41949.80,25,245400
20221101,10:12:48,41950.45,50,245400
20221101,10:12:54,41950.00,25,245400
20221101,10:13:09,41949.95,75,245400
20221101,10:13:14,41949.95,25,245400
20221101,10:13:17,41943.10,25,245400
20221101,10:13:30,41943.05,25,245400
20221101,10:13:37,41949.65,25,245400
20221101,10:13:48,41943.20,25,245400
20221101,10:13:55,41935.05,25,245400
20221101,10:13:58,41943.95,75,245400
20221101,10:14:12,41949.95,25,245400
20221101,10:14:13,41950.00,50,245400
20221101,10:14:17,41950.00,25,245400
20221101,10:14:33,41952.00,150,245400
20221101,10:14:43,41958.90,25,245500
20221101,10:14:49,41954.40,75,245500
20221101,10:14:51,41953.20,50,245500
20221101,10:14:52,41960.00,25,245500
20221101,10:14:54,41956.70,25,245500
20221101,10:14:57,41954.85,50,245500
20221101,10:15:02,41961.95,75,245500
20221101,10:15:04,41963.00,50,245500
20221101,10:15:05,41953.10,25,245500
20221101,10:15:18,41955.55,25,245500
20221101,10:15:20,41956.25,25,245500
20221101,10:15:22,41958.30,50,245500
20221101,10:15:25,41961.15,25,245500
20221101,10:15:27,41963.00,25,245500
20221101,10:15:30,41963.00,25,245500
20221101,10:15:31,41957.45,50,245500
20221101,10:15:36,41959.95,25,245500
20221101,10:15:41,41950.50,75,245500
20221101,10:15:51,41951.00,50,245500
20221101,10:16:03,41951.00,25,245500
20221101,10:16:26,41951.55,25,245500
20221101,10:16:27,41952.30,25,245500
20221101,10:16:57,41949.90,50,245500
20221101,10:17:03,41940.00,200,245500
20221101,10:17:17,41944.15,75,245500
20221101,10:17:40,41944.00,150,246075
20221101,10:17:54,41941.05,25,246075
20221101,10:18:20,41921.65,700,246075
20221101,10:18:22,41925.00,100,246075
20221101,10:18:23,41920.00,25,246075
20221101,10:18:25,41925.00,25,246075
20221101,10:18:30,41925.00,25,246075
20221101,10:18:35,41923.50,25,246075
20221101,10:18:38,41930.95,25,246075
20221101,10:18:40,41927.90,25,246075
20221101,10:18:54,41923.30,50,246075
20221101,10:19:01,41927.00,25,246075
20221101,10:19:02,41925.30,75,246075
20221101,10:19:04,41930.90,25,246075
20221101,10:19:24,41935.00,25,246075
20221101,10:19:40,41934.95,25,246075
20221101,10:19:43,41934.95,25,246075
20221101,10:19:47,41934.95,50,246075
20221101,10:19:58,41932.85,50,246075
20221101,10:20:06,41935.00,300,246075
20221101,10:20:19,41934.80,50,246075
20221101,10:20:27,41923.10,25,246075
20221101,10:20:39,41931.50,50,245675
20221101,10:20:53,41933.80,75,245675
20221101,10:20:57,41934.10,25,245675
20221101,10:21:12,41935.05,75,245675
20221101,10:21:52,41942.00,25,245675
20221101,10:21:53,41942.00,75,245675
20221101,10:22:03,41942.00,25,245675
20221101,10:22:16,41946.45,25,245675
20221101,10:22:17,41950.00,25,245675
20221101,10:22:48,41935.00,50,245675
20221101,10:23:04,41927.10,25,245675
20221101,10:23:27,41926.95,25,245675
20221101,10:23:30,41925.00,25,245675
20221101,10:23:42,41920.00,150,245700
20221101,10:23:53,41910.95,25,245700
20221101,10:23:56,41910.95,25,245700
20221101,10:24:03,41909.95,50,245700
20221101,10:24:11,41910.00,25,245700
20221101,10:24:15,41907.05,25,245700
20221101,10:24:16,41906.90,50,245700
20221101,10:24:18,41906.80,50,245700
20221101,10:24:20,41906.90,25,245700
20221101,10:24:28,41902.30,900,245700
20221101,10:24:29,41910.00,50,245700
20221101,10:24:31,41920.00,100,245700
20221101,10:24:34,41920.00,25,245700
20221101,10:24:36,41920.00,25,245700
20221101,10:24:44,41920.00,25,245700
20221101,10:25:16,41913.25,25,245700
20221101,10:25:35,41920.00,25,245700
20221101,10:25:38,41915.55,25,245700
20221101,10:25:55,41920.00,25,245700
20221101,10:26:02,41918.00,25,245700
20221101,10:26:16,41918.00,25,245700
20221101,10:26:20,41918.00,150,245700
20221101,10:26:22,41918.00,25,245700
20221101,10:26:30,41919.90,50,245700
20221101,10:26:36,41910.00,25,246225
20221101,10:27:02,41910.60,25,246225
20221101,10:27:14,41910.35,25,246225
20221101,10:27:22,41913.75,25,246225
20221101,10:27:36,41910.75,75,246225
20221101,10:27:54,41920.90,25,246225
20221101,10:28:05,41920.90,25,246225
20221101,10:28:38,41915.00,25,246225
20221101,10:28:46,41915.00,50,246225
20221101,10:28:52,41915.10,25,246225
20221101,10:29:00,41912.10,150,246225
20221101,10:29:10,41920.00,25,246225
20221101,10:29:53,41920.00,25,246325
20221101,10:30:05,41920.00,25,246325
20221101,10:30:53,41925.90,25,246325
20221101,10:31:00,41920.00,25,246325
20221101,10:31:09,41918.95,25,246325
20221101,10:31:13,41912.00,25,246325
20221101,10:31:52,41913.95,25,246325
20221101,10:32:05,41910.00,25,246325
20221101,10:32:19,41912.50,25,246325
20221101,10:32:29,41910.00,50,246325
20221101,10:32:35,41909.60,25,246325
20221101,10:32:40,41905.00,25,246375
20221101,10:33:03,41902.00,25,246375
20221101,10:33:19,41902.00,25,246375
20221101,10:33:32,41902.00,25,246375
20221101,10:33:40,41900.00,50,246375
20221101,10:33:56,41900.05,25,246375
20221101,10:34:09,41905.00,25,246375
20221101,10:34:17,41908.85,25,246375
20221101,10:34:19,41905.00,25,246375
20221101,10:34:20,41902.00,50,246375
20221101,10:34:24,41900.00,25,246375
20221101,10:34:25,41902.00,25,246375
20221101,10:34:33,41900.00,25,246375
20221101,10:34:35,41900.00,25,246375
20221101,10:34:46,41907.65,50,246375
20221101,10:35:17,41900.25,100,246375
20221101,10:35:21,41900.75,25,246375
20221101,10:35:40,41904.10,25,246325
20221101,10:36:29,41917.85,25,246325
20221101,10:37:03,41917.00,25,246325
20221101,10:37:06,41917.85,25,246325
20221101,10:37:14,41915.75,25,246325
20221101,10:37:24,41906.20,50,246325
20221101,10:37:38,41912.35,50,246325
20221101,10:37:40,41911.75,75,246325
20221101,10:39:24,41905.00,125,246450
20221101,10:39:34,41914.15,25,246450
20221101,10:40:00,41908.25,25,246450
20221101,10:40:13,41913.60,125,246450
20221101,10:40:20,41920.00,350,246450
20221101,10:40:21,41930.00,300,246450
20221101,10:40:25,41927.05,125,246450
20221101,10:40:54,41947.00,25,246450
20221101,10:40:56,41947.35,25,246450
20221101,10:40:57,41949.95,50,246450
20221101,10:41:02,41949.95,75,246450
20221101,10:41:13,41949.75,50,246450
20221101,10:41:39,41945.00,25,246825
20221101,10:41:52,41947.50,25,246825
20221101,10:41:55,41948.70,75,246825
20221101,10:42:01,41945.00,25,246825
20221101,10:42:03,41945.60,100,246825
20221101,10:42:09,41936.05,50,246825
20221101,10:42:11,41944.20,50,246825
20221101,10:42:14,41943.85,50,246825
20221101,10:42:45,41944.70,50,246825
20221101,10:42:48,41943.75,25,246825
20221101,10:43:06,41943.30,25,246825
20221101,10:43:28,41944.00,25,246825
20221101,10:43:39,41940.40,25,246825
20221101,10:43:58,41948.00,100,246825
20221101,10:44:42,41949.00,50,247150
20221101,10:44:47,41950.00,25,247150
20221101,10:44:51,41950.00,75,247150
20221101,10:44:52,41950.00,225,247150
20221101,10:44:56,41959.95,25,247150
20221101,10:45:04,41957.95,25,247150
20221101,10:45:05,41957.45,25,247150
20221101,10:45:24,41960.00,25,247150
20221101,10:45:26,41957.05,25,247150
20221101,10:45:29,41960.00,25,247150
20221101,10:45:37,41958.10,75,247150
20221101,10:45:39,41963.00,25,247150
20221101,10:45:40,41959.00,25,247150
20221101,10:45:42,41967.35,50,247150
20221101,10:46:10,41959.95,25,247150
20221101,10:46:21,41957.10,100,247150
20221101,10:46:31,41959.10,25,247150
20221101,10:46:52,41959.10,25,247150
20221101,10:46:57,41959.10,25,247150
20221101,10:47:00,41959.10,25,247150
20221101,10:47:01,41960.00,25,247150
20221101,10:47:06,41960.00,25,247150
20221101,10:47:14,41962.05,25,247150
20221101,10:47:21,41971.95,100,247150
20221101,10:47:24,41964.85,25,247150
20221101,10:47:26,41964.50,25,247150
20221101,10:47:33,41975.00,150,247150
20221101,10:47:47,41970.00,25,247650
20221101,10:47:52,41975.00,25,247650
20221101,10:47:57,41972.05,25,247650
20221101,10:48:00,41975.00,25,247650
20221101,10:48:02,41975.00,25,247650
20221101,10:48:03,41978.00,25,247650
20221101,10:48:26,41978.00,50,247650
20221101,10:48:35,41976.00,25,247650
20221101,10:48:36,41977.25,25,247650
20221101,10:48:43,41979.75,50,247650
20221101,10:49:04,41972.05,25,247650
20221101,10:49:09,41978.00,25,247650
20221101,10:50:13,41952.10,75,247650
20221101,10:50:26,41952.00,150,247650
20221101,10:50:41,41948.05,50,247675
20221101,10:50:44,41949.00,25,247675
20221101,10:50:54,41945.65,25,247675
20221101,10:50:57,41944.05,25,247675
20221101,10:52:03,41945.00,25,247675
20221101,10:52:17,41948.10,25,247675
20221101,10:53:08,41953.25,25,247675
20221101,10:53:10,41952.55,175,247675
20221101,10:53:15,41954.05,25,247675
20221101,10:53:51,41961.15,75,247800
20221101,10:54:03,41968.45,250,247800
20221101,10:54:05,41968.75,25,247800
20221101,10:54:27,41968.15,25,247800
20221101,10:55:01,41970.00,50,247800
20221101,10:55:10,41979.00,25,247800
20221101,10:55:33,41972.90,200,247800
20221101,10:55:38,41978.75,75,247800
20221101,10:55:40,41978.80,25,247800
20221101,10:56:28,41973.70,50,247800
20221101,10:56:35,41968.00,25,247800
20221101,10:57:05,41974.00,25,247800
20221101,10:57:08,41973.00,25,248025
20221101,10:57:29,41972.15,25,248025
20221101,10:57:46,41972.10,25,248025
20221101,10:57:52,41975.00,25,248025
20221101,10:58:21,41978.00,25,248025
20221101,10:58:30,41978.00,25,248025
20221101,10:58:35,41972.60,50,248025
20221101,10:58:40,41976.00,25,248025
20221101,10:58:53,41960.05,300,248025
20221101,10:59:03,41977.95,75,248025
20221101,10:59:13,41975.40,50,248025
20221101,10:59:54,41965.55,100,247950
20221101,11:00:22,41964.25,75,247950
20221101,11:00:33,41960.10,100,247950
20221101,11:00:56,41957.95,25,247950
20221101,11:01:11,41952.15,25,247950
20221101,11:01:22,41952.15,25,247950
20221101,11:01:39,41955.60,25,247950
20221101,11:01:53,41945.75,25,247950
20221101,11:02:21,41960.00,25,247950
20221101,11:02:57,41958.95,25,248100
20221101,11:03:32,41959.25,25,248100
20221101,11:03:53,41959.90,25,248100
20221101,11:04:17,41959.00,50,248100
20221101,11:04:24,41959.00,25,248100
20221101,11:04:34,41959.00,25,248100
20221101,11:05:06,41959.00,50,248100
20221101,11:06:06,41959.75,50,248200
20221101,11:06:35,41963.15,50,248200
20221101,11:06:39,41960.00,25,248200
20221101,11:06:44,41966.45,25,248200
20221101,11:07:38,41957.50,25,248200
20221101,11:08:52,41970.00,25,248375
20221101,11:09:08,41967.15,25,248375
20221101,11:09:34,41970.00,50,248375
20221101,11:10:12,41974.75,25,248375
20221101,11:10:14,41973.60,50,248375
20221101,11:10:20,41973.35,25,248375
20221101,11:10:41,41978.00,50,248375
20221101,11:10:54,41973.80,25,248375
20221101,11:11:04,41978.00,50,248375
20221101,11:11:18,41977.00,50,248375
20221101,11:11:20,41979.00,325,248375
20221101,11:11:22,41980.00,25,248375
20221101,11:11:25,41978.95,25,248375
20221101,11:11:28,41980.00,50,248375
20221101,11:11:36,41980.00,25,248375
20221101,11:11:43,41975.10,50,248375
20221101,11:11:54,41980.00,50,248325
20221101,11:12:06,41975.00,50,248325
20221101,11:12:12,41975.00,75,248325
20221101,11:12:14,41972.00,25,248325
20221101,11:12:19,41970.00,25,248325
20221101,11:12:42,41960.00,25,248325
20221101,11:13:02,41959.95,25,248325
20221101,11:13:05,41960.45,150,248325
20221101,11:13:09,41959.20,75,248325
20221101,11:13:12,41951.00,25,248325
20221101,11:13:18,41945.00,25,248325
20221101,11:13:23,41951.35,875,248325
20221101,11:13:45,41954.55,50,248325
20221101,11:13:57,41958.90,850,248325
20221101,11:14:25,41969.95,100,248325
20221101,11:14:26,41970.00,25,248325
20221101,11:14:35,41966.00,50,248325
20221101,11:14:36,41966.00,175,248325
20221101,11:14:38,41966.00,25,248325
20221101,11:14:39,41966.00,50,248325
20221101,11:14:43,41966.00,25,248325
20221101,11:14:46,41968.15,50,248050
20221101,11:14:47,41966.00,25,248050
20221101,11:14:50,41966.00,25,248050
20221101,11:15:45,41952.70,250,248050
20221101,11:15:55,41952.70,100,248050
20221101,11:16:36,41966.00,25,248050
20221101,11:16:56,41954.10,75,248050
20221101,11:17:04,41954.15,50,248050
20221101,11:18:04,41951.30,25,248400
20221101,11:18:22,41947.75,50,248400
20221101,11:19:12,41955.70,75,248400
20221101,11:19:18,41945.90,25,248400
20221101,11:19:45,41956.20,100,248400
20221101,11:20:51,41954.25,25,248550
20221101,11:21:32,41957.00,25,248550
20221101,11:21:50,41956.05,25,248550
20221101,11:22:37,41953.45,200,248550
20221101,11:22:58,41963.30,50,248550
20221101,11:23:18,41963.30,25,248550
20221101,11:23:54,41962.20,50,248800
20221101,11:24:23,41963.30,50,248800
20221101,11:25:38,41963.00,25,248800
20221101,11:26:16,41960.00,25,248800
20221101,11:26:49,41959.00,25,248825
20221101,11:26:58,41959.00,25,248825
20221101,11:27:15,41956.50,50,248825
20221101,11:27:28,41953.10,25,248825
20221101,11:27:31,41949.55,25,248825
20221101,11:28:48,41945.00,225,248825
20221101,11:28:52,41941.00,25,248825
20221101,11:29:09,41935.30,25,248825
20221101,11:29:13,41936.25,25,248825
20221101,11:29:33,41931.70,75,248825
20221101,11:29:38,41936.60,75,248825
20221101,11:30:04,41922.30,50,249125
20221101,11:30:06,41921.20,50,249125
20221101,11:30:25,41921.10,75,249125
20221101,11:30:27,41920.50,100,249125
20221101,11:30:30,41922.10,175,249125
20221101,11:31:13,41934.90,50,249125
20221101,11:31:14,41942.95,50,249125
20221101,11:32:20,41946.30,100,249125
20221101,11:33:37,41930.00,125,249325
20221101,11:33:45,41938.00,25,249325
20221101,11:33:53,41930.00,25,249325
20221101,11:33:59,41929.05,25,249325
20221101,11:36:11,41936.05,150,249200
20221101,11:36:15,41938.05,25,249200
20221101,11:36:46,41940.00,25,249200
20221101,11:37:30,41941.50,50,249200
20221101,11:38:09,41941.50,25,249200
20221101,11:38:49,41949.25,50,249375
20221101,11:39:05,41950.20,25,249375
20221101,11:40:34,41940.00,25,249375
20221101,11:41:00,41937.70,50,249375
20221101,11:41:27,41930.00,25,249375
20221101,11:41:54,41935.10,25,249500
20221101,11:42:11,41938.00,25,249500
20221101,11:42:54,41938.25,25,249500
20221101,11:43:29,41934.65,50,249500
20221101,11:44:52,41939.85,25,249550
20221101,11:45:35,41940.35,25,249550
20221101,11:46:06,41939.35,50,249550
20221101,11:46:09,41939.40,50,249550
20221101,11:46:42,41948.40,25,249550
20221101,11:46:43,41947.80,25,249550
20221101,11:46:50,41947.65,25,249550
20221101,11:47:10,41949.85,25,249550
20221101,11:47:11,41947.50,25,249550
20221101,11:47:21,41945.35,50,249550
20221101,11:47:35,41942.05,100,249550
20221101,11:47:43,41945.45,50,249550
20221101,11:48:21,41944.75,50,249875
20221101,11:48:29,41944.75,50,249875
20221101,11:48:46,41939.95,50,249875
20221101,11:48:56,41940.00,25,249875
20221101,11:49:01,41936.30,25,249875
20221101,11:49:40,41946.60,50,249875
20221101,11:49:50,41950.00,75,249875
20221101,11:49:51,41948.95,25,249875
20221101,11:50:19,41950.95,25,249875
20221101,11:50:44,41940.65,25,249875
20221101,11:52:03,41949.50,25,249875
20221101,11:52:05,41949.00,25,250000
20221101,11:52:39,41947.00,25,250000
20221101,11:52:42,41947.00,25,250000
20221101,11:52:52,41945.00,50,250000
20221101,11:52:53,41949.00,25,250000
20221101,11:53:14,41940.00,25,250000
20221101,11:53:19,41942.95,25,250000
20221101,11:54:17,41941.95,25,250150
20221101,11:54:46,41937.30,25,250150
20221101,11:55:10,41939.95,25,250150
20221101,11:55:55,41940.00,50,250150
20221101,11:56:49,41931.55,25,250150
20221101,11:57:06,41927.05,25,250175
20221101,11:57:11,41927.05,25,250175
20221101,11:57:44,41920.00,125,250175
20221101,11:57:47,41918.70,25,250175
20221101,11:58:03,41916.70,25,250175
20221101,11:58:06,41912.40,25,250175
20221101,11:58:18,41916.35,50,250175
20221101,11:58:34,41920.65,25,250175
20221101,11:59:26,41921.15,25,250175
20221101,11:59:38,41922.95,25,250175
20221101,11:59:49,41920.00,25,250175
20221101,12:00:05,41904.65,100,250275
20221101,12:00:32,41910.00,25,250275
20221101,12:00:46,41905.00,25,250275
20221101,12:01:05,41905.00,50,250275
20221101,12:01:16,41904.00,50,250275
20221101,12:01:19,41902.65,75,250275
20221101,12:01:21,41904.00,75,250275
20221101,12:01:24,41904.05,200,250275
20221101,12:01:45,41907.50,300,250275
20221101,12:02:58,41910.00,50,250450
20221101,12:03:03,41910.00,25,250450
20221101,12:03:34,41902.00,25,250450
20221101,12:04:06,41902.00,25,250450
20221101,12:04:16,41902.00,25,250450
20221101,12:04:27,41900.15,25,250450
20221101,12:04:31,41900.00,50,250450
20221101,12:04:32,41900.00,300,250450
20221101,12:04:50,41892.05,25,250450
20221101,12:05:09,41886.00,75,250450
20221101,12:05:11,41888.00,25,250450
20221101,12:05:15,41888.00,50,250450
20221101,12:05:19,41895.00,25,250450
20221101,12:06:09,41879.00,400,250450
20221101,12:06:18,41875.00,125,250450
20221101,12:06:19,41875.00,325,250450
20221101,12:06:39,41889.75,100,250450
20221101,12:06:56,41871.00,75,250450
20221101,12:06:57,41869.15,50,250450
20221101,12:07:04,41869.60,100,250450
20221101,12:07:08,41865.05,100,250450
20221101,12:07:12,41863.95,100,250450
20221101,12:07:15,41863.95,100,250450
20221101,12:07:17,41864.25,150,250450
20221101,12:07:18,41864.25,100,250450
20221101,12:07:20,41869.60,125,250450
20221101,12:07:21,41867.20,200,250450
20221101,12:07:25,41869.60,75,250450
20221101,12:07:26,41868.45,100,250450
20221101,12:07:33,41870.55,150,250450
20221101,12:07:44,41868.00,25,250450
20221101,12:07:45,41868.00,25,250450
20221101,12:07:47,41874.40,50,250450
20221101,12:08:01,41869.95,25,250450
20221101,12:08:14,41864.10,25,250450
20221101,12:08:20,41865.60,25,250450
20221101,12:08:25,41869.95,75,250450
20221101,12:08:35,41870.00,50,250450
20221101,12:08:38,41870.00,25,250450
20221101,12:08:55,41880.00,25,250450
20221101,12:09:14,41870.55,25,249450
20221101,12:09:19,41870.00,25,249450
20221101,12:09:24,41863.45,50,249450
20221101,12:09:45,41864.90,25,249450
20221101,12:09:56,41862.75,25,249450
20221101,12:10:00,41860.00,25,249450
20221101,12:10:20,41864.10,75,249450
20221101,12:10:23,41875.35,25,249450
20221101,12:10:43,41861.65,25,249450
20221101,12:10:45,41860.00,50,249450
20221101,12:10:51,41855.00,25,249450
20221101,12:10:53,41852.75,25,249450
20221101,12:10:56,41851.00,50,249450
20221101,12:10:58,41851.00,50,249450
20221101,12:11:01,41850.00,100,249450
20221101,12:11:04,41851.85,50,249450
20221101,12:11:17,41845.00,25,249450
20221101,12:11:25,41849.45,25,249450
20221101,12:11:39,41846.55,200,249450
20221101,12:11:41,41845.55,50,249450
20221101,12:11:42,41845.00,25,249450
20221101,12:11:47,41841.35,25,249450
20221101,12:11:49,41840.15,125,249450
20221101,12:12:01,41840.00,25,249800
20221101,12:12:03,41833.80,25,249800
20221101,12:12:04,41843.90,25,249800
20221101,12:12:14,41833.60,25,249800
20221101,12:12:34,41850.00,25,249800
20221101,12:12:39,41845.15,50,249800
20221101,12:12:43,41842.75,25,249800
20221101,12:12:53,41849.80,25,249800
20221101,12:13:16,41838.00,200,249800
20221101,12:13:27,41840.00,50,249800
20221101,12:13:31,41838.15,100,249800
20221101,12:13:58,41846.95,25,249800
20221101,12:14:09,41846.95,25,249800
20221101,12:14:16,41833.35,25,249800
20221101,12:14:46,41840.20,25,249800
20221101,12:14:49,41831.50,50,249800
20221101,12:15:06,41831.00,25,249500
20221101,12:15:08,41830.00,50,249500
20221101,12:15:10,41835.10,25,249500
20221101,12:15:29,41820.00,400,249500
20221101,12:15:34,41823.55,75,249500
20221101,12:15:41,41816.25,50,249500
20221101,12:15:59,41825.55,25,249500
20221101,12:16:00,41824.95,50,249500
20221101,12:16:02,41820.00,25,249500
20221101,12:16:04,41816.25,50,249500
20221101,12:16:05,41810.00,50,249500
20221101,12:16:20,41811.40,25,249500
20221101,12:16:25,41813.05,50,249500
20221101,12:16:39,41820.00,25,249500
20221101,12:16:47,41814.45,50,249500
20221101,12:16:55,41820.00,25,249500
20221101,12:16:58,41820.00,25,249500
20221101,12:17:07,41820.00,50,249500
20221101,12:17:13,41813.10,25,249500
20221101,12:17:30,41820.00,100,249500
20221101,12:17:41,41820.00,25,249500
20221101,12:18:19,41818.75,25,249300
20221101,12:18:20,41817.00,25,249300
20221101,12:18:29,41816.00,25,249300
20221101,12:18:48,41815.00,50,249300
20221101,12:19:06,41813.00,25,249300
20221101,12:19:12,41813.00,225,249300
20221101,12:20:07,41821.00,50,249300
20221101,12:20:25,41829.90,25,249300
20221101,12:20:30,41830.00,100,249300
20221101,12:20:37,41841.00,100,249300
20221101,12:20:50,41845.00,25,249300
20221101,12:20:52,41841.00,50,249300
20221101,12:21:00,41841.95,25,249100
20221101,12:21:03,41835.00,25,249100
20221101,12:21:24,41827.00,25,249100
20221101,12:21:44,41819.90,100,249100
20221101,12:21:57,41813.00,25,249100
20221101,12:22:09,41805.50,25,249100
20221101,12:22:14,41800.00,175,249100
20221101,12:22:17,41800.00,25,249100
20221101,12:22:18,41800.00,25,249100
20221101,12:22:33,41800.00,200,249100
20221101,12:22:36,41800.00,25,249100
20221101,12:23:03,41804.05,75,249100
20221101,12:23:11,41813.05,50,249100
20221101,12:23:37,41813.05,50,249100
20221101,12:23:52,41813.05,25,249100
20221101,12:24:04,41813.05,25,249350
20221101,12:24:56,41810.00,50,249350
20221101,12:25:25,41810.00,25,249350
20221101,12:25:26,41810.00,25,249350
20221101,12:25:55,41811.05,25,249350
20221101,12:26:13,41811.05,225,249350
20221101,12:26:38,41818.05,50,249350
20221101,12:26:56,41818.05,25,249350
20221101,12:27:08,41812.35,25,249350
20221101,12:27:17,41809.70,25,249350
20221101,12:27:21,41808.50,25,249350
20221101,12:28:38,41808.50,50,249350
20221101,12:28:49,41807.80,25,249350
20221101,12:29:12,41811.05,25,249350
20221101,12:29:27,41811.40,25,249350
20221101,12:30:10,41808.70,25,249350
20221101,12:30:19,41808.95,25,249375
20221101,12:30:25,41805.00,50,249375
20221101,12:30:27,41804.40,25,249375
20221101,12:30:28,41805.40,25,249375
20221101,12:30:40,41802.00,25,249375
20221101,12:31:04,41800.00,500,249375
20221101,12:31:06,41795.00,25,249375
20221101,12:31:09,41790.00,50,249375
20221101,12:31:14,41786.00,1175,249375
20221101,12:31:17,41778.95,150,249375
20221101,12:31:20,41775.00,75,249375
20221101,12:31:24,41772.10,25,249375
20221101,12:31:27,41769.05,50,249375
20221101,12:31:37,41770.00,50,249375
20221101,12:31:44,41775.35,25,249375
20221101,12:32:18,41760.00,50,249375
20221101,12:32:23,41758.90,25,249375
20221101,12:32:58,41762.05,25,249375
20221101,12:33:30,41751.00,25,249375
20221101,12:33:32,41750.00,375,250725
20221101,12:33:33,41745.10,25,250725
20221101,12:33:35,41745.30,25,250725
20221101,12:33:37,41745.05,25,250725
20221101,12:33:38,41723.00,725,250725
20221101,12:33:42,41711.00,50,250725
20221101,12:33:43,41680.00,425,250725
20221101,12:33:45,41680.00,50,250725
20221101,12:33:48,41710.65,75,250725
20221101,12:33:53,41715.05,25,250725
20221101,12:34:00,41723.05,100,250725
20221101,12:34:05,41722.45,25,250725
20221101,12:34:12,41725.00,25,250725
20221101,12:34:20,41724.95,25,250725
20221101,12:34:30,41716.55,25,250725
20221101,12:34:33,41718.40,25,250725
20221101,12:34:43,41725.00,175,250725
20221101,12:34:46,41725.00,50,250725
20221101,12:34:55,41715.00,50,250725
20221101,12:34:58,41719.25,25,250725
20221101,12:35:02,41710.00,25,250725
20221101,12:35:03,41710.00,25,250725
20221101,12:35:05,41705.10,25,250725
20221101,12:35:12,41710.70,25,250725
20221101,12:35:13,41705.00,75,250725
20221101,12:35:15,41704.50,75,250725
20221101,12:35:20,41700.00,25,250725
20221101,12:35:25,41707.70,25,250725
20221101,12:35:30,41700.00,25,250725
20221101,12:35:31,41700.00,25,250725
20221101,12:35:36,41700.00,125,250725
20221101,12:35:46,41708.50,25,250725
20221101,12:35:48,41708.50,25,250725
20221101,12:35:50,41706.45,50,250725
20221101,12:35:51,41701.60,25,250725
20221101,12:35:53,41700.00,125,250725
20221101,12:36:00,41695.15,25,250725
20221101,12:36:01,41682.05,50,251800
20221101,12:36:06,41685.65,50,251800
20221101,12:36:11,41675.15,75,251800
20221101,12:36:13,41675.15,25,251800
20221101,12:36:15,41679.35,100,251800
20221101,12:36:23,41683.70,25,251800
20221101,12:36:39,41686.20,25,251800
20221101,12:36:46,41680.05,100,251800
20221101,12:36:49,41687.35,25,251800
20221101,12:36:51,41686.95,25,251800
20221101,12:36:56,41688.90,25,251800
20221101,12:37:04,41692.45,25,251800
20221101,12:37:08,41693.50,50,251800
20221101,12:37:09,41700.95,25,251800
20221101,12:37:11,41701.55,25,251800
20221101,12:37:13,41702.30,25,251800
20221101,12:37:21,41703.60,25,251800
20221101,12:37:24,41695.60,100,251800
20221101,12:37:33,41716.60,50,251800
20221101,12:37:34,41716.15,100,251800
20221101,12:37:44,41713.90,25,251800
20221101,12:37:49,41719.85,25,251800
20221101,12:37:54,41720.00,175,251800
20221101,12:37:56,41720.00,50,251800
20221101,12:38:03,41725.75,25,251800
20221101,12:38:11,41730.00,25,251800
20221101,12:38:12,41735.45,225,251800
20221101,12:38:22,41727.30,25,251800
20221101,12:38:26,41731.10,25,251800
20221101,12:38:39,41730.00,150,251800
20221101,12:38:46,41728.40,125,251800
20221101,12:38:49,41724.55,25,251800
20221101,12:39:02,41711.10,25,251875
20221101,12:39:06,41708.65,100,251875
20221101,12:39:21,41700.00,75,251875
20221101,12:39:28,41690.00,25,251875
20221101,12:39:29,41687.60,25,251875
20221101,12:39:38,41687.00,75,251875
20221101,12:39:43,41680.00,275,251875
20221101,12:39:46,41670.00,100,251875
20221101,12:40:06,41666.00,50,251875
20221101,12:40:11,41666.00,25,251875
20221101,12:40:17,41675.65,50,251875
20221101,12:40:21,41670.00,50,251875
20221101,12:40:37,41677.00,75,251875
20221101,12:40:46,41679.15,50,251875
20221101,12:41:01,41697.95,50,251875
20221101,12:41:02,41696.00,25,251875
20221101,12:41:06,41691.00,25,251875
20221101,12:41:22,41688.85,25,251875
20221101,12:41:24,41690.00,25,251875
20221101,12:41:25,41691.05,25,251875
20221101,12:41:27,41687.45,25,251875
20221101,12:41:42,41693.55,25,251875
20221101,12:41:58,41687.45,50,251875
20221101,12:42:06,41680.00,25,251875
20221101,12:42:16,41680.45,25,251875
20221101,12:42:23,41684.90,50,251875
20221101,12:42:26,41686.95,25,251875
20221101,12:42:39,41686.95,25,251875
20221101,12:42:42,41690.60,25,251875
20221101,12:42:57,41690.00,50,251875
20221101,12:43:02,41688.15,25,251875
20221101,12:43:13,41688.00,25,251875
20221101,12:43:50,41688.00,25,251875
20221101,12:43:52,41688.00,25,251875
20221101,12:43:53,41684.00,25,251875
20221101,12:44:28,41695.00,50,251875
20221101,12:44:38,41696.20,25,251875
20221101,12:44:55,41700.00,25,251875
20221101,12:45:00,41709.65,25,251875
20221101,12:45:10,41710.35,25,251925
20221101,12:45:13,41712.60,200,251925
20221101,12:45:15,41714.40,225,251925
20221101,12:45:17,41709.05,25,251925
20221101,12:45:22,41717.85,25,251925
20221101,12:45:26,41722.00,75,251925
20221101,12:45:28,41723.90,75,251925
20221101,12:45:31,41720.00,25,251925
20221101,12:45:35,41726.00,125,251925
20221101,12:45:36,41729.60,175,251925
20221101,12:45:45,41725.00,25,251925
20221101,12:45:46,41725.55,50,251925
20221101,12:45:49,41722.00,125,251925
20221101,12:45:51,41723.45,100,251925
20221101,12:45:54,41720.40,25,251925
20221101,12:45:58,41721.50,50,251925
20221101,12:46:02,41721.25,25,251925
20221101,12:46:04,41722.95,100,251925
20221101,12:46:06,41724.40,100,251925
20221101,12:46:09,41725.00,25,251925
20221101,12:46:11,41726.00,75,251925
20221101,12:46:12,41726.00,75,251925
20221101,12:46:20,41728.40,700,251925
20221101,12:46:22,41728.15,25,251925
20221101,12:46:32,41733.80,25,251925
20221101,12:46:39,41731.65,25,251925
20221101,12:46:40,41732.65,25,251925
20221101,12:46:56,41725.00,100,251925
20221101,12:46:58,41720.00,50,251925
20221101,12:47:06,41728.45,875,251925
20221101,12:47:13,41731.95,125,251925
20221101,12:47:24,41728.50,200,251925
20221101,12:47:31,41727.25,25,251925
20221101,12:47:36,41724.00,25,251925
20221101,12:47:56,41720.00,50,251925
20221101,12:48:22,41710.00,25,251925
20221101,12:48:37,41709.70,25,252400
20221101,12:48:39,41710.00,25,252400
20221101,12:49:04,41702.15,175,252400
20221101,12:49:12,41710.00,100,252400
20221101,12:50:01,41710.60,25,252400
20221101,12:50:37,41711.30,125,252400
20221101,12:50:58,41721.95,25,252400
20221101,12:51:43,41731.75,25,252400
20221101,12:51:56,41734.25,25,252225
20221101,12:51:57,41732.00,25,252225
20221101,12:52:03,41725.55,50,252225
20221101,12:52:05,41725.40,50,252225
20221101,12:52:07,41724.70,50,252225
20221101,12:52:08,41723.85,50,252225
20221101,12:52:19,41724.60,25,252225
20221101,12:52:35,41722.95,25,252225
20221101,12:52:56,41724.85,25,252225
20221101,12:53:01,41721.50,25,252225
20221101,12:53:07,41717.80,275,252225
20221101,12:53:10,41721.50,25,252225
20221101,12:53:25,41720.00,150,252225
20221101,12:53:28,41720.00,125,252225
20221101,12:53:30,41720.00,125,252225
20221101,12:53:57,41730.00,50,252225
20221101,12:53:59,41732.70,50,252225
20221101,12:54:07,41720.05,100,252300
20221101,12:54:08,41727.90,25,252300
20221101,12:54:48,41720.00,75,252300
20221101,12:55:11,41715.00,25,252300
20221101,12:55:16,41713.10,100,252300
20221101,12:55:34,41700.00,75,252300
20221101,12:55:53,41700.00,50,252300
20221101,12:56:00,41692.10,250,252300
20221101,12:56:19,41690.00,25,252300
20221101,12:56:24,41690.00,250,252300
20221101,12:56:42,41696.90,50,252300
20221101,12:56:44,41699.95,25,252300
20221101,12:56:55,41700.00,25,252300
20221101,12:56:57,41700.65,75,252300
20221101,12:57:03,41696.90,50,252300
20221101,12:57:10,41697.90,25,252450
20221101,12:57:36,41700.85,25,252450
20221101,12:58:10,41697.00,25,252450
20221101,12:58:33,41697.25,25,252450
20221101,12:58:45,41690.00,25,252450
20221101,12:58:51,41688.00,75,252450
20221101,12:59:00,41686.00,25,252450
20221101,12:59:18,41690.90,50,252450
20221101,12:59:21,41683.00,75,252450
20221101,12:59:26,41688.80,25,252450
20221101,12:59:27,41689.90,25,252450
20221101,12:59:37,41696.20,50,252450
20221101,12:59:47,41688.70,25,252450
20221101,12:59:49,41687.05,75,252450
20221101,12:59:58,41687.60,50,252450
20221101,13:00:02,41687.10,25,252450
20221101,13:00:07,41683.80,75,252325
20221101,13:00:48,41682.65,50,252325
20221101,13:00:58,41675.00,75,252325
20221101,13:00:59,41679.70,25,252325
20221101,13:01:03,41658.05,1150,252325
20221101,13:01:06,41659.05,25,252325
20221101,13:01:13,41655.00,250,252325
20221101,13:01:21,41659.45,25,252325
20221101,13:01:24,41658.90,50,252325
20221101,13:01:28,41651.00,25,252325
20221101,13:01:39,41649.55,525,252325
20221101,13:01:41,41649.55,825,252325
20221101,13:01:44,41630.15,50,252325
20221101,13:01:46,41630.15,25,252325
20221101,13:01:51,41630.00,25,252325
20221101,13:01:54,41630.00,400,252325
20221101,13:01:58,41628.05,75,252325
20221101,13:02:06,41625.00,50,252325
20221101,13:02:09,41625.00,200,252325
20221101,13:02:14,41633.65,50,252325
20221101,13:02:16,41634.00,50,252325
20221101,13:02:36,41636.00,25,252325
20221101,13:02:38,41637.00,25,252325
20221101,13:03:01,41625.00,25,252325
20221101,13:03:04,41625.00,50,252325
20221101,13:03:06,41627.00,25,252325
20221101,13:03:09,41620.95,25,253250
20221101,13:03:11,41620.95,25,253250
20221101,13:03:13,41620.15,25,253250
20221101,13:03:14,41620.15,25,253250
20221101,13:03:24,41620.00,25,253250
20221101,13:03:26,41620.00,25,253250
20221101,13:03:27,41616.45,25,253250
20221101,13:03:31,41616.45,25,253250
20221101,13:03:32,41620.00,75,253250
20221101,13:03:34,41623.25,25,253250
20221101,13:03:39,41617.30,25,253250
20221101,13:03:42,41612.00,275,253250
20221101,13:03:47,41610.00,50,253250
20221101,13:03:52,41610.00,75,253250
20221101,13:03:57,41610.00,25,253250
20221101,13:04:00,41610.00,25,253250
20221101,13:04:05,41609.95,25,253250
20221101,13:04:07,41603.00,50,253250
20221101,13:04:10,41603.00,25,253250
20221101,13:04:17,41610.00,50,253250
20221101,13:04:18,41611.15,50,253250
20221101,13:04:23,41616.00,25,253250
20221101,13:04:25,41615.00,125,253250
20221101,13:04:51,41608.40,25,253250
20221101,13:04:56,41613.35,25,253250
20221101,13:04:59,41615.00,25,253250
20221101,13:05:01,41605.00,25,253250
20221101,13:05:03,41609.90,25,253250
20221101,13:05:06,41600.00,75,253250
20221101,13:05:08,41600.00,300,253250
20221101,13:05:09,41600.00,25,253250
20221101,13:05:11,41600.00,25,253250
20221101,13:05:16,41599.95,25,253250
20221101,13:05:19,41599.95,25,253250
20221101,13:05:21,41599.90,25,253250
20221101,13:05:22,41599.90,75,253250
20221101,13:05:24,41604.90,50,253250
20221101,13:05:46,41610.00,75,253250
20221101,13:05:47,41615.95,25,253250
20221101,13:06:06,41600.00,50,253250
20221101,13:06:07,41600.00,100,253450
20221101,13:06:14,41599.15,200,253450
20221101,13:06:17,41590.15,25,253450
20221101,13:06:21,41590.15,25,253450
20221101,13:06:24,41595.85,75,253450
20221101,13:06:26,41596.60,25,253450
20221101,13:06:32,41603.05,50,253450
20221101,13:06:39,41603.80,25,253450
20221101,13:06:42,41601.70,50,253450
20221101,13:06:46,41603.75,50,253450
20221101,13:06:52,41603.75,50,253450
20221101,13:07:02,41610.55,25,253450
20221101,13:07:09,41613.85,50,253450
20221101,13:07:11,41622.95,25,253450
20221101,13:07:17,41602.90,50,253450
20221101,13:07:19,41601.90,25,253450
20221101,13:07:29,41600.00,25,253450
20221101,13:07:37,41602.55,25,253450
20221101,13:07:47,41600.00,25,253450
20221101,13:08:02,41595.05,25,253450
20221101,13:08:12,41597.10,50,253450
20221101,13:08:22,41604.95,25,253450
20221101,13:09:07,41600.70,25,253450
20221101,13:09:13,41600.00,50,253400
20221101,13:09:17,41600.45,25,253400
20221101,13:09:27,41600.45,25,253400
20221101,13:09:33,41597.55,25,253400
20221101,13:10:00,41607.95,50,253400
20221101,13:10:19,41600.00,50,253400
20221101,13:10:28,41607.70,50,253400
20221101,13:10:29,41607.95,25,253400
20221101,13:10:39,41605.00,25,253400
20221101,13:11:02,41609.20,25,253400
20221101,13:11:05,41609.00,50,253400
20221101,13:11:09,41605.00,50,253400
20221101,13:11:17,41601.55,25,253400
20221101,13:11:18,41601.00,50,253400
20221101,13:11:23,41600.00,50,253400
20221101,13:11:28,41601.55,25,253400
20221101,13:11:30,41601.75,25,253400
20221101,13:11:40,41600.00,125,253400
20221101,13:11:45,41595.00,150,253400
20221101,13:11:46,41580.80,250,253400
20221101,13:11:48,41580.80,25,253400
20221101,13:11:50,41575.00,175,253400
20221101,13:11:51,41575.00,50,253400
20221101,13:11:53,41573.00,25,253400
20221101,13:11:55,41571.50,25,253400
20221101,13:11:58,41570.15,50,253400
20221101,13:12:00,41571.55,25,253400
20221101,13:12:01,41567.25,25,253400
20221101,13:12:05,41567.25,50,253400
20221101,13:12:06,41576.60,50,253400
20221101,13:12:16,41560.00,200,253625
20221101,13:12:20,41560.00,25,253625
20221101,13:12:23,41560.00,25,253625
20221101,13:12:26,41562.25,25,253625
20221101,13:12:28,41562.85,25,253625
20221101,13:12:31,41561.05,50,253625
20221101,13:12:36,41567.00,50,253625
20221101,13:12:38,41568.00,25,253625
20221101,13:12:41,41566.90,25,253625
20221101,13:12:46,41569.15,25,253625
20221101,13:12:55,41572.45,25,253625
20221101,13:12:56,41572.90,25,253625
20221101,13:13:05,41575.00,50,253625
20221101,13:13:15,41575.00,25,253625
20221101,13:13:23,41573.70,25,253625
20221101,13:13:28,41570.00,25,253625
20221101,13:13:38,41573.00,250,253625
20221101,13:13:51,41574.05,25,253625
20221101,13:13:54,41575.00,25,253625
20221101,13:13:59,41574.05,25,253625
20221101,13:14:01,41573.00,25,253625
20221101,13:14:03,41570.00,25,253625
20221101,13:14:08,41566.15,50,253625
20221101,13:14:11,41566.00,25,253625
20221101,13:14:12,41567.85,25,253625
20221101,13:14:20,41565.00,100,253625
20221101,13:14:29,41565.00,50,253625
20221101,13:14:30,41565.10,25,253625
20221101,13:14:35,41575.00,25,253625
20221101,13:14:37,41575.00,25,253625
20221101,13:14:45,41580.00,25,253625
20221101,13:14:47,41580.00,25,253625
20221101,13:14:49,41580.45,25,253625
20221101,13:14:55,41580.00,25,253625
20221101,13:15:18,41571.85,25,254200
20221101,13:15:41,41580.35,25,254200
20221101,13:15:43,41580.05,25,254200
20221101,13:15:55,41578.45,25,254200
20221101,13:15:56,41586.05,25,254200
20221101,13:16:00,41586.70,50,254200
20221101,13:16:03,41588.20,100,254200
20221101,13:16:05,41584.20,25,254200
20221101,13:16:08,41591.10,275,254200
20221101,13:16:13,41597.20,25,254200
20221101,13:16:15,41592.45,25,254200
20221101,13:16:25,41600.00,225,254200
20221101,13:16:35,41609.00,25,254200
20221101,13:16:55,41613.85,50,254200
20221101,13:17:08,41620.00,100,254200
20221101,13:17:18,41631.95,75,254200
20221101,13:17:28,41625.00,25,254200
20221101,13:17:55,41627.35,25,254200
20221101,13:18:00,41633.00,25,254200
20221101,13:18:06,41626.05,275,254200
20221101,13:18:14,41621.35,25,254500
20221101,13:18:21,41621.60,25,254500
20221101,13:18:36,41618.40,25,254500
20221101,13:18:51,41620.05,25,254500
20221101,13:19:02,41612.10,25,254500
20221101,13:19:11,41620.00,75,254500
20221101,13:19:15,41619.95,25,254500
20221101,13:19:24,41619.95,175,254500
20221101,13:19:39,41623.15,25,254500
20221101,13:19:42,41626.05,25,254500
20221101,13:19:44,41626.05,50,254500
20221101,13:19:46,41632.30,75,254500
20221101,13:19:51,41633.00,50,254500
20221101,13:19:52,41638.25,25,254500
20221101,13:19:55,41638.25,50,254500
20221101,13:20:04,41640.00,150,254500
20221101,13:20:09,41647.60,100,254500
20221101,13:20:12,41646.45,75,254500
20221101,13:20:37,41640.05,200,254500
20221101,13:20:44,41643.00,25,254500
20221101,13:20:50,41650.00,50,254500
20221101,13:20:57,41656.65,25,254500
20221101,13:21:02,41652.40,75,254500
20221101,13:21:03,41651.45,50,254500
20221101,13:21:05,41653.80,25,254500
20221101,13:21:13,41652.00,25,254375
20221101,13:21:18,41654.45,50,254375
20221101,13:21:25,41652.00,25,254375
20221101,13:21:26,41650.00,25,254375
20221101,13:21:36,41651.05,25,254375
20221101,13:21:55,41649.10,25,254375
20221101,13:22:05,41645.55,25,254375
20221101,13:22:10,41649.10,50,254375
20221101,13:22:30,41656.00,25,254375
20221101,13:22:31,41655.40,25,254375
20221101,13:22:33,41649.25,25,254375
20221101,13:22:49,41657.10,25,254375
20221101,13:22:56,41659.05,125,254375
20221101,13:22:58,41655.00,25,254375
20221101,13:23:03,41652.40,125,254375
20221101,13:23:09,41650.00,75,254375
20221101,13:23:25,41645.30,75,254375
20221101,13:23:27,41644.60,25,254375
20221101,13:23:32,41645.85,150,254375
20221101,13:23:51,41648.00,100,254375
20221101,13:23:54,41652.85,50,254375
20221101,13:24:24,41645.85,25,254650
20221101,13:24:27,41643.45,125,254650
20221101,13:24:32,41645.00,25,254650
20221101,13:24:37,41649.00,25,254650
20221101,13:24:39,41649.00,50,254650
20221101,13:24:45,41650.00,25,254650
20221101,13:25:13,41656.00,25,254650
20221101,13:25:15,41659.00,25,254650
20221101,13:25:16,41666.25,50,254650
20221101,13:25:23,41652.60,100,254650
20221101,13:25:31,41657.70,100,254650
20221101,13:25:33,41666.00,50,254650
20221101,13:25:36,41665.90,25,254650
20221101,13:25:41,41663.60,25,254650
20221101,13:25:43,41648.05,25,254650
20221101,13:25:44,41655.60,25,254650
20221101,13:25:52,41656.70,25,254650
20221101,13:26:01,41657.60,25,254650
20221101,13:27:02,41658.60,25,254650
20221101,13:27:49,41660.00,50,254850
20221101,13:28:16,41669.00,125,254850
20221101,13:28:19,41682.95,25,254850
20221101,13:28:37,41680.00,25,254850
20221101,13:29:07,41680.00,25,254850
20221101,13:29:24,41680.00,25,254850
20221101,13:29:39,41692.10,25,254850
20221101,13:29:44,41699.00,50,254850
20221101,13:29:47,41692.15,200,254850
20221101,13:29:52,41700.00,125,254850
20221101,13:30:10,41705.00,25,254850
20221101,13:30:17,41700.00,25,254700
20221101,13:30:20,41696.95,50,254700
20221101,13:30:30,41691.95,100,254700
20221101,13:31:07,41702.40,100,254700
20221101,13:31:50,41700.00,25,254700
20221101,13:32:00,41700.00,25,254700
20221101,13:32:01,41700.00,75,254700
20221101,13:32:06,41698.00,25,254700
20221101,13:32:13,41703.60,25,254700
20221101,13:32:20,41703.85,25,254700
20221101,13:32:25,41700.00,50,254700
20221101,13:32:36,41700.00,50,254700
20221101,13:32:43,41692.20,100,254700
20221101,13:33:00,41690.00,50,254700
20221101,13:33:21,41696.00,25,254925
20221101,13:33:28,41699.00,25,254925
20221101,13:33:29,41700.95,25,254925
20221101,13:33:33,41716.15,100,254925
20221101,13:33:43,41720.00,175,254925
20221101,13:33:47,41720.00,25,254925
20221101,13:33:49,41723.70,50,254925
20221101,13:33:51,41724.95,25,254925
20221101,13:34:12,41721.95,25,254925
20221101,13:34:22,41724.95,25,254925
20221101,13:34:27,41724.85,25,254925
20221101,13:34:30,41716.40,100,254925
20221101,13:34:40,41724.65,25,254925
20221101,13:34:42,41719.85,25,254925
20221101,13:35:03,41725.00,75,254925
20221101,13:35:16,41721.75,25,254925
20221101,13:35:18,41720.75,150,254925
20221101,13:35:29,41720.75,25,254925
20221101,13:35:32,41710.45,50,254925
20221101,13:35:34,41710.00,25,254925
20221101,13:36:06,41718.35,50,254925
20221101,13:36:08,41710.45,50,254925
20221101,13:36:14,41708.85,75,254975
20221101,13:36:16,41700.10,25,254975
20221101,13:36:19,41698.10,25,254975
20221101,13:36:35,41714.00,50,254975
20221101,13:36:44,41721.35,25,254975
20221101,13:37:08,41711.40,50,254975
20221101,13:37:09,41702.20,25,254975
20221101,13:37:31,41710.35,100,254975
20221101,13:38:26,41694.80,25,254975
20221101,13:40:01,41690.00,25,254950
20221101,13:40:24,41699.85,25,254950
20221101,13:40:35,41696.95,25,254950
20221101,13:41:39,41684.10,25,254950
20221101,13:41:47,41696.90,25,254950
20221101,13:41:55,41695.85,50,254950
20221101,13:42:15,41690.00,25,254950
20221101,13:42:33,41691.00,50,254950
20221101,13:42:44,41685.95,25,254950
20221101,13:42:45,41678.10,25,254950
20221101,13:43:02,41688.05,25,254950
20221101,13:43:19,41685.40,25,254950
20221101,13:43:23,41690.00,125,254950
20221101,13:43:24,41690.00,25,254950
20221101,13:43:26,41688.10,25,254950
20221101,13:43:27,41687.05,25,254950
20221101,13:43:50,41689.65,50,254950
20221101,13:44:41,41695.00,25,254950
20221101,13:44:43,41696.00,25,254950
20221101,13:45:01,41690.00,25,254950
20221101,13:45:14,41700.00,75,255175
20221101,13:45:16,41701.10,25,255175
20221101,13:45:19,41705.45,125,255175
20221101,13:45:27,41710.00,100,255175
20221101,13:45:42,41717.55,50,255175
20221101,13:47:16,41701.95,25,255175
20221101,13:47:23,41702.00,100,255175
20221101,13:47:41,41704.10,25,255175
20221101,13:47:44,41704.50,25,255175
20221101,13:48:09,41714.55,125,255175
20221101,13:48:14,41717.00,25,255175
20221101,13:48:28,41717.55,25,255175
20221101,13:48:29,41718.95,25,255175
20221101,13:48:36,41715.95,25,255175
20221101,13:48:56,41704.05,50,255175
20221101,13:49:16,41704.10,25,255175
20221101,13:50:01,41700.00,25,255175
20221101,13:51:07,41708.35,25,255175
20221101,13:51:18,41715.15,25,255250
20221101,13:51:36,41722.25,25,255250
20221101,13:51:39,41722.40,25,255250
20221101,13:51:48,41722.25,50,255250
20221101,13:51:54,41710.10,100,255250
20221101,13:52:45,41714.05,25,255250
20221101,13:52:53,41714.05,250,255250
20221101,13:53:04,41715.00,75,255250
20221101,13:53:06,41714.05,175,255250
20221101,13:53:17,41721.20,100,255250
20221101,13:53:33,41710.10,25,255250
20221101,13:54:46,41700.00,25,255600
20221101,13:55:20,41700.00,25,255600
20221101,13:55:23,41695.05,25,255600
20221101,13:55:43,41697.35,50,255600
20221101,13:55:55,41691.60,25,255600
20221101,13:56:10,41685.00,25,255600
20221101,13:56:27,41683.05,25,255600
20221101,13:56:39,41688.50,25,255600
20221101,13:56:55,41684.10,100,255600
20221101,13:57:02,41670.00,325,255600
20221101,13:57:10,41668.60,50,255600
20221101,13:57:12,41676.75,200,255600
20221101,13:57:18,41675.90,25,255425
20221101,13:57:39,41668.35,25,255425
20221101,13:57:51,41673.40,25,255425
20221101,13:58:05,41671.30,150,255425
20221101,13:58:35,41668.50,25,255425
20221101,13:58:39,41658.05,200,255425
20221101,13:58:53,41660.35,25,255425
20221101,13:59:04,41655.90,75,255425
20221101,13:59:06,41642.00,50,255425
20221101,13:59:11,41642.65,50,255425
20221101,13:59:13,41641.30,75,255425
20221101,13:59:14,41644.65,50,255425
20221101,13:59:16,41646.65,50,255425
20221101,13:59:18,41640.00,50,255425
20221101,13:59:23,41630.05,50,255425
20221101,13:59:28,41630.00,25,255425
20221101,13:59:30,41620.00,25,255425
20221101,13:59:33,41629.00,25,255425
20221101,13:59:40,41629.00,25,255425
20221101,13:59:43,41639.90,175,255425
20221101,13:59:45,41636.55,50,255425
20221101,14:00:01,41624.00,25,255425
20221101,14:00:05,41621.10,50,255425
20221101,14:00:08,41631.80,50,255425
20221101,14:00:10,41629.95,25,255425
20221101,14:00:11,41629.95,25,255425
20221101,14:00:13,41623.15,75,255425
20221101,14:00:19,41629.90,325,255600
20221101,14:00:24,41627.85,50,255600
20221101,14:00:29,41633.15,50,255600
20221101,14:00:52,41631.80,75,255600
20221101,14:00:54,41628.55,25,255600
20221101,14:00:55,41631.60,25,255600
20221101,14:01:05,41645.00,25,255600
20221101,14:01:16,41650.00,25,255600
20221101,14:01:20,41655.00,25,255600
20221101,14:01:39,41655.00,225,255600
20221101,14:01:42,41655.60,25,255600
20221101,14:01:44,41658.95,25,255600
20221101,14:02:05,41653.60,25,255600
20221101,14:02:10,41652.80,50,255600
20221101,14:02:32,41650.55,25,255600
20221101,14:02:40,41655.50,100,255600
20221101,14:02:51,41670.00,25,255600
20221101,14:02:55,41676.80,25,255600
20221101,14:03:04,41674.05,125,255600
20221101,14:03:06,41670.65,75,255600
20221101,14:03:21,41673.20,25,256050
20221101,14:04:02,41662.65,25,256050
20221101,14:04:10,41670.75,50,256050
20221101,14:04:18,41677.50,100,256050
20221101,14:04:25,41677.05,25,256050
20221101,14:04:37,41684.95,25,256050
20221101,14:04:38,41684.20,25,256050
20221101,14:04:40,41677.35,100,256050
20221101,14:04:48,41665.70,25,256050
20221101,14:05:03,41663.00,25,256050
20221101,14:05:20,41672.00,50,256050
20221101,14:05:28,41661.75,500,256050
20221101,14:05:51,41665.75,50,256050
20221101,14:06:01,41664.40,25,256050
20221101,14:06:26,41661.00,25,256450
20221101,14:06:41,41669.95,25,256450
20221101,14:07:07,41678.95,50,256450
20221101,14:07:33,41669.95,25,256450
20221101,14:07:37,41669.95,25,256450
20221101,14:07:38,41676.70,25,256450
20221101,14:07:58,41668.50,50,256450
20221101,14:08:01,41661.00,25,256450
20221101,14:08:10,41659.95,25,256450
20221101,14:08:52,41655.65,50,256450
20221101,14:08:56,41650.05,25,256450
20221101,14:09:15,41660.00,25,256450
20221101,14:09:28,41665.05,100,256450
20221101,14:09:44,41663.35,50,256575
20221101,14:09:48,41652.00,25,256575
20221101,14:10:18,41640.00,200,256575
20221101,14:11:49,41660.00,25,256575
20221101,14:13:44,41680.80,25,256700
20221101,14:13:46,41686.55,100,256700
20221101,14:14:00,41674.00,200,256700
20221101,14:14:33,41663.05,25,256700
20221101,14:14:58,41664.10,25,256700
20221101,14:15:39,41675.30,25,256875
20221101,14:16:27,41675.30,25,256875
20221101,14:17:39,41690.00,25,256875
20221101,14:17:52,41688.65,25,256875
20221101,14:18:13,41682.80,25,256875
20221101,14:18:42,41686.00,50,256925
20221101,14:18:47,41680.05,25,256925
20221101,14:18:48,41684.90,25,256925
20221101,14:19:01,41680.00,25,256925
20221101,14:19:03,41680.00,75,256925
20221101,14:19:25,41670.00,25,256925
20221101,14:20:57,41660.10,25,256925
20221101,14:21:29,41660.15,25,257050
20221101,14:21:30,41660.00,25,257050
20221101,14:21:48,41654.95,25,257050
20221101,14:23:15,41670.00,25,257050
20221101,14:23:24,41675.00,25,257050
20221101,14:23:58,41678.95,25,257050
20221101,14:24:40,41671.00,225,257050
20221101,14:25:27,41668.85,25,257050
20221101,14:25:29,41666.65,25,257050
20221101,14:26:04,41670.00,25,257050
20221101,14:27:18,41670.00,50,257050
20221101,14:27:19,41670.00,100,257050
20221101,14:27:21,41670.00,50,257050
20221101,14:28:30,41654.95,50,257050
20221101,14:28:33,41654.95,25,257050
20221101,14:28:46,41650.00,25,257050
20221101,14:28:58,41645.00,25,257050
20221101,14:29:08,41649.95,25,257050
20221101,14:29:14,41645.00,25,257050
20221101,14:29:55,41645.00,250,257050
20221101,14:29:56,41635.00,100,257050
20221101,14:29:58,41638.00,25,257050
20221101,14:30:00,41629.15,50,257050
20221101,14:30:03,41624.90,100,257050
20221101,14:30:50,41667.20,25,257300
20221101,14:31:27,41664.25,25,257300
20221101,14:31:37,41667.20,25,257300
20221101,14:31:50,41664.00,25,257300
20221101,14:31:53,41664.00,25,257300
20221101,14:32:57,41649.75,25,257300
20221101,14:33:02,41657.00,100,257300
20221101,14:33:44,41649.75,25,257425
20221101,14:35:08,41662.00,200,257425
20221101,14:35:44,41670.00,25,257425
20221101,14:35:58,41667.30,25,257425
20221101,14:36:08,41674.95,25,257425
20221101,14:36:13,41668.90,200,257425
20221101,14:36:14,41675.00,75,257425
20221101,14:36:16,41681.75,50,257425
20221101,14:37:19,41667.30,25,257600
20221101,14:37:42,41665.00,25,257600
20221101,14:38:08,41660.50,25,257600
20221101,14:38:39,41646.90,25,257600
20221101,14:38:48,41655.80,25,257600
20221101,14:38:57,41647.05,100,257600
20221101,14:39:19,41642.00,25,257600
20221101,14:39:23,41635.00,25,257550
20221101,14:39:28,41635.00,25,257550
20221101,14:39:29,41635.00,50,257550
20221101,14:39:38,41635.00,100,257550
20221101,14:39:44,41635.15,50,257550
20221101,14:39:46,41630.00,25,257550
20221101,14:39:59,41630.00,75,257550
20221101,14:40:02,41621.60,100,257550
20221101,14:40:31,41630.70,25,257550
20221101,14:40:46,41647.00,75,257550
20221101,14:41:18,41639.85,25,257550
20221101,14:42:00,41650.00,100,257550
20221101,14:42:07,41639.85,25,257550
20221101,14:44:09,41641.95,25,257725
20221101,14:45:31,41645.85,25,257700
20221101,14:45:36,41644.10,25,257700
20221101,14:45:58,41644.10,50,257700
20221101,14:46:10,41633.00,25,257700
20221101,14:46:51,41633.00,25,257700
20221101,14:46:52,41633.00,75,257700
20221101,14:47:23,41650.00,125,257700
20221101,14:47:32,41685.55,50,257700
20221101,14:47:34,41688.00,25,257700
20221101,14:47:39,41695.00,250,257700
20221101,14:47:40,41709.25,275,257700
20221101,14:47:45,41720.00,100,257700
20221101,14:47:50,41713.20,200,257700
20221101,14:48:00,41700.25,25,257700
20221101,14:48:04,41709.90,50,257700
20221101,14:48:05,41712.60,25,257700
20221101,14:48:07,41713.95,75,257700
20221101,14:48:10,41712.00,25,257700
20221101,14:48:15,41706.45,25,257700
20221101,14:48:32,41719.95,25,257525
20221101,14:48:33,41719.95,75,257525
20221101,14:48:35,41720.00,25,257525
20221101,14:48:42,41725.00,25,257525
20221101,14:48:43,41726.25,100,257525
20221101,14:48:50,41740.00,25,257525
20221101,14:49:07,41739.75,25,257525
20221101,14:49:08,41738.95,25,257525
20221101,14:49:10,41730.00,100,257525
20221101,14:49:12,41733.95,25,257525
20221101,14:49:17,41732.95,25,257525
20221101,14:49:42,41725.00,50,257525
20221101,14:49:55,41725.00,25,257525
20221101,14:50:01,41732.85,25,257525
20221101,14:50:19,41726.90,25,257525
20221101,14:50:21,41718.15,25,257525
20221101,14:51:04,41719.00,25,257525
20221101,14:51:05,41718.00,25,257525
20221101,14:51:09,41711.50,25,257525
20221101,14:51:20,41711.65,25,257525
20221101,14:51:22,41710.70,25,257525
20221101,14:51:53,41713.00,25,257625
20221101,14:52:05,41710.70,75,257625
20221101,14:52:39,41710.00,50,257625
20221101,14:53:28,41702.05,25,257625
20221101,14:54:04,41700.00,25,257625
20221101,14:54:05,41699.00,25,257625
20221101,14:54:32,41675.00,25,257625
20221101,14:54:43,41658.55,25,257625
20221101,14:54:45,41667.85,25,257625
20221101,14:54:50,41675.00,225,257625
20221101,14:54:54,41670.80,250,257625
20221101,14:54:56,41675.00,25,257625
20221101,14:54:59,41677.95,25,257625
20221101,14:55:11,41672.10,25,257625
20221101,14:55:13,41672.30,100,257625
20221101,14:55:14,41678.95,25,257625
20221101,14:55:19,41678.00,400,257625
20221101,14:55:45,41678.00,25,257625
20221101,14:56:00,41665.80,25,257625
20221101,14:56:02,41662.10,25,257625
20221101,14:56:03,41662.20,50,257625
20221101,14:56:07,41661.00,25,257625
20221101,14:56:08,41650.00,125,257625
20221101,14:56:18,41640.00,25,257625
20221101,14:56:22,41628.00,75,257625
20221101,14:56:23,41610.45,125,257625
20221101,14:56:25,41610.00,25,257625
20221101,14:56:28,41610.25,175,257625
20221101,14:56:30,41600.00,125,257625
20221101,14:56:32,41600.00,100,257625
20221101,14:56:33,41590.00,50,257625
20221101,14:56:35,41585.00,25,257625
20221101,14:56:37,41580.00,75,257625
20221101,14:56:38,41580.00,25,257625
20221101,14:56:48,41599.30,25,257625
20221101,14:56:53,41594.05,250,257625
20221101,14:57:03,41603.65,650,257625
20221101,14:57:08,41592.10,25,257625
20221101,14:57:10,41575.00,25,257625
20221101,14:57:12,41570.00,325,257625
20221101,14:57:15,41550.00,850,257625
20221101,14:57:17,41550.00,175,257625
20221101,14:57:18,41550.00,100,257625
20221101,14:57:20,41545.05,25,257625
20221101,14:57:22,41540.00,25,257625
20221101,14:57:23,41534.40,125,257625
20221101,14:57:27,41533.85,50,257625
20221101,14:57:32,41519.65,600,257625
20221101,14:57:35,41519.65,25,258600
20221101,14:57:40,41559.00,25,258600
20221101,14:57:45,41555.50,100,258600
20221101,14:57:48,41559.45,25,258600
20221101,14:57:58,41555.00,25,258600
20221101,14:58:00,41564.10,25,258600
20221101,14:58:02,41554.10,150,258600
20221101,14:58:13,41555.25,50,258600
20221101,14:58:15,41552.00,25,258600
20221101,14:58:20,41559.40,50,258600
20221101,14:58:33,41561.85,25,258600
20221101,14:58:37,41561.80,25,258600
20221101,14:58:43,41555.00,50,258600
20221101,14:58:47,41555.10,100,258600
20221101,14:58:48,41557.40,25,258600
20221101,14:59:02,41560.55,50,258600
20221101,14:59:48,41570.00,25,258600
20221101,14:59:50,41568.55,25,258600
20221101,14:59:55,41570.90,25,258600
20221101,15:00:08,41585.80,25,258600
20221101,15:00:13,41575.95,50,258600
20221101,15:00:17,41573.05,25,258600
20221101,15:00:19,41575.95,25,258600
20221101,15:00:22,41569.95,50,258600
20221101,15:00:39,41574.75,150,258775
20221101,15:00:44,41583.30,25,258775
20221101,15:00:52,41589.95,25,258775
20221101,15:00:54,41587.05,50,258775
20221101,15:01:01,41587.10,25,258775
20221101,15:01:04,41596.85,25,258775
20221101,15:01:07,41595.10,25,258775
20221101,15:01:09,41598.40,50,258775
20221101,15:01:10,41609.50,100,258775
20221101,15:01:17,41610.95,75,258775
20221101,15:01:24,41613.45,25,258775
20221101,15:01:29,41620.00,125,258775
20221101,15:01:34,41625.00,25,258775
20221101,15:01:35,41636.85,25,258775
20221101,15:01:44,41639.95,25,258775
20221101,15:01:49,41648.00,50,258775
20221101,15:01:59,41636.80,50,258775
20221101,15:02:00,41632.05,200,258775
20221101,15:02:09,41645.95,25,258775
20221101,15:02:12,41641.70,25,258775
20221101,15:02:17,41630.35,100,258775
20221101,15:02:22,41626.65,25,258775
20221101,15:02:39,41635.70,25,258775
20221101,15:02:40,41637.35,50,258775
20221101,15:03:12,41633.95,25,258775
20221101,15:03:37,41633.00,25,258675
20221101,15:03:56,41640.00,25,258675
20221101,15:04:39,41635.55,25,258675
20221101,15:04:56,41630.05,25,258675
20221101,15:05:13,41631.90,25,258675
20221101,15:05:49,41636.00,100,258675
20221101,15:06:02,41631.15,25,258675
20221101,15:06:03,41630.05,150,258675
20221101,15:06:13,41630.05,75,258675
20221101,15:06:19,41620.00,25,258675
20221101,15:06:21,41612.45,25,258675
20221101,15:06:22,41612.95,25,258675
20221101,15:06:29,41608.00,100,258650
20221101,15:07:27,41625.95,25,258650
20221101,15:07:28,41624.70,50,258650
20221101,15:07:33,41629.95,25,258650
20221101,15:08:00,41627.90,25,258650
20221101,15:08:04,41628.80,25,258650
20221101,15:08:08,41631.10,100,258650
20221101,15:08:10,41633.35,275,258650
20221101,15:08:30,41633.30,25,258650
20221101,15:08:38,41630.00,50,258650
20221101,15:08:40,41633.35,25,258650
20221101,15:08:45,41640.00,50,258650
20221101,15:08:50,41653.90,75,258650
20221101,15:08:58,41646.90,50,258650
20221101,15:09:03,41642.40,25,258650
20221101,15:09:09,41649.95,25,258650
20221101,15:09:21,41650.15,25,258650
20221101,15:10:02,41653.85,25,258575
20221101,15:10:04,41660.00,50,258575
20221101,15:10:06,41668.70,50,258575
20221101,15:10:27,41675.35,25,258575
20221101,15:10:30,41676.95,100,258575
20221101,15:10:35,41678.85,25,258575
20221101,15:10:36,41679.65,50,258575
20221101,15:10:51,41682.65,175,258575
20221101,15:10:54,41681.60,25,258575
20221101,15:10:57,41689.95,25,258575
20221101,15:10:59,41697.00,25,258575
20221101,15:11:01,41697.80,300,258575
20221101,15:11:07,41699.00,425,258575
20221101,15:11:14,41694.70,25,258575
20221101,15:11:20,41687.95,450,258575
20221101,15:11:22,41687.95,25,258575
20221101,15:11:44,41683.65,25,258575
20221101,15:11:47,41683.85,75,258575
20221101,15:11:57,41680.35,50,258575
20221101,15:11:59,41686.20,50,258575
20221101,15:12:04,41686.15,50,258575
20221101,15:12:06,41680.00,25,258575
20221101,15:12:12,41674.05,100,258575
20221101,15:12:33,41681.15,75,258600
20221101,15:12:38,41681.70,25,258600
20221101,15:13:51,41680.95,25,258600
20221101,15:13:53,41675.00,25,258600
20221101,15:14:03,41679.80,50,258600
20221101,15:14:19,41670.00,25,258600
20221101,15:14:26,41670.00,25,258600
20221101,15:14:46,41662.20,50,258600
20221101,15:15:04,41674.60,300,258600
20221101,15:15:26,41664.70,100,258600
20221101,15:15:32,41675.80,25,258575
20221101,15:16:23,41675.00,100,258575
20221101,15:16:45,41668.90,25,258575
20221101,15:18:02,41683.35,100,258575
20221101,15:18:05,41674.60,25,258575
20221101,15:18:17,41673.55,200,258575
20221101,15:18:34,41673.55,25,258750
20221101,15:19:06,41680.00,25,258750
20221101,15:19:11,41686.90,25,258750
20221101,15:19:14,41677.25,100,258750
20221101,15:19:19,41687.60,25,258750
20221101,15:19:22,41680.90,25,258750
20221101,15:19:35,41690.00,50,258750
20221101,15:19:48,41681.50,100,258750
20221101,15:20:08,41681.50,25,258750
20221101,15:20:41,41681.50,200,258750
20221101,15:20:45,41676.15,150,258750
20221101,15:20:47,41676.05,25,258750
20221101,15:20:54,41674.05,25,258750
20221101,15:21:05,41679.80,25,258750
20221101,15:21:15,41679.80,75,258750
20221101,15:21:36,41674.05,25,259125
20221101,15:21:38,41674.25,25,259125
20221101,15:21:42,41670.30,50,259125
20221101,15:22:10,41676.00,25,259125
20221101,15:22:15,41671.00,25,259125
20221101,15:22:16,41671.05,25,259125
20221101,15:22:21,41670.10,25,259125
20221101,15:22:25,41670.05,25,259125
20221101,15:22:35,41668.05,50,259125
20221101,15:22:40,41666.10,25,259125
20221101,15:22:45,41673.65,50,259125
20221101,15:22:51,41669.50,300,259125
20221101,15:22:53,41678.95,25,259125
20221101,15:23:21,41675.05,25,259125
20221101,15:23:23,41678.95,25,259125
20221101,15:23:28,41677.90,75,259125
20221101,15:23:47,41673.00,50,259125
20221101,15:23:53,41670.70,25,259125
20221101,15:23:58,41670.00,25,259125
20221101,15:24:06,41665.00,125,259125
20221101,15:24:08,41669.85,25,259125
20221101,15:24:14,41667.15,25,259125
20221101,15:24:18,41666.35,25,259125
20221101,15:24:21,41665.00,75,259125
20221101,15:24:22,41664.05,25,259125
20221101,15:24:26,41658.05,125,259125
20221101,15:24:33,41656.05,25,259700
20221101,15:24:34,41655.50,25,259700
20221101,15:24:36,41654.05,75,259700
20221101,15:24:38,41652.10,25,259700
20221101,15:24:39,41652.05,25,259700
20221101,15:24:44,41650.05,25,259700
20221101,15:24:46,41652.05,25,259700
20221101,15:24:48,41653.95,400,259700
20221101,15:24:54,41650.00,150,259700
20221101,15:24:56,41644.05,300,259700
20221101,15:24:59,41642.05,25,259700
20221101,15:25:08,41642.05,100,259700
20221101,15:25:13,41650.00,25,259700
20221101,15:25:19,41644.00,25,259700
20221101,15:25:22,41640.00,200,259700
20221101,15:25:24,41638.05,50,259700
20221101,15:25:27,41636.05,25,259700
20221101,15:25:31,41631.00,100,259700
20221101,15:25:34,41630.05,50,259700
20221101,15:25:39,41628.00,550,259700
20221101,15:25:41,41632.00,25,259700
20221101,15:25:44,41626.05,50,259700
20221101,15:25:46,41625.00,75,259700
20221101,15:25:54,41629.50,25,259700
20221101,15:26:07,41629.50,50,259700
20221101,15:26:12,41630.90,225,259700
20221101,15:26:42,41631.65,200,259700
20221101,15:26:51,41631.00,50,259700
20221101,15:26:52,41630.00,50,259700
20221101,15:27:01,41620.60,250,259700
20221101,15:27:12,41628.75,25,259700
20221101,15:27:16,41625.00,50,259700
20221101,15:27:22,41624.85,25,259700
20221101,15:27:26,41624.90,75,259700
20221101,15:27:27,41624.95,175,259700
20221101,15:27:29,41624.95,775,259700
20221101,15:27:31,41631.85,225,259700
20221101,15:27:36,41631.65,50,260875
20221101,15:27:37,41632.00,100,260875
20221101,15:27:41,41631.65,25,260875
20221101,15:27:44,41630.95,75,260875
20221101,15:27:46,41630.95,25,260875
20221101,15:27:49,41630.80,25,260875
20221101,15:27:54,41630.85,25,260875
20221101,15:27:57,41630.85,100,260875
20221101,15:27:59,41625.65,75,260875
20221101,15:28:01,41630.95,25,260875
20221101,15:28:04,41631.00,50,260875
20221101,15:28:06,41636.65,325,260875
20221101,15:28:07,41637.35,50,260875
20221101,15:28:20,41629.65,50,260875
20221101,15:28:25,41633.65,25,260875
20221101,15:28:28,41632.55,25,260875
20221101,15:28:33,41631.85,25,260875
20221101,15:28:38,41631.05,25,260875
20221101,15:28:51,41634.90,50,260875
20221101,15:29:00,41633.65,25,260875
20221101,15:29:09,41632.40,25,260875
20221101,15:29:14,41632.40,25,260875
20221101,15:29:16,41632.40,25,260875
20221101,15:29:19,41632.40,25,260875
20221101,15:29:21,41632.40,225,260875
20221101,15:29:31,41633.85,25,260875
20221101,15:29:36,41627.60,25,260875
20221101,15:29:37,41633.00,25,260875
20221101,15:29:47,41627.60,75,260875
20221101,15:29:54,41636.90,75,260875
