20221101,09:15:00,18186.05,1,1113900
20221101,09:15:00,18195.85,1,1113900
20221101,09:15:00,18195.70,550,1113900
20221101,09:15:01,18212.85,300,1113900
20221101,09:15:01,18156.25,300,1113900
20221101,09:15:02,18219.00,200,1113900
20221101,09:15:03,18206.30,600,1113900
20221101,09:15:04,18204.75,750,1113900
20221101,09:15:05,18202.10,150,1113900
20221101,09:15:06,18210.45,300,1113900
20221101,09:15:07,18201.10,500,1113900
20221101,09:15:08,18201.15,200,1113900
20221101,09:15:10,18200.00,250,1113900
20221101,09:15:11,18200.10,100,1113900
20221101,09:15:12,18195.95,700,1113900
20221101,09:15:13,18198.75,150,1113900
20221101,09:15:14,18190.15,50,1113900
20221101,09:15:15,18189.05,150,1113900
20221101,09:15:16,18189.60,50,1113900
20221101,09:15:18,18195.95,50,1113900
20221101,09:15:19,18195.35,250,1113900
20221101,09:15:20,18200.00,100,1113900
20221101,09:15:21,18194.45,150,1113900
20221101,09:15:22,18195.45,100,1113900
20221101,09:15:23,18198.75,300,1113900
20221101,09:15:25,18202.00,300,1113900
20221101,09:15:26,18199.55,50,1113900
20221101,09:15:27,18199.30,50,1113900
20221101,09:15:28,18200.55,150,1113900
20221101,09:15:29,18200.40,150,1113900
20221101,09:15:30,18202.00,950,1113900
20221101,09:15:30,18199.80,50,1113900
20221101,09:15:32,18199.65,100,1113900
20221101,09:15:34,18201.55,300,1113900
20221101,09:15:35,18203.40,50,1113900
20221101,09:15:36,18203.95,200,1113900
20221101,09:15:36,18207.00,50,1113900
20221101,09:15:38,18204.45,50,1113900
20221101,09:15:39,18207.65,100,1113900
20221101,09:15:41,18210.00,200,1113900
20221101,09:15:42,18208.15,2400,1113900
20221101,09:15:43,18211.65,100,1113900
20221101,09:15:45,18207.40,350,1113900
20221101,09:15:46,18207.40,50,1113900
20221101,09:15:47,18208.80,100,1113900
20221101,09:15:48,18206.40,200,1113900
20221101,09:15:48,18209.90,250,1113900
20221101,09:15:49,18210.00,150,1113900
20221101,09:15:51,18210.80,150,1113900
20221101,09:15:52,18210.85,250,1113900
20221101,09:15:53,18207.65,50,1113900
20221101,09:15:55,18208.95,100,1113900
20221101,09:15:57,18206.00,300,1113900
20221101,09:15:58,18205.10,50,1113900
20221101,09:16:00,18204.00,150,1113900
20221101,09:16:01,18207.00,150,1113900
20221101,09:16:03,18206.00,50,1113900
20221101,09:16:05,18205.50,50,1113900
20221101,09:16:06,18206.00,100,1113900
20221101,09:16:07,18203.75,500,1113900
20221101,09:16:09,18204.85,50,1113900
20221101,09:16:10,18205.00,100,1113900
20221101,09:16:15,18205.55,350,1113900
20221101,09:16:16,18205.75,400,1113900
20221101,09:16:17,18209.65,150,1113900
20221101,09:16:18,18206.70,100,1113900
20221101,09:16:19,18209.95,200,1113900
20221101,09:16:20,18206.70,50,1113900
20221101,09:16:22,18209.85,150,1113900
20221101,09:16:23,18206.65,100,1113900
20221101,09:16:24,18204.05,800,1113900
20221101,09:16:25,18202.15,250,1113900
20221101,09:16:26,18202.00,50,1113900
20221101,09:16:31,18201.00,250,1113900
20221101,09:16:32,18203.20,500,1113900
20221101,09:16:33,18201.05,50,1113900
20221101,09:16:34,18200.60,150,1113900
20221101,09:16:35,18203.10,50,1113900
20221101,09:16:36,18200.00,450,1113900
20221101,09:16:37,18200.00,150,1113900
20221101,09:16:38,18200.35,100,1113900
20221101,09:16:39,18200.50,150,1113900
20221101,09:16:40,18200.15,100,1113900
20221101,09:16:43,18201.05,50,1113900
20221101,09:16:44,18205.65,250,1113900
20221101,09:16:45,18202.10,50,1113900
20221101,09:16:46,18202.10,50,1113900
20221101,09:16:52,18202.10,50,1113900
20221101,09:16:53,18201.50,100,1113900
20221101,09:16:57,18202.15,100,1113900
20221101,09:16:59,18203.20,350,1113900
20221101,09:17:00,18202.80,150,1113900
20221101,09:17:02,18203.35,100,1113900
20221101,09:17:03,18202.40,200,1113900
20221101,09:17:05,18203.40,50,1113900
20221101,09:17:06,18202.65,50,1113900
20221101,09:17:08,18205.00,350,1113900
20221101,09:17:09,18204.05,150,1113900
20221101,09:17:10,18204.15,150,1113900
20221101,09:17:11,18204.15,100,1113900
20221101,09:17:13,18206.65,850,1113900
20221101,09:17:16,18205.75,50,1113900
20221101,09:17:18,18207.00,50,1113900
20221101,09:17:19,18205.65,50,1113900
20221101,09:17:21,18206.65,150,1113900
20221101,09:17:22,18205.90,350,1113900
20221101,09:17:24,18205.25,150,1111050
20221101,09:17:26,18205.00,200,1111050
20221101,09:17:28,18205.25,150,1111050
20221101,09:17:30,18205.60,50,1111050
20221101,09:17:31,18205.95,100,1111050
20221101,09:17:32,18205.00,300,1111050
20221101,09:17:33,18205.25,300,1111050
20221101,09:17:34,18205.00,50,1111050
20221101,09:17:35,18205.60,50,1111050
20221101,09:17:38,18205.55,350,1111050
20221101,09:17:39,18206.30,50,1111050
20221101,09:17:41,18206.50,200,1111050
20221101,09:17:43,18206.75,100,1111050
20221101,09:17:45,18205.65,50,1111050
20221101,09:17:46,18205.15,50,1111050
20221101,09:17:48,18205.45,50,1111050
20221101,09:17:49,18205.65,50,1111050
20221101,09:17:51,18206.25,150,1111050
20221101,09:17:55,18205.00,50,1111050
20221101,09:17:57,18204.00,50,1111050
20221101,09:17:58,18202.65,100,1111050
20221101,09:18:00,18204.75,200,1111050
20221101,09:18:01,18202.45,50,1111050
20221101,09:18:02,18204.30,50,1111050
20221101,09:18:05,18204.85,500,1111050
20221101,09:18:06,18201.25,50,1111050
20221101,09:18:08,18203.80,500,1111050
20221101,09:18:11,18200.05,150,1111050
20221101,09:18:12,18201.15,50,1111050
20221101,09:18:13,18204.00,50,1111050
20221101,09:18:15,18203.80,50,1111050
20221101,09:18:16,18204.00,50,1111050
20221101,09:18:19,18201.80,250,1111050
20221101,09:18:20,18206.75,1100,1111050
20221101,09:18:24,18204.05,50,1111050
20221101,09:18:27,18208.00,500,1111050
20221101,09:18:28,18207.45,50,1111050
20221101,09:18:29,18204.05,50,1111050
20221101,09:18:30,18207.95,500,1111050
20221101,09:18:32,18203.30,50,1111050
20221101,09:18:36,18204.00,100,1111050
20221101,09:18:37,18204.05,50,1111050
20221101,09:18:38,18205.00,300,1111050
20221101,09:18:39,18207.00,100,1111050
20221101,09:18:42,18205.30,50,1111050
20221101,09:18:45,18204.10,50,1111050
20221101,09:18:46,18203.90,100,1111050
20221101,09:18:48,18202.55,700,1111050
20221101,09:18:49,18203.00,50,1111050
20221101,09:18:50,18205.00,50,1111050
20221101,09:18:51,18204.00,50,1111050
20221101,09:18:53,18204.90,250,1111050
20221101,09:18:55,18203.00,100,1111050
20221101,09:18:57,18202.00,50,1111050
20221101,09:18:59,18202.00,50,1111050
20221101,09:19:00,18201.50,50,1111050
20221101,09:19:01,18203.00,150,1111050
20221101,09:19:03,18204.00,50,1111050
20221101,09:19:04,18203.25,50,1111050
20221101,09:19:07,18204.00,50,1111050
20221101,09:19:08,18203.00,50,1111050
20221101,09:19:09,18204.25,50,1111050
20221101,09:19:11,18201.40,750,1111050
20221101,09:19:14,18202.95,50,1111050
20221101,09:19:16,18203.70,500,1111050
20221101,09:19:18,18203.25,50,1111050
20221101,09:19:19,18204.00,50,1111050
20221101,09:19:21,18203.25,50,1111050
20221101,09:19:22,18201.60,50,1111050
20221101,09:19:23,18201.40,50,1111050
20221101,09:19:24,18201.40,100,1111050
20221101,09:19:25,18201.40,100,1111050
20221101,09:19:28,18205.00,1950,1111050
20221101,09:19:29,18201.80,50,1111050
20221101,09:19:30,18201.65,150,1111050
20221101,09:19:31,18202.10,50,1111050
20221101,09:19:32,18205.00,50,1111050
20221101,09:19:35,18205.00,200,1111050
20221101,09:19:36,18202.20,100,1111050
20221101,09:19:39,18201.40,50,1111050
20221101,09:19:54,18200.15,100,1111050
20221101,09:19:56,18200.05,100,1111050
20221101,09:19:57,18200.00,50,1111050
20221101,09:19:58,18200.00,150,1111050
20221101,09:19:59,18199.05,250,1111050
20221101,09:20:00,18204.00,1250,1111050
20221101,09:20:01,18202.90,400,1111050
20221101,09:20:02,18204.00,150,1111050
20221101,09:20:03,18202.95,100,1111050
20221101,09:20:04,18204.80,50,1111050
20221101,09:20:06,18203.40,150,1111050
20221101,09:20:12,18203.65,300,1111050
20221101,09:20:18,18206.90,400,1111050
20221101,09:20:19,18204.10,50,1111050
20221101,09:20:21,18202.55,350,1111050
20221101,09:20:22,18200.50,50,1111050
20221101,09:20:24,18202.80,50,1112600
20221101,09:20:28,18203.95,500,1112600
20221101,09:20:32,18199.05,300,1112600
20221101,09:20:34,18201.05,50,1112600
20221101,09:20:39,18201.25,50,1112600
20221101,09:20:41,18196.70,300,1112600
20221101,09:20:44,18196.20,1000,1112600
20221101,09:20:46,18198.10,100,1112600
20221101,09:20:48,18198.10,150,1112600
20221101,09:20:49,18196.70,600,1112600
20221101,09:20:52,18196.40,50,1112600
20221101,09:20:54,18196.70,100,1112600
20221101,09:20:55,18197.40,300,1112600
20221101,09:20:58,18199.70,100,1112600
20221101,09:20:59,18196.70,150,1112600
20221101,09:21:01,18196.00,50,1112600
20221101,09:21:05,18194.65,200,1112600
20221101,09:21:07,18194.75,100,1112600
20221101,09:21:08,18193.65,600,1112600
20221101,09:21:17,18193.85,400,1112600
20221101,09:21:18,18193.85,150,1112600
20221101,09:21:20,18193.25,50,1112600
20221101,09:21:21,18193.15,50,1112600
20221101,09:21:24,18195.00,350,1112600
20221101,09:21:25,18196.55,250,1112600
20221101,09:21:27,18196.20,200,1112600
20221101,09:21:28,18196.95,50,1112600
20221101,09:21:29,18197.50,150,1112600
20221101,09:21:30,18197.25,50,1112600
20221101,09:21:32,18197.35,50,1112600
20221101,09:21:33,18197.45,150,1112600
20221101,09:21:34,18197.50,50,1112600
20221101,09:21:40,18197.60,150,1112600
20221101,09:21:41,18198.00,50,1112600
20221101,09:21:42,18199.00,50,1112600
20221101,09:21:43,18199.00,250,1112600
20221101,09:21:45,18199.00,100,1112600
20221101,09:21:47,18200.00,200,1112600
20221101,09:21:48,18200.00,50,1112600
20221101,09:21:49,18200.30,100,1112600
20221101,09:21:50,18206.20,950,1112600
20221101,09:21:52,18201.50,50,1112600
20221101,09:21:55,18203.00,250,1112600
20221101,09:21:59,18201.60,100,1112600
20221101,09:22:00,18201.75,50,1112600
20221101,09:22:01,18203.70,150,1112600
20221101,09:22:02,18203.35,50,1112600
20221101,09:22:03,18203.75,150,1112600
20221101,09:22:06,18203.90,50,1112600
20221101,09:22:07,18204.00,50,1112600
20221101,09:22:11,18204.05,200,1112600
20221101,09:22:13,18203.15,100,1112600
20221101,09:22:14,18203.80,100,1112600
20221101,09:22:19,18203.90,50,1112600
20221101,09:22:20,18201.55,100,1112600
20221101,09:22:21,18201.85,50,1112600
20221101,09:22:25,18203.00,50,1112600
20221101,09:22:27,18202.60,50,1112600
20221101,09:22:30,18203.80,50,1112600
20221101,09:22:33,18204.00,50,1112600
20221101,09:22:37,18203.00,300,1112600
20221101,09:22:42,18204.90,100,1112600
20221101,09:22:43,18202.55,100,1112600
20221101,09:22:46,18204.00,50,1112600
20221101,09:22:51,18203.00,400,1112600
20221101,09:22:58,18203.00,150,1112600
20221101,09:23:00,18202.85,50,1112600
20221101,09:23:07,18204.00,200,1112600
20221101,09:23:08,18203.15,50,1112600
20221101,09:23:10,18203.70,50,1112600
20221101,09:23:16,18204.00,50,1112600
20221101,09:23:19,18205.00,1100,1112600
20221101,09:23:23,18205.35,200,1109800
20221101,09:23:27,18205.95,50,1109800
20221101,09:23:28,18206.20,50,1109800
20221101,09:23:31,18206.65,150,1109800
20221101,09:23:32,18206.35,50,1109800
20221101,09:23:33,18206.65,50,1109800
20221101,09:23:34,18206.65,250,1109800
20221101,09:23:35,18207.00,350,1109800
20221101,09:23:36,18209.00,50,1109800
20221101,09:23:37,18208.25,400,1109800
20221101,09:23:40,18208.20,150,1109800
20221101,09:23:41,18208.55,50,1109800
20221101,09:23:48,18208.40,200,1109800
20221101,09:23:49,18210.00,250,1109800
20221101,09:23:50,18211.95,1000,1109800
20221101,09:23:56,18208.55,150,1109800
20221101,09:23:57,18211.60,100,1109800
20221101,09:24:00,18211.00,50,1109800
20221101,09:24:05,18211.75,150,1109800
20221101,09:24:07,18211.95,100,1109800
20221101,09:24:09,18211.85,100,1109800
20221101,09:24:10,18211.60,300,1109800
20221101,09:24:11,18212.00,450,1109800
20221101,09:24:12,18212.00,50,1109800
20221101,09:24:16,18212.10,50,1109800
20221101,09:24:21,18212.00,100,1109800
20221101,09:24:25,18211.95,50,1109800
20221101,09:24:30,18211.00,50,1109800
20221101,09:24:31,18213.10,300,1109800
20221101,09:24:32,18212.95,100,1109800
20221101,09:24:34,18210.00,50,1109800
20221101,09:24:37,18212.00,300,1109800
20221101,09:24:38,18212.00,150,1109800
20221101,09:24:39,18212.00,150,1109800
20221101,09:24:42,18211.25,200,1109800
20221101,09:24:46,18210.00,500,1109800
20221101,09:24:47,18212.00,350,1109800
20221101,09:24:51,18210.50,150,1109800
20221101,09:24:52,18210.75,50,1109800
20221101,09:25:00,18212.00,50,1109800
20221101,09:25:02,18212.00,200,1109800
20221101,09:25:03,18211.30,50,1109800
20221101,09:25:08,18212.90,100,1109800
20221101,09:25:09,18211.10,100,1109800
20221101,09:25:10,18212.90,300,1109800
20221101,09:25:11,18214.15,50,1109800
20221101,09:25:17,18213.40,100,1109800
20221101,09:25:18,18212.90,50,1109800
20221101,09:25:19,18213.50,150,1109800
20221101,09:25:21,18213.55,200,1109800
20221101,09:25:23,18214.50,50,1109800
20221101,09:25:32,18214.00,50,1109800
20221101,09:25:35,18214.60,50,1109800
20221101,09:25:42,18214.00,50,1109800
20221101,09:25:48,18214.60,100,1109800
20221101,09:25:50,18213.05,100,1109800
20221101,09:25:55,18214.00,50,1109800
20221101,09:25:59,18213.00,100,1109800
20221101,09:26:00,18213.00,100,1109800
20221101,09:26:01,18213.00,250,1109800
20221101,09:26:05,18212.00,50,1109800
20221101,09:26:16,18210.50,50,1109800
20221101,09:26:17,18210.00,50,1109800
20221101,09:26:18,18211.90,50,1109800
20221101,09:26:19,18210.00,50,1109800
20221101,09:26:20,18211.90,150,1109800
20221101,09:26:27,18212.00,250,1110800
20221101,09:26:28,18212.00,100,1110800
20221101,09:26:29,18211.15,50,1110800
20221101,09:26:40,18213.00,50,1110800
20221101,09:26:43,18213.00,50,1110800
20221101,09:26:47,18212.10,50,1110800
20221101,09:26:48,18212.00,50,1110800
20221101,09:26:53,18214.00,50,1110800
20221101,09:26:55,18213.00,50,1110800
20221101,09:26:56,18211.25,200,1110800
20221101,09:27:01,18209.80,50,1110800
20221101,09:27:03,18209.35,50,1110800
20221101,09:27:05,18213.95,100,1110800
20221101,09:27:07,18210.90,50,1110800
20221101,09:27:09,18210.35,150,1110800
20221101,09:27:10,18210.00,250,1110800
20221101,09:27:14,18212.80,200,1110800
20221101,09:27:16,18210.00,100,1110800
20221101,09:27:20,18212.15,50,1110800
20221101,09:27:24,18213.70,200,1110800
20221101,09:27:25,18210.35,50,1110800
20221101,09:27:29,18213.45,100,1110800
20221101,09:27:32,18211.50,50,1110800
20221101,09:27:35,18212.00,50,1110800
20221101,09:27:41,18212.00,100,1110800
20221101,09:27:43,18212.55,200,1110800
20221101,09:27:44,18212.90,200,1110800
20221101,09:27:51,18211.10,1100,1110800
20221101,09:27:54,18210.90,100,1110800
20221101,09:27:55,18210.85,50,1110800
20221101,09:27:59,18213.75,550,1110800
20221101,09:28:01,18213.75,300,1110800
20221101,09:28:02,18214.60,350,1110800
20221101,09:28:04,18214.20,200,1110800
20221101,09:28:11,18209.90,250,1110800
20221101,09:28:13,18213.35,200,1110800
20221101,09:28:17,18212.90,50,1110800
20221101,09:28:19,18210.05,150,1110800
20221101,09:28:20,18212.00,50,1110800
20221101,09:28:22,18210.20,100,1110800
20221101,09:28:24,18213.00,50,1110800
20221101,09:28:25,18210.95,250,1110800
20221101,09:28:31,18210.10,100,1110800
20221101,09:28:33,18210.00,50,1110800
20221101,09:28:36,18210.05,50,1110800
20221101,09:28:37,18210.00,250,1110800
20221101,09:28:38,18212.80,350,1110800
20221101,09:28:41,18213.70,200,1110800
20221101,09:28:42,18213.60,50,1110800
20221101,09:28:43,18212.95,50,1110800
20221101,09:28:44,18210.35,100,1110800
20221101,09:28:58,18213.15,50,1110800
20221101,09:29:07,18214.00,50,1110800
20221101,09:29:08,18214.00,200,1110800
20221101,09:29:14,18214.70,50,1110800
20221101,09:29:18,18215.00,50,1110800
20221101,09:29:22,18215.00,50,1110800
20221101,09:29:26,18215.00,50,1111450
20221101,09:29:30,18213.50,300,1111450
20221101,09:29:38,18213.50,500,1111450
20221101,09:29:42,18215.00,50,1111450
20221101,09:29:43,18215.20,50,1111450
20221101,09:29:46,18214.00,50,1111450
20221101,09:29:49,18215.45,50,1111450
20221101,09:29:50,18215.95,100,1111450
20221101,09:29:51,18215.95,500,1111450
20221101,09:29:57,18217.90,600,1111450
20221101,09:29:59,18218.00,100,1111450
20221101,09:30:01,18217.25,50,1111450
20221101,09:30:04,18218.00,50,1111450
20221101,09:30:05,18218.00,100,1111450
20221101,09:30:07,18218.00,50,1111450
20221101,09:30:09,18218.00,50,1111450
20221101,09:30:11,18221.00,850,1111450
20221101,09:30:12,18221.00,50,1111450
20221101,09:30:20,18221.00,150,1111450
20221101,09:30:21,18221.00,50,1111450
20221101,09:30:22,18221.00,450,1111450
20221101,09:30:23,18221.00,150,1111450
20221101,09:30:25,18221.00,50,1111450
20221101,09:30:26,18221.00,650,1111450
20221101,09:30:27,18221.00,400,1111450
20221101,09:30:28,18219.90,50,1111450
20221101,09:30:39,18221.80,750,1111450
20221101,09:30:43,18221.80,50,1111450
20221101,09:30:44,18218.50,50,1111450
20221101,09:30:48,18218.40,50,1111450
20221101,09:30:49,18218.40,50,1111450
20221101,09:30:53,18218.50,100,1111450
20221101,09:30:56,18218.50,50,1111450
20221101,09:31:04,18218.50,50,1111450
20221101,09:31:06,18218.50,50,1111450
20221101,09:31:07,18218.00,150,1111450
20221101,09:31:08,18215.75,250,1111450
20221101,09:31:13,18215.50,50,1111450
20221101,09:31:16,18219.65,350,1111450
20221101,09:31:17,18215.80,50,1111450
20221101,09:31:19,18216.85,200,1111450
20221101,09:31:30,18216.00,50,1111450
20221101,09:31:40,18215.50,50,1111450
20221101,09:31:41,18216.00,50,1111450
20221101,09:31:45,18215.50,50,1111450
20221101,09:31:48,18215.60,150,1111450
20221101,09:31:50,18216.00,50,1111450
20221101,09:31:56,18216.00,50,1111450
20221101,09:32:06,18216.00,50,1111450
20221101,09:32:08,18215.00,50,1111450
20221101,09:32:09,18216.00,50,1111450
20221101,09:32:23,18214.95,250,1111450
20221101,09:32:24,18213.00,600,1111450
20221101,09:32:27,18214.30,650,1112700
20221101,09:32:29,18214.70,150,1112700
20221101,09:32:35,18214.85,50,1112700
20221101,09:32:40,18215.05,150,1112700
20221101,09:32:43,18215.75,200,1112700
20221101,09:32:50,18215.00,100,1112700
20221101,09:32:52,18213.45,50,1112700
20221101,09:32:57,18213.30,50,1112700
20221101,09:33:03,18213.00,300,1112700
20221101,09:33:06,18213.00,50,1112700
20221101,09:33:11,18213.40,250,1112700
20221101,09:33:12,18214.85,50,1112700
20221101,09:33:16,18214.85,50,1112700
20221101,09:33:19,18213.75,500,1112700
20221101,09:33:35,18215.75,250,1112700
20221101,09:33:45,18213.70,150,1112700
20221101,09:33:50,18213.00,50,1112700
20221101,09:33:53,18213.20,50,1112700
20221101,09:33:55,18213.20,50,1112700
20221101,09:33:57,18213.70,50,1112700
20221101,09:33:59,18213.00,150,1112700
20221101,09:34:06,18213.00,100,1112700
20221101,09:34:07,18213.00,200,1112700
20221101,09:34:15,18213.00,50,1112700
20221101,09:34:20,18211.35,50,1112700
20221101,09:34:22,18211.90,100,1112700
20221101,09:34:24,18211.45,50,1112700
20221101,09:34:26,18212.00,100,1112700
20221101,09:34:33,18211.90,50,1112700
20221101,09:34:36,18211.90,50,1112700
20221101,09:34:37,18211.90,50,1112700
20221101,09:34:38,18212.85,100,1112700
20221101,09:34:39,18211.90,250,1112700
20221101,09:34:39,18211.90,100,1112700
20221101,09:34:40,18214.00,50,1112700
20221101,09:34:43,18213.70,100,1112700
20221101,09:34:51,18213.95,100,1112700
20221101,09:35:00,18213.95,50,1112700
20221101,09:35:02,18214.00,50,1112700
20221101,09:35:06,18211.95,100,1112700
20221101,09:35:09,18213.40,250,1112700
20221101,09:35:10,18211.40,50,1112700
20221101,09:35:11,18210.75,50,1112700
20221101,09:35:18,18212.10,50,1112700
20221101,09:35:21,18210.00,100,1112700
20221101,09:35:23,18210.00,50,1112700
20221101,09:35:27,18210.00,250,1112400
20221101,09:35:33,18211.65,200,1112400
20221101,09:35:35,18211.60,50,1112400
20221101,09:35:39,18212.30,300,1112400
20221101,09:35:44,18211.00,300,1112400
20221101,09:35:46,18210.00,50,1112400
20221101,09:35:47,18209.00,100,1112400
20221101,09:35:49,18209.00,100,1112400
20221101,09:35:50,18209.00,50,1112400
20221101,09:35:52,18209.00,300,1112400
20221101,09:35:56,18208.35,100,1112400
20221101,09:36:00,18208.40,50,1112400
20221101,09:36:02,18211.95,300,1112400
20221101,09:36:10,18209.70,50,1112400
20221101,09:36:12,18209.70,400,1112400
20221101,09:36:17,18207.85,50,1112400
20221101,09:36:21,18207.85,200,1112400
20221101,09:36:22,18209.70,50,1112400
20221101,09:36:25,18206.75,250,1112400
20221101,09:36:26,18208.05,50,1112400
20221101,09:36:27,18206.90,50,1112400
20221101,09:36:30,18208.75,50,1112400
20221101,09:36:33,18207.85,50,1112400
20221101,09:36:35,18208.10,50,1112400
20221101,09:36:40,18206.20,500,1112400
20221101,09:36:44,18208.85,250,1112400
20221101,09:36:53,18208.00,50,1112400
20221101,09:36:56,18205.05,600,1112400
20221101,09:37:01,18208.00,350,1112400
20221101,09:37:03,18208.00,650,1112400
20221101,09:37:14,18207.90,50,1112400
20221101,09:37:16,18206.30,50,1112400
20221101,09:37:17,18208.00,50,1112400
20221101,09:37:18,18208.65,250,1112400
20221101,09:37:21,18208.65,100,1112400
20221101,09:37:25,18210.00,400,1112400
20221101,09:37:31,18207.60,400,1112400
20221101,09:37:36,18209.50,100,1112400
20221101,09:37:50,18209.90,650,1112400
20221101,09:37:51,18209.00,50,1112400
20221101,09:37:54,18210.00,200,1112400
20221101,09:37:55,18209.50,250,1112400
20221101,09:38:03,18210.00,50,1112400
20221101,09:38:04,18212.00,200,1112400
20221101,09:38:06,18212.10,50,1112400
20221101,09:38:18,18209.00,50,1112400
20221101,09:38:30,18211.00,250,1112500
20221101,09:38:33,18210.75,50,1112500
20221101,09:38:36,18211.95,250,1112500
20221101,09:38:37,18212.00,100,1112500
20221101,09:38:45,18210.85,500,1112500
20221101,09:38:57,18212.50,50,1112500
20221101,09:39:03,18212.00,500,1112500
20221101,09:39:11,18215.00,50,1112500
20221101,09:39:15,18215.00,250,1112500
20221101,09:39:17,18216.00,250,1112500
20221101,09:39:20,18216.00,50,1112500
20221101,09:39:21,18216.00,50,1112500
20221101,09:39:24,18216.00,150,1112500
20221101,09:39:26,18216.30,50,1112500
20221101,09:39:43,18217.80,100,1112500
20221101,09:39:45,18216.80,50,1112500
20221101,09:39:52,18217.80,150,1112500
20221101,09:39:59,18217.80,200,1112500
20221101,09:40:01,18217.80,50,1112500
20221101,09:40:04,18217.80,50,1112500
20221101,09:40:18,18217.80,650,1112500
20221101,09:40:19,18218.00,50,1112500
20221101,09:40:21,18222.00,900,1112500
20221101,09:40:22,18223.35,100,1112500
20221101,09:40:23,18223.35,100,1112500
20221101,09:40:26,18222.45,150,1112500
20221101,09:40:29,18225.00,600,1112500
20221101,09:40:30,18224.00,50,1112500
20221101,09:40:31,18225.40,500,1112500
20221101,09:40:32,18225.40,50,1112500
20221101,09:40:35,18226.65,50,1112500
20221101,09:40:37,18226.65,250,1112500
20221101,09:40:38,18225.15,200,1112500
20221101,09:40:39,18222.40,150,1112500
20221101,09:40:40,18225.15,150,1112500
20221101,09:40:41,18223.00,100,1112500
20221101,09:40:42,18225.30,50,1112500
20221101,09:40:45,18224.80,50,1112500
20221101,09:40:58,18222.55,100,1112500
20221101,09:41:01,18226.30,50,1112500
20221101,09:41:04,18226.00,50,1112500
20221101,09:41:07,18226.30,200,1112500
20221101,09:41:13,18225.55,300,1112500
20221101,09:41:18,18226.10,50,1112500
20221101,09:41:26,18223.40,100,1112500
20221101,09:41:27,18225.85,50,1116500
20221101,09:41:32,18224.65,50,1116500
20221101,09:41:35,18224.85,50,1116500
20221101,09:41:37,18223.00,50,1116500
20221101,09:41:39,18226.70,50,1116500
20221101,09:41:44,18226.70,50,1116500
20221101,09:41:53,18225.15,150,1116500
20221101,09:41:54,18224.35,300,1116500
20221101,09:41:55,18224.35,50,1116500
20221101,09:41:56,18224.35,50,1116500
20221101,09:42:02,18227.00,50,1116500
20221101,09:42:03,18228.00,50,1116500
20221101,09:42:04,18228.90,100,1116500
20221101,09:42:08,18228.90,100,1116500
20221101,09:42:13,18228.20,50,1116500
20221101,09:42:14,18228.10,50,1116500
20221101,09:42:18,18229.00,100,1116500
20221101,09:42:22,18229.00,50,1116500
20221101,09:42:24,18229.85,1000,1116500
20221101,09:42:27,18229.85,100,1116500
20221101,09:42:33,18229.85,50,1116500
20221101,09:42:35,18229.85,50,1116500
20221101,09:42:40,18229.85,50,1116500
20221101,09:42:42,18228.00,50,1116500
20221101,09:42:46,18226.50,100,1116500
20221101,09:42:49,18229.85,1500,1116500
20221101,09:42:51,18225.40,50,1116500
20221101,09:42:58,18226.15,200,1116500
20221101,09:43:00,18226.25,50,1116500
20221101,09:43:02,18229.70,250,1116500
20221101,09:43:06,18228.45,150,1116500
20221101,09:43:16,18227.40,50,1116500
20221101,09:43:22,18226.30,100,1116500
20221101,09:43:24,18225.60,100,1116500
20221101,09:43:25,18222.65,150,1116500
20221101,09:43:29,18223.55,50,1116500
20221101,09:43:35,18223.60,50,1116500
20221101,09:43:36,18220.75,500,1116500
20221101,09:43:39,18223.55,50,1116500
20221101,09:43:41,18220.95,50,1116500
20221101,09:43:46,18223.50,50,1116500
20221101,09:43:49,18220.75,50,1116500
20221101,09:43:51,18221.05,50,1116500
20221101,09:43:52,18221.45,200,1116500
20221101,09:43:53,18223.00,100,1116500
20221101,09:43:58,18222.05,100,1116500
20221101,09:44:00,18223.00,200,1116500
20221101,09:44:02,18223.00,50,1116500
20221101,09:44:04,18227.65,350,1116500
20221101,09:44:07,18225.95,100,1116500
20221101,09:44:08,18225.95,200,1116500
20221101,09:44:09,18225.95,50,1116500
20221101,09:44:10,18225.80,50,1116500
20221101,09:44:14,18225.95,50,1116500
20221101,09:44:17,18225.00,50,1116500
20221101,09:44:22,18225.00,50,1116500
20221101,09:44:23,18225.90,50,1116500
20221101,09:44:33,18225.50,50,1118200
20221101,09:44:51,18224.00,100,1118200
20221101,09:44:54,18223.50,50,1118200
20221101,09:45:05,18225.00,200,1118200
20221101,09:45:06,18226.00,200,1118200
20221101,09:45:08,18226.00,50,1118200
20221101,09:45:09,18228.00,50,1118200
20221101,09:45:14,18228.00,50,1118200
20221101,09:45:16,18229.80,200,1118200
20221101,09:45:20,18229.85,300,1118200
20221101,09:45:32,18226.45,50,1118200
20221101,09:45:44,18225.00,200,1118200
20221101,09:45:46,18224.00,100,1118200
20221101,09:45:48,18223.70,100,1118200
20221101,09:45:51,18225.00,350,1118200
20221101,09:45:52,18225.00,150,1118200
20221101,09:45:53,18224.10,100,1118200
20221101,09:45:54,18225.00,50,1118200
20221101,09:45:56,18226.70,50,1118200
20221101,09:45:57,18223.75,50,1118200
20221101,09:45:59,18223.75,50,1118200
20221101,09:46:00,18223.75,50,1118200
20221101,09:46:01,18225.00,50,1118200
20221101,09:46:02,18225.05,100,1118200
20221101,09:46:03,18228.00,150,1118200
20221101,09:46:04,18227.25,200,1118200
20221101,09:46:11,18227.75,50,1118200
20221101,09:46:12,18229.95,800,1118200
20221101,09:46:13,18230.00,2450,1118200
20221101,09:46:14,18230.00,150,1118200
20221101,09:46:16,18230.00,650,1118200
20221101,09:46:17,18230.00,150,1118200
20221101,09:46:18,18230.00,750,1118200
20221101,09:46:19,18230.00,450,1118200
20221101,09:46:20,18230.00,50,1118200
20221101,09:46:24,18228.90,100,1118200
20221101,09:46:25,18229.00,100,1118200
20221101,09:46:28,18230.05,550,1118200
20221101,09:46:32,18230.05,50,1118200
20221101,09:46:39,18230.05,350,1118200
20221101,09:46:40,18230.05,100,1118200
20221101,09:46:41,18229.00,50,1118200
20221101,09:46:44,18230.05,50,1118200
20221101,09:46:47,18229.95,100,1118200
20221101,09:46:49,18229.95,50,1118200
20221101,09:46:50,18229.95,100,1118200
20221101,09:46:51,18229.95,200,1118200
20221101,09:46:57,18229.95,50,1118200
20221101,09:47:08,18229.95,50,1118200
20221101,09:47:09,18230.05,600,1118200
20221101,09:47:11,18230.05,50,1118200
20221101,09:47:13,18230.00,750,1118200
20221101,09:47:14,18230.05,400,1118200
20221101,09:47:16,18230.15,100,1118200
20221101,09:47:17,18230.15,850,1118200
20221101,09:47:18,18230.15,400,1118200
20221101,09:47:19,18230.15,50,1118200
20221101,09:47:22,18230.15,300,1118200
20221101,09:47:23,18230.00,100,1118200
20221101,09:47:23,18230.00,50,1118200
20221101,09:47:24,18230.00,400,1118200
20221101,09:47:26,18230.45,2050,1118200
20221101,09:47:27,18230.45,150,1118200
20221101,09:47:28,18230.45,500,1118200
20221101,09:47:28,18230.45,550,1118200
20221101,09:47:29,18230.00,1200,1118750
20221101,09:47:31,18230.45,100,1118750
20221101,09:47:32,18230.45,250,1118750
20221101,09:47:33,18230.45,50,1118750
20221101,09:47:35,18230.15,50,1118750
20221101,09:47:37,18230.30,50,1118750
20221101,09:47:38,18230.00,100,1118750
20221101,09:47:40,18230.00,50,1118750
20221101,09:47:42,18230.00,400,1118750
20221101,09:47:43,18232.00,1400,1118750
20221101,09:47:48,18232.00,300,1118750
20221101,09:47:59,18232.00,50,1118750
20221101,09:48:00,18231.65,50,1118750
20221101,09:48:02,18233.00,900,1118750
20221101,09:48:04,18233.00,150,1118750
20221101,09:48:05,18233.00,50,1118750
20221101,09:48:07,18233.10,50,1118750
20221101,09:48:09,18233.95,100,1118750
20221101,09:48:15,18234.00,50,1118750
20221101,09:48:17,18234.90,100,1118750
20221101,09:48:18,18234.95,50,1118750
20221101,09:48:20,18234.95,50,1118750
20221101,09:48:25,18233.10,100,1118750
20221101,09:48:33,18233.00,50,1118750
20221101,09:48:38,18233.10,50,1118750
20221101,09:48:40,18233.10,50,1118750
20221101,09:48:41,18233.10,300,1118750
20221101,09:48:42,18235.00,100,1118750
20221101,09:48:43,18235.00,150,1118750
20221101,09:48:44,18235.00,50,1118750
20221101,09:48:45,18235.00,50,1118750
20221101,09:48:48,18235.00,200,1118750
20221101,09:48:50,18237.25,150,1118750
20221101,09:48:53,18237.65,100,1118750
20221101,09:48:55,18237.95,100,1118750
20221101,09:49:00,18237.95,50,1118750
20221101,09:49:01,18238.00,100,1118750
20221101,09:49:03,18239.45,300,1118750
20221101,09:49:09,18239.45,50,1118750
20221101,09:49:10,18239.95,50,1118750
20221101,09:49:12,18239.95,600,1118750
20221101,09:49:13,18237.90,400,1118750
20221101,09:49:22,18238.95,50,1118750
20221101,09:49:26,18237.90,100,1118750
20221101,09:49:28,18237.00,50,1118750
20221101,09:49:29,18237.00,50,1118750
20221101,09:49:31,18236.00,50,1118750
20221101,09:49:36,18237.80,50,1118750
20221101,09:49:45,18239.65,800,1118750
20221101,09:49:46,18237.80,50,1118750
20221101,09:49:50,18237.80,50,1118750
20221101,09:49:51,18237.80,50,1118750
20221101,09:49:51,18237.90,50,1118750
20221101,09:49:56,18236.65,50,1118750
20221101,09:50:00,18237.30,50,1118750
20221101,09:50:01,18238.30,50,1118750
20221101,09:50:10,18239.00,50,1118750
20221101,09:50:14,18239.20,50,1118750
20221101,09:50:18,18239.00,100,1118750
20221101,09:50:20,18239.50,50,1118750
20221101,09:50:24,18238.75,100,1118750
20221101,09:50:27,18236.00,100,1118750
20221101,09:50:35,18237.50,50,1121950
20221101,09:50:43,18237.80,50,1121950
20221101,09:50:48,18236.00,50,1121950
20221101,09:50:50,18236.00,50,1121950
20221101,09:50:53,18236.10,50,1121950
20221101,09:50:55,18237.00,50,1121950
20221101,09:50:56,18236.25,50,1121950
20221101,09:51:04,18236.15,50,1121950
20221101,09:51:14,18237.00,100,1121950
20221101,09:51:17,18236.15,50,1121950
20221101,09:51:20,18237.80,50,1121950
20221101,09:51:22,18237.80,50,1121950
20221101,09:51:31,18237.20,50,1121950
20221101,09:51:33,18237.80,100,1121950
20221101,09:51:36,18238.00,50,1121950
20221101,09:51:37,18238.00,200,1121950
20221101,09:51:43,18239.50,100,1121950
20221101,09:51:51,18239.50,100,1121950
20221101,09:51:52,18239.50,50,1121950
20221101,09:51:55,18239.50,50,1121950
20221101,09:51:56,18238.20,50,1121950
20221101,09:51:57,18239.95,50,1121950
20221101,09:52:01,18237.80,150,1121950
20221101,09:52:02,18237.25,50,1121950
20221101,09:52:07,18239.95,600,1121950
20221101,09:52:10,18238.60,100,1121950
20221101,09:52:14,18237.00,50,1121950
20221101,09:52:19,18238.00,50,1121950
20221101,09:52:29,18235.80,200,1121950
20221101,09:52:31,18235.80,50,1121950
20221101,09:52:36,18238.00,100,1121950
20221101,09:52:37,18238.00,200,1121950
20221101,09:52:38,18237.20,50,1121950
20221101,09:52:42,18237.20,800,1121950
20221101,09:52:44,18238.95,100,1121950
20221101,09:52:46,18239.90,100,1121950
20221101,09:52:53,18239.95,50,1121950
20221101,09:52:56,18238.60,50,1121950
20221101,09:53:02,18239.95,50,1121950
20221101,09:53:06,18240.00,200,1121950
20221101,09:53:08,18240.00,50,1121950
20221101,09:53:13,18240.00,50,1121950
20221101,09:53:18,18240.00,400,1121950
20221101,09:53:19,18239.80,100,1121950
20221101,09:53:20,18238.05,200,1121950
20221101,09:53:21,18240.00,100,1121950
20221101,09:53:22,18240.00,250,1121950
20221101,09:53:23,18240.00,700,1121950
20221101,09:53:25,18241.10,50,1121950
20221101,09:53:29,18241.10,100,1121950
20221101,09:53:40,18241.00,50,1123650
20221101,09:53:42,18240.00,50,1123650
20221101,09:53:46,18241.00,50,1123650
20221101,09:53:47,18241.10,50,1123650
20221101,09:53:48,18242.00,100,1123650
20221101,09:53:56,18241.05,100,1123650
20221101,09:54:01,18241.05,50,1123650
20221101,09:54:03,18242.00,200,1123650
20221101,09:54:04,18242.00,50,1123650
20221101,09:54:06,18243.00,350,1123650
20221101,09:54:08,18243.00,350,1123650
20221101,09:54:11,18240.50,50,1123650
20221101,09:54:12,18240.00,100,1123650
20221101,09:54:13,18241.55,300,1123650
20221101,09:54:23,18238.65,100,1123650
20221101,09:54:25,18239.15,50,1123650
20221101,09:54:35,18239.15,150,1123650
20221101,09:54:36,18239.15,50,1123650
20221101,09:54:37,18241.00,100,1123650
20221101,09:54:38,18241.00,450,1123650
20221101,09:54:40,18240.60,250,1123650
20221101,09:54:41,18239.90,50,1123650
20221101,09:54:42,18242.90,50,1123650
20221101,09:54:47,18240.00,50,1123650
20221101,09:55:03,18242.00,100,1123650
20221101,09:55:10,18239.50,100,1123650
20221101,09:55:17,18240.95,50,1123650
20221101,09:55:22,18239.50,50,1123650
20221101,09:55:23,18239.50,500,1123650
20221101,09:55:33,18239.95,50,1123650
20221101,09:55:34,18238.25,100,1123650
20221101,09:55:39,18238.00,100,1123650
20221101,09:55:59,18236.20,50,1123650
20221101,09:56:11,18236.30,50,1123650
20221101,09:56:12,18238.00,50,1123650
20221101,09:56:16,18238.00,50,1123650
20221101,09:56:20,18238.00,100,1123650
20221101,09:56:23,18238.40,100,1123650
20221101,09:56:24,18238.00,50,1123650
20221101,09:56:27,18237.30,50,1123650
20221101,09:56:31,18236.70,50,1124550
20221101,09:56:33,18236.90,150,1124550
20221101,09:56:37,18236.20,50,1124550
20221101,09:56:40,18238.00,50,1124550
20221101,09:56:51,18235.25,250,1124550
20221101,09:56:52,18237.35,100,1124550
20221101,09:56:57,18237.35,50,1124550
20221101,09:57:07,18237.80,50,1124550
20221101,09:57:19,18237.00,50,1124550
20221101,09:57:19,18237.00,200,1124550
20221101,09:57:25,18236.00,50,1124550
20221101,09:57:26,18237.00,100,1124550
20221101,09:57:28,18237.00,50,1124550
20221101,09:57:30,18237.00,150,1124550
20221101,09:57:31,18237.00,200,1124550
20221101,09:57:32,18237.00,50,1124550
20221101,09:57:34,18237.35,50,1124550
20221101,09:57:36,18237.00,50,1124550
20221101,09:57:57,18239.00,50,1124550
20221101,09:58:09,18239.80,50,1124550
20221101,09:58:10,18240.00,50,1124550
20221101,09:58:11,18240.00,50,1124550
20221101,09:58:14,18239.10,100,1124550
20221101,09:58:17,18239.95,50,1124550
20221101,09:58:21,18239.95,50,1124550
20221101,09:58:25,18239.95,50,1124550
20221101,09:58:26,18239.95,250,1124550
20221101,09:58:29,18239.95,50,1124550
20221101,09:58:32,18240.00,50,1124550
20221101,09:58:35,18240.00,50,1124550
20221101,09:58:36,18240.00,50,1124550
20221101,09:58:37,18241.00,350,1124550
20221101,09:58:47,18240.15,100,1124550
20221101,09:58:50,18241.00,50,1124550
20221101,09:58:57,18241.80,100,1124550
20221101,09:59:02,18241.00,150,1124550
20221101,09:59:06,18241.00,50,1124550
20221101,09:59:15,18240.00,100,1124550
20221101,09:59:22,18239.00,100,1124550
20221101,09:59:35,18240.00,50,1125750
20221101,09:59:37,18240.00,150,1125750
20221101,09:59:38,18240.00,50,1125750
20221101,09:59:39,18240.00,300,1125750
20221101,09:59:43,18240.05,50,1125750
20221101,09:59:46,18240.00,100,1125750
20221101,09:59:48,18240.00,350,1125750
20221101,09:59:52,18239.00,100,1125750
20221101,09:59:53,18239.00,50,1125750
20221101,09:59:56,18239.00,50,1125750
20221101,10:00:04,18240.50,50,1125750
20221101,10:00:26,18240.05,50,1125750
20221101,10:00:28,18240.95,100,1125750
20221101,10:00:31,18240.05,50,1125750
20221101,10:00:33,18239.00,50,1125750
20221101,10:00:34,18238.10,50,1125750
20221101,10:00:36,18240.00,50,1125750
20221101,10:00:38,18238.25,50,1125750
20221101,10:00:41,18240.00,50,1125750
20221101,10:00:54,18240.00,50,1125750
20221101,10:00:56,18240.05,50,1125750
20221101,10:00:57,18241.00,150,1125750
20221101,10:00:58,18240.00,50,1125750
20221101,10:01:02,18241.00,100,1125750
20221101,10:01:03,18241.00,50,1125750
20221101,10:01:05,18241.00,50,1125750
20221101,10:01:08,18240.15,50,1125750
20221101,10:01:09,18240.25,100,1125750
20221101,10:01:14,18241.00,50,1125750
20221101,10:01:17,18241.00,50,1125750
20221101,10:01:18,18241.20,700,1125750
20221101,10:01:23,18241.40,50,1125750
20221101,10:01:30,18243.00,200,1125750
20221101,10:01:31,18243.45,50,1125750
20221101,10:01:36,18243.45,50,1125750
20221101,10:01:37,18243.35,50,1125750
20221101,10:01:38,18242.95,50,1125750
20221101,10:01:44,18243.70,50,1125750
20221101,10:01:50,18243.70,550,1125750
20221101,10:02:04,18242.80,50,1125750
20221101,10:02:06,18242.95,50,1125750
20221101,10:02:10,18239.35,50,1125750
20221101,10:02:18,18241.00,50,1125750
20221101,10:02:30,18239.00,100,1125750
20221101,10:02:31,18240.00,50,1126550
20221101,10:02:36,18240.00,50,1126550
20221101,10:02:39,18237.85,50,1126550
20221101,10:02:41,18239.00,50,1126550
20221101,10:02:44,18240.00,50,1126550
20221101,10:02:45,18241.50,450,1126550
20221101,10:02:52,18238.40,100,1126550
20221101,10:02:53,18240.00,50,1126550
20221101,10:03:00,18239.70,500,1126550
20221101,10:03:10,18240.10,50,1126550
20221101,10:03:19,18242.00,50,1126550
20221101,10:03:20,18240.10,50,1126550
20221101,10:03:29,18240.25,50,1126550
20221101,10:03:35,18242.00,50,1126550
20221101,10:03:37,18242.95,50,1126550
20221101,10:03:42,18245.00,150,1126550
20221101,10:03:48,18245.00,50,1126550
20221101,10:03:57,18245.00,150,1126550
20221101,10:03:59,18246.00,1000,1126550
20221101,10:04:07,18248.00,150,1126550
20221101,10:04:09,18248.00,50,1126550
20221101,10:04:12,18245.45,50,1126550
20221101,10:04:13,18248.00,50,1126550
20221101,10:04:15,18248.70,150,1126550
20221101,10:04:17,18248.15,100,1126550
20221101,10:04:22,18245.05,100,1126550
20221101,10:04:23,18245.60,50,1126550
20221101,10:04:25,18247.90,100,1126550
20221101,10:04:30,18246.05,100,1126550
20221101,10:04:41,18247.00,100,1126550
20221101,10:04:45,18246.05,50,1126550
20221101,10:04:47,18248.05,50,1126550
20221101,10:04:56,18247.65,50,1126550
20221101,10:05:04,18247.50,250,1126550
20221101,10:05:12,18248.45,50,1126550
20221101,10:05:19,18248.95,50,1126550
20221101,10:05:26,18249.00,50,1126550
20221101,10:05:29,18249.00,150,1126550
20221101,10:05:32,18248.60,100,1126500
20221101,10:05:33,18248.45,100,1126500
20221101,10:05:37,18247.20,50,1126500
20221101,10:05:39,18247.85,50,1126500
20221101,10:05:40,18245.75,250,1126500
20221101,10:05:41,18245.45,50,1126500
20221101,10:05:42,18245.25,50,1126500
20221101,10:05:43,18245.10,50,1126500
20221101,10:05:44,18245.40,50,1126500
20221101,10:05:46,18247.20,50,1126500
20221101,10:05:53,18244.80,50,1126500
20221101,10:05:54,18244.60,50,1126500
20221101,10:05:55,18244.45,50,1126500
20221101,10:06:02,18247.20,50,1126500
20221101,10:06:09,18245.00,50,1126500
20221101,10:06:18,18245.30,50,1126500
20221101,10:06:20,18245.00,100,1126500
20221101,10:06:21,18245.25,350,1126500
20221101,10:06:22,18245.25,50,1126500
20221101,10:06:23,18245.10,100,1126500
20221101,10:06:25,18247.00,150,1126500
20221101,10:06:26,18245.60,50,1126500
20221101,10:06:30,18246.35,150,1126500
20221101,10:06:32,18244.65,50,1126500
20221101,10:06:40,18246.00,150,1126500
20221101,10:06:42,18244.50,300,1126500
20221101,10:06:49,18246.55,250,1126500
20221101,10:06:54,18244.70,50,1126500
20221101,10:06:55,18244.70,50,1126500
20221101,10:06:56,18246.50,100,1126500
20221101,10:07:05,18246.20,50,1126500
20221101,10:07:09,18244.65,350,1126500
20221101,10:07:19,18244.45,100,1126500
20221101,10:07:20,18246.25,50,1126500
20221101,10:07:22,18245.70,50,1126500
20221101,10:07:24,18244.00,50,1126500
20221101,10:07:32,18246.00,50,1126500
20221101,10:07:45,18243.90,50,1126500
20221101,10:07:58,18244.60,50,1126500
20221101,10:08:02,18245.10,250,1126500
20221101,10:08:04,18242.30,50,1126500
20221101,10:08:05,18244.30,250,1126500
20221101,10:08:10,18242.00,100,1126500
20221101,10:08:17,18244.15,50,1126500
20221101,10:08:29,18242.40,50,1126500
20221101,10:08:32,18242.00,50,1126500
20221101,10:08:33,18241.55,50,1126500
20221101,10:08:37,18240.30,50,1125650
20221101,10:08:38,18241.25,50,1125650
20221101,10:08:41,18240.20,50,1125650
20221101,10:08:44,18241.00,50,1125650
20221101,10:08:46,18240.25,200,1125650
20221101,10:08:49,18240.70,150,1125650
20221101,10:08:52,18240.25,450,1125650
20221101,10:08:56,18242.25,50,1125650
20221101,10:09:04,18241.60,1000,1125650
20221101,10:09:06,18244.00,50,1125650
20221101,10:09:09,18244.00,100,1125650
20221101,10:09:10,18244.00,50,1125650
20221101,10:09:11,18243.35,100,1125650
20221101,10:09:16,18243.65,300,1125650
20221101,10:09:18,18244.80,50,1125650
20221101,10:09:21,18245.50,50,1125650
20221101,10:09:22,18245.90,100,1125650
20221101,10:09:27,18246.15,50,1125650
20221101,10:09:28,18247.30,100,1125650
20221101,10:09:32,18246.20,50,1125650
20221101,10:09:33,18248.00,50,1125650
20221101,10:09:35,18246.95,50,1125650
20221101,10:09:38,18246.95,100,1125650
20221101,10:09:42,18248.00,50,1125650
20221101,10:09:43,18249.00,50,1125650
20221101,10:09:45,18249.30,150,1125650
20221101,10:09:47,18249.95,50,1125650
20221101,10:09:48,18250.00,1800,1125650
20221101,10:09:49,18251.00,250,1125650
20221101,10:09:50,18251.00,50,1125650
20221101,10:09:55,18252.00,100,1125650
20221101,10:09:56,18252.00,50,1125650
20221101,10:09:57,18252.00,50,1125650
20221101,10:10:01,18252.00,50,1125650
20221101,10:10:04,18252.00,50,1125650
20221101,10:10:08,18252.00,50,1125650
20221101,10:10:09,18253.00,400,1125650
20221101,10:10:12,18253.00,1500,1125650
20221101,10:10:28,18253.00,100,1125650
20221101,10:10:33,18252.30,100,1125650
20221101,10:10:43,18252.00,50,1125650
20221101,10:10:50,18252.30,50,1125650
20221101,10:10:51,18252.05,200,1125650
20221101,10:10:52,18253.00,100,1125650
20221101,10:10:57,18254.95,350,1125650
20221101,10:10:58,18254.95,250,1125650
20221101,10:10:59,18254.00,50,1125650
20221101,10:11:00,18254.00,50,1125650
20221101,10:11:03,18255.00,100,1125650
20221101,10:11:04,18255.00,50,1125650
20221101,10:11:14,18254.00,150,1125650
20221101,10:11:19,18253.00,50,1125650
20221101,10:11:21,18250.30,150,1125650
20221101,10:11:24,18250.80,50,1125650
20221101,10:11:27,18254.00,50,1125650
20221101,10:11:36,18254.65,650,1126950
20221101,10:11:41,18254.00,50,1126950
20221101,10:11:42,18251.85,100,1126950
20221101,10:12:06,18252.80,50,1126950
20221101,10:12:08,18254.00,100,1126950
20221101,10:12:17,18255.00,500,1126950
20221101,10:12:23,18255.00,50,1126950
20221101,10:12:35,18255.00,100,1126950
20221101,10:12:39,18255.00,300,1126950
20221101,10:12:46,18255.00,250,1126950
20221101,10:12:52,18255.00,50,1126950
20221101,10:12:54,18253.65,100,1126950
20221101,10:12:58,18254.00,50,1126950
20221101,10:13:04,18253.90,50,1126950
20221101,10:13:06,18254.00,50,1126950
20221101,10:13:07,18253.35,500,1126950
20221101,10:13:10,18255.00,550,1126950
20221101,10:13:21,18255.00,100,1126950
20221101,10:13:27,18255.00,50,1126950
20221101,10:13:29,18255.75,50,1126950
20221101,10:13:42,18255.75,50,1126950
20221101,10:13:46,18255.95,50,1126950
20221101,10:13:49,18255.95,100,1126950
20221101,10:13:58,18254.65,50,1126950
20221101,10:14:00,18253.40,50,1126950
20221101,10:14:05,18256.00,50,1126950
20221101,10:14:08,18256.00,50,1126950
20221101,10:14:11,18256.00,50,1126950
20221101,10:14:13,18256.05,150,1126950
20221101,10:14:16,18256.50,50,1126950
20221101,10:14:26,18258.00,50,1126950
20221101,10:14:27,18258.00,150,1126950
20221101,10:14:30,18258.00,100,1126950
20221101,10:14:32,18258.00,50,1126600
20221101,10:14:35,18259.00,100,1126600
20221101,10:14:40,18259.00,150,1126600
20221101,10:14:42,18259.00,250,1126600
20221101,10:14:46,18259.00,350,1126600
20221101,10:14:50,18259.85,50,1126600
20221101,10:14:59,18259.85,50,1126600
20221101,10:15:02,18260.00,350,1126600
20221101,10:15:07,18260.00,500,1126600
20221101,10:15:10,18258.00,50,1126600
20221101,10:15:13,18260.00,50,1126600
20221101,10:15:18,18260.00,50,1126600
20221101,10:15:19,18259.45,50,1126600
20221101,10:15:21,18260.00,100,1126600
20221101,10:15:22,18260.00,50,1126600
20221101,10:15:24,18261.00,50,1126600
20221101,10:15:25,18261.00,50,1126600
20221101,10:15:33,18263.15,100,1126600
20221101,10:15:37,18263.15,50,1126600
20221101,10:15:39,18263.15,50,1126600
20221101,10:15:42,18263.15,50,1126600
20221101,10:15:43,18263.05,50,1126600
20221101,10:15:48,18262.95,50,1126600
20221101,10:15:49,18262.00,50,1126600
20221101,10:15:50,18262.70,150,1126600
20221101,10:15:52,18262.00,50,1126600
20221101,10:15:53,18258.00,1000,1126600
20221101,10:16:02,18262.05,50,1126600
20221101,10:16:12,18260.00,150,1126600
20221101,10:16:17,18260.00,150,1126600
20221101,10:16:19,18259.00,100,1126600
20221101,10:16:28,18259.45,50,1126600
20221101,10:16:43,18258.00,50,1126600
20221101,10:16:45,18258.00,50,1126600
20221101,10:16:49,18256.45,50,1126600
20221101,10:16:52,18260.00,1400,1126600
20221101,10:16:54,18260.00,100,1126600
20221101,10:17:02,18260.20,1000,1126600
20221101,10:17:06,18256.40,200,1126600
20221101,10:17:14,18256.00,50,1126600
20221101,10:17:17,18255.15,50,1126600
20221101,10:17:20,18256.40,50,1126600
20221101,10:17:24,18258.00,100,1126600
20221101,10:17:27,18257.50,50,1126600
20221101,10:17:32,18260.00,50,1126600
20221101,10:17:36,18259.00,50,1126950
20221101,10:17:43,18258.70,50,1126950
20221101,10:17:44,18258.70,150,1126950
20221101,10:17:50,18260.00,50,1126950
20221101,10:17:53,18260.00,50,1126950
20221101,10:18:00,18260.00,50,1126950
20221101,10:18:01,18258.25,50,1126950
20221101,10:18:13,18260.15,100,1126950
20221101,10:18:17,18258.00,50,1126950
20221101,10:18:18,18259.20,100,1126950
20221101,10:18:19,18259.15,50,1126950
20221101,10:18:20,18256.20,500,1126950
20221101,10:18:23,18256.80,100,1126950
20221101,10:18:27,18259.60,50,1126950
20221101,10:18:32,18259.00,150,1126950
20221101,10:18:35,18260.85,300,1126950
20221101,10:18:38,18260.35,100,1126950
20221101,10:18:39,18259.25,50,1126950
20221101,10:18:40,18261.00,50,1126950
20221101,10:18:41,18261.00,100,1126950
20221101,10:18:42,18261.65,50,1126950
20221101,10:18:44,18261.35,50,1126950
20221101,10:18:49,18262.05,150,1126950
20221101,10:18:51,18260.00,50,1126950
20221101,10:18:53,18261.70,250,1126950
20221101,10:18:55,18261.95,300,1126950
20221101,10:18:55,18262.20,50,1126950
20221101,10:18:56,18262.10,150,1126950
20221101,10:18:57,18262.00,100,1126950
20221101,10:18:58,18262.70,100,1126950
20221101,10:19:00,18262.75,150,1126950
20221101,10:19:01,18262.80,100,1126950
20221101,10:19:02,18263.10,150,1126950
20221101,10:19:03,18262.70,200,1126950
20221101,10:19:05,18264.80,50,1126950
20221101,10:19:06,18265.00,50,1126950
20221101,10:19:07,18265.00,50,1126950
20221101,10:19:15,18265.00,200,1126950
20221101,10:19:16,18262.15,100,1126950
20221101,10:19:17,18263.50,250,1126950
20221101,10:19:19,18263.45,350,1126950
20221101,10:19:21,18263.70,250,1126950
20221101,10:19:22,18263.40,150,1126950
20221101,10:19:26,18263.90,700,1126950
20221101,10:19:27,18263.80,400,1126950
20221101,10:19:28,18263.35,100,1126950
20221101,10:19:29,18262.75,300,1126950
20221101,10:19:31,18262.75,100,1126950
20221101,10:19:32,18262.70,200,1126950
20221101,10:19:34,18262.60,300,1126950
20221101,10:19:35,18263.40,1100,1126950
20221101,10:19:38,18262.50,800,1126950
20221101,10:19:39,18263.80,300,1126950
20221101,10:19:40,18263.65,100,1126950
20221101,10:19:41,18263.75,350,1126950
20221101,10:19:43,18262.60,100,1126950
20221101,10:19:46,18263.30,150,1126950
20221101,10:19:48,18263.05,50,1126950
20221101,10:19:49,18263.20,100,1126950
20221101,10:19:50,18262.95,100,1126950
20221101,10:19:52,18262.15,100,1126950
20221101,10:19:53,18262.80,100,1126950
20221101,10:19:56,18262.50,250,1126950
20221101,10:19:57,18262.15,100,1126950
20221101,10:19:59,18261.50,150,1126950
20221101,10:19:59,18261.45,50,1126950
20221101,10:20:00,18261.50,150,1126950
20221101,10:20:01,18261.30,50,1126950
20221101,10:20:06,18260.90,50,1126950
20221101,10:20:12,18260.70,50,1126950
20221101,10:20:15,18261.25,50,1126950
20221101,10:20:16,18260.90,750,1126950
20221101,10:20:19,18261.05,50,1126950
20221101,10:20:24,18260.15,50,1126950
20221101,10:20:24,18260.10,50,1126950
20221101,10:20:26,18260.00,100,1126950
20221101,10:20:28,18260.00,50,1126950
20221101,10:20:29,18260.00,50,1126950
20221101,10:20:30,18260.00,50,1126950
20221101,10:20:31,18260.00,100,1126950
20221101,10:20:32,18260.00,50,1126950
20221101,10:20:35,18260.00,100,1130300
20221101,10:20:36,18260.00,50,1130300
20221101,10:20:37,18260.00,50,1130300
20221101,10:20:40,18261.00,100,1130300
20221101,10:20:42,18260.00,50,1130300
20221101,10:20:43,18261.15,450,1130300
20221101,10:20:44,18259.75,200,1130300
20221101,10:20:46,18260.00,100,1130300
20221101,10:20:47,18260.00,100,1130300
20221101,10:20:48,18261.00,100,1130300
20221101,10:20:49,18261.00,100,1130300
20221101,10:20:53,18261.40,50,1130300
20221101,10:20:54,18261.00,100,1130300
20221101,10:20:55,18261.00,100,1130300
20221101,10:20:58,18262.80,100,1130300
20221101,10:21:09,18261.05,50,1130300
20221101,10:21:13,18260.15,50,1130300
20221101,10:21:23,18262.50,50,1130300
20221101,10:21:26,18260.40,50,1130300
20221101,10:21:29,18262.05,50,1130300
20221101,10:21:32,18260.15,50,1130300
20221101,10:21:36,18260.00,50,1130300
20221101,10:21:39,18260.15,50,1130300
20221101,10:21:42,18260.00,50,1130300
20221101,10:21:44,18262.20,50,1130300
20221101,10:21:51,18262.00,50,1130300
20221101,10:21:55,18260.25,50,1130300
20221101,10:21:56,18262.00,50,1130300
20221101,10:21:57,18260.25,50,1130300
20221101,10:22:00,18260.95,50,1130300
20221101,10:22:01,18262.90,50,1130300
20221101,10:22:03,18260.85,50,1130300
20221101,10:22:04,18262.50,150,1130300
20221101,10:22:10,18262.75,50,1130300
20221101,10:22:11,18262.70,200,1130300
20221101,10:22:14,18262.90,50,1130300
20221101,10:22:16,18265.00,50,1130300
20221101,10:22:17,18263.15,50,1130300
20221101,10:22:19,18262.70,100,1130300
20221101,10:22:30,18265.00,150,1130300
20221101,10:22:34,18263.00,100,1130300
20221101,10:22:36,18263.00,50,1130300
20221101,10:22:38,18262.40,100,1130300
20221101,10:22:41,18261.55,50,1130300
20221101,10:22:43,18258.60,50,1130300
20221101,10:22:46,18261.00,50,1130300
20221101,10:22:47,18258.00,100,1130300
20221101,10:22:49,18259.15,50,1130300
20221101,10:22:52,18257.60,100,1130300
20221101,10:22:55,18258.15,50,1130300
20221101,10:22:57,18257.65,100,1130300
20221101,10:22:58,18257.10,50,1130300
20221101,10:23:02,18256.30,150,1130300
20221101,10:23:04,18256.60,50,1130300
20221101,10:23:08,18258.40,400,1130300
20221101,10:23:09,18255.35,50,1130300
20221101,10:23:10,18258.35,700,1130300
20221101,10:23:15,18255.10,50,1130300
20221101,10:23:26,18254.10,100,1130300
20221101,10:23:31,18255.10,100,1130300
20221101,10:23:32,18254.65,50,1130300
20221101,10:23:38,18255.80,150,1130450
20221101,10:23:40,18254.40,200,1130450
20221101,10:23:41,18257.15,50,1130450
20221101,10:23:42,18254.00,50,1130450
20221101,10:23:53,18253.60,50,1130450
20221101,10:23:55,18254.00,250,1130450
20221101,10:24:00,18252.60,100,1130450
20221101,10:24:05,18254.00,50,1130450
20221101,10:24:12,18254.70,100,1130450
20221101,10:24:23,18252.45,50,1130450
20221101,10:24:24,18252.45,200,1130450
20221101,10:24:30,18254.00,200,1130450
20221101,10:24:31,18254.80,50,1130450
20221101,10:24:32,18255.00,350,1130450
20221101,10:24:35,18253.65,50,1130450
20221101,10:24:42,18254.55,50,1130450
20221101,10:24:56,18251.10,50,1130450
20221101,10:25:02,18252.60,50,1130450
20221101,10:25:05,18252.65,50,1130450
20221101,10:25:13,18254.55,50,1130450
20221101,10:25:15,18255.00,50,1130450
20221101,10:25:18,18256.05,100,1130450
20221101,10:25:27,18256.25,50,1130450
20221101,10:25:38,18258.20,50,1130450
20221101,10:25:59,18258.20,100,1130450
20221101,10:26:14,18257.45,50,1130450
20221101,10:26:16,18258.20,100,1130450
20221101,10:26:19,18258.65,50,1130450
20221101,10:26:26,18258.20,50,1130450
20221101,10:26:32,18258.20,50,1130450
20221101,10:26:34,18258.30,700,1130450
20221101,10:26:38,18255.10,50,1129900
20221101,10:26:45,18255.10,50,1129900
20221101,10:26:46,18253.80,50,1129900
20221101,10:26:47,18255.00,50,1129900
20221101,10:26:50,18255.10,50,1129900
20221101,10:26:53,18255.50,150,1129900
20221101,10:27:01,18256.50,150,1129900
20221101,10:27:20,18258.10,50,1129900
20221101,10:27:23,18258.10,50,1129900
20221101,10:27:28,18258.10,900,1129900
20221101,10:27:36,18254.95,500,1129900
20221101,10:27:44,18254.65,50,1129900
20221101,10:27:54,18254.15,50,1129900
20221101,10:28:06,18258.65,1000,1129900
20221101,10:28:10,18256.85,250,1129900
20221101,10:28:18,18257.15,150,1129900
20221101,10:28:20,18256.00,50,1129900
20221101,10:28:24,18254.85,50,1129900
20221101,10:28:32,18254.15,200,1129900
20221101,10:28:53,18257.00,50,1129900
20221101,10:29:05,18255.95,50,1129900
20221101,10:29:06,18256.10,100,1129900
20221101,10:29:09,18256.75,50,1129900
20221101,10:29:12,18257.35,100,1129900
20221101,10:29:24,18257.35,50,1129900
20221101,10:29:25,18259.00,200,1129900
20221101,10:30:08,18259.00,50,1130050
20221101,10:30:27,18259.00,50,1130050
20221101,10:30:42,18257.50,50,1130050
20221101,10:30:53,18260.00,50,1130050
20221101,10:30:54,18257.95,50,1130050
20221101,10:30:57,18259.00,150,1130050
20221101,10:30:58,18259.00,200,1130050
20221101,10:31:06,18258.85,100,1130050
20221101,10:31:24,18258.20,150,1130050
20221101,10:31:25,18257.55,50,1130050
20221101,10:31:27,18257.55,50,1130050
20221101,10:31:29,18257.65,50,1130050
20221101,10:31:30,18257.55,100,1130050
20221101,10:31:35,18257.00,100,1130050
20221101,10:31:38,18254.05,250,1130050
20221101,10:31:39,18254.90,50,1130050
20221101,10:31:41,18254.45,100,1130050
20221101,10:31:43,18253.50,200,1130050
20221101,10:31:45,18255.20,100,1130050
20221101,10:31:48,18254.90,50,1130050
20221101,10:32:04,18254.15,50,1130050
20221101,10:32:05,18254.90,50,1130050
20221101,10:32:07,18255.50,150,1130050
20221101,10:32:13,18256.35,50,1130050
20221101,10:32:23,18255.50,50,1130050
20221101,10:32:29,18254.15,50,1130050
20221101,10:32:43,18254.80,150,1129800
20221101,10:32:47,18254.85,150,1129800
20221101,10:32:49,18254.20,50,1129800
20221101,10:32:53,18254.05,100,1129800
20221101,10:32:54,18254.80,50,1129800
20221101,10:33:00,18253.95,50,1129800
20221101,10:33:12,18254.00,50,1129800
20221101,10:33:30,18252.05,50,1129800
20221101,10:33:43,18253.00,50,1129800
20221101,10:33:48,18253.00,50,1129800
20221101,10:33:50,18251.50,200,1129800
20221101,10:33:51,18253.00,50,1129800
20221101,10:33:54,18253.00,50,1129800
20221101,10:33:57,18253.00,50,1129800
20221101,10:34:00,18252.40,50,1129800
20221101,10:34:04,18253.00,50,1129800
20221101,10:34:08,18252.15,200,1129800
20221101,10:34:10,18253.00,50,1129800
20221101,10:34:15,18253.00,200,1129800
20221101,10:34:16,18252.55,100,1129800
20221101,10:34:27,18252.20,150,1129800
20221101,10:34:37,18250.00,250,1129800
20221101,10:34:39,18252.15,50,1129800
20221101,10:34:43,18251.25,50,1129800
20221101,10:34:45,18252.20,200,1129800
20221101,10:34:46,18252.55,50,1129800
20221101,10:34:47,18252.55,50,1129800
20221101,10:34:48,18252.55,50,1129800
20221101,10:34:50,18250.55,150,1129800
20221101,10:34:51,18252.10,50,1129800
20221101,10:34:52,18252.20,100,1129800
20221101,10:35:03,18250.60,50,1129800
20221101,10:35:10,18251.95,200,1129800
20221101,10:35:13,18251.35,50,1129800
20221101,10:35:19,18252.55,50,1129800
20221101,10:35:27,18254.00,500,1129800
20221101,10:35:28,18252.85,50,1129800
20221101,10:35:31,18253.75,100,1129800
20221101,10:35:35,18255.00,50,1129800
20221101,10:35:36,18255.00,150,1129800
20221101,10:35:44,18255.00,50,1127200
20221101,10:35:47,18253.80,50,1127200
20221101,10:35:49,18254.20,100,1127200
20221101,10:35:50,18255.00,50,1127200
20221101,10:35:54,18255.00,50,1127200
20221101,10:36:03,18255.00,200,1127200
20221101,10:36:07,18255.00,50,1127200
20221101,10:36:19,18254.85,50,1127200
20221101,10:36:20,18253.35,350,1127200
20221101,10:36:27,18254.15,100,1127200
20221101,10:36:29,18254.25,50,1127200
20221101,10:36:30,18255.00,50,1127200
20221101,10:36:31,18255.00,50,1127200
20221101,10:36:40,18255.00,100,1127200
20221101,10:36:47,18255.00,100,1127200
20221101,10:36:50,18253.90,400,1127200
20221101,10:36:54,18254.95,50,1127200
20221101,10:36:57,18255.65,50,1127200
20221101,10:37:29,18255.00,50,1127200
20221101,10:37:41,18257.50,50,1127200
20221101,10:37:45,18254.95,50,1127200
20221101,10:37:46,18257.50,100,1127200
20221101,10:37:57,18259.25,200,1127200
20221101,10:38:19,18258.00,50,1127200
20221101,10:38:34,18259.15,50,1127200
20221101,10:38:43,18259.00,100,1127100
20221101,10:39:16,18259.00,50,1127100
20221101,10:39:29,18259.00,50,1127100
20221101,10:39:59,18259.90,50,1127100
20221101,10:40:24,18262.10,300,1127100
20221101,10:40:28,18261.90,50,1127100
20221101,10:40:29,18262.80,50,1127100
20221101,10:40:30,18264.00,300,1127100
20221101,10:40:32,18263.75,50,1127100
20221101,10:40:34,18265.00,50,1127100
20221101,10:40:38,18265.00,150,1127100
20221101,10:40:40,18266.00,100,1127100
20221101,10:40:41,18268.00,200,1127100
20221101,10:40:43,18268.10,100,1127100
20221101,10:40:48,18268.45,50,1127100
20221101,10:40:49,18268.45,150,1127100
20221101,10:40:51,18266.45,50,1127100
20221101,10:40:52,18266.30,150,1127100
20221101,10:40:53,18266.10,100,1127100
20221101,10:40:55,18267.10,50,1127100
20221101,10:40:58,18267.90,50,1127100
20221101,10:40:59,18269.00,50,1127100
20221101,10:41:00,18270.95,700,1127100
20221101,10:41:01,18270.95,150,1127100
20221101,10:41:05,18271.75,150,1127100
20221101,10:41:10,18271.75,50,1127100
20221101,10:41:16,18268.25,50,1127100
20221101,10:41:19,18269.25,50,1127100
20221101,10:41:21,18268.25,50,1127100
20221101,10:41:30,18269.25,100,1127100
20221101,10:41:35,18270.20,50,1127100
20221101,10:41:38,18271.20,100,1126900
20221101,10:41:42,18271.20,100,1126900
20221101,10:41:43,18271.75,100,1126900
20221101,10:41:45,18271.60,50,1126900
20221101,10:41:54,18271.75,50,1126900
20221101,10:42:10,18269.25,50,1126900
20221101,10:42:12,18269.95,250,1126900
20221101,10:42:15,18269.10,100,1126900
20221101,10:42:19,18269.40,50,1126900
20221101,10:42:27,18269.60,50,1126900
20221101,10:42:32,18267.65,250,1126900
20221101,10:42:49,18267.25,50,1126900
20221101,10:43:05,18267.25,100,1126900
20221101,10:43:26,18267.80,200,1126900
20221101,10:43:32,18270.00,250,1126900
20221101,10:43:38,18269.75,50,1126900
20221101,10:43:49,18270.00,50,1126900
20221101,10:44:10,18270.05,50,1126900
20221101,10:44:11,18270.60,100,1126900
20221101,10:44:17,18270.60,150,1126900
20221101,10:44:33,18267.30,150,1126900
20221101,10:44:38,18270.00,50,1126900
20221101,10:44:40,18267.70,150,1126150
20221101,10:44:47,18268.90,50,1126150
20221101,10:44:48,18270.00,100,1126150
20221101,10:44:49,18271.00,100,1126150
20221101,10:44:53,18270.95,100,1126150
20221101,10:45:02,18272.00,100,1126150
20221101,10:45:04,18274.00,50,1126150
20221101,10:45:19,18274.00,200,1126150
20221101,10:45:25,18272.35,150,1126150
20221101,10:45:26,18273.50,200,1126150
20221101,10:45:37,18273.60,650,1126150
20221101,10:45:45,18272.50,50,1126150
20221101,10:45:47,18273.95,50,1126150
20221101,10:45:52,18272.90,150,1126150
20221101,10:46:01,18274.00,100,1126150
20221101,10:46:02,18271.15,50,1126150
20221101,10:46:13,18272.00,50,1126150
20221101,10:46:15,18274.00,150,1126150
20221101,10:46:25,18274.05,50,1126150
20221101,10:46:26,18274.05,50,1126150
20221101,10:46:28,18274.05,50,1126150
20221101,10:46:31,18273.10,50,1126150
20221101,10:46:40,18269.10,150,1126150
20221101,10:46:44,18269.70,100,1126150
20221101,10:46:49,18269.25,150,1126150
20221101,10:46:50,18269.30,100,1126150
20221101,10:47:00,18269.35,150,1126150
20221101,10:47:09,18273.10,400,1126150
20221101,10:47:30,18272.85,50,1126150
20221101,10:47:36,18270.20,200,1126150
20221101,10:47:37,18269.60,300,1126150
20221101,10:47:41,18270.15,50,1126000
20221101,10:47:43,18269.65,100,1126000
20221101,10:47:49,18273.00,100,1126000
20221101,10:48:09,18273.00,50,1126000
20221101,10:48:10,18274.25,300,1126000
20221101,10:48:13,18274.50,150,1126000
20221101,10:48:15,18275.00,50,1126000
20221101,10:48:21,18275.00,150,1126000
20221101,10:48:22,18274.00,50,1126000
20221101,10:48:23,18275.00,50,1126000
20221101,10:48:29,18275.00,200,1126000
20221101,10:48:34,18275.00,50,1126000
20221101,10:48:35,18275.00,200,1126000
20221101,10:48:36,18275.00,50,1126000
20221101,10:48:46,18274.70,50,1126000
20221101,10:48:48,18274.60,100,1126000
20221101,10:48:52,18272.30,50,1126000
20221101,10:48:54,18274.75,50,1126000
20221101,10:48:57,18272.05,50,1126000
20221101,10:49:00,18274.85,50,1126000
20221101,10:49:01,18272.45,50,1126000
20221101,10:49:06,18275.00,100,1126000
20221101,10:49:07,18275.00,400,1126000
20221101,10:49:08,18275.00,350,1126000
20221101,10:49:11,18275.00,50,1126000
20221101,10:49:12,18275.00,50,1126000
20221101,10:49:13,18273.95,50,1126000
20221101,10:49:16,18273.10,50,1126000
20221101,10:49:21,18272.75,50,1126000
20221101,10:49:24,18275.00,100,1126000
20221101,10:49:26,18275.00,100,1126000
20221101,10:49:27,18273.50,50,1126000
20221101,10:49:28,18272.95,50,1126000
20221101,10:49:31,18272.00,100,1126000
20221101,10:49:32,18272.10,50,1126000
20221101,10:49:34,18275.00,50,1126000
20221101,10:49:36,18272.75,50,1126000
20221101,10:49:38,18273.15,50,1126000
20221101,10:49:42,18273.10,50,1126000
20221101,10:49:44,18275.00,50,1126000
20221101,10:49:45,18272.90,50,1126000
20221101,10:49:52,18274.00,50,1126000
20221101,10:50:01,18272.90,50,1126000
20221101,10:50:09,18275.00,100,1126000
20221101,10:50:13,18275.00,50,1126000
20221101,10:50:14,18275.00,50,1126000
20221101,10:50:19,18272.50,50,1126000
20221101,10:50:20,18274.15,100,1126000
20221101,10:50:25,18274.15,50,1126000
20221101,10:50:26,18274.75,200,1126000
20221101,10:50:55,18274.00,450,1124750
20221101,10:50:56,18274.75,100,1124750
20221101,10:50:57,18274.65,50,1124750
20221101,10:51:05,18271.95,100,1124750
20221101,10:51:23,18272.00,50,1124750
20221101,10:51:24,18272.50,50,1124750
20221101,10:51:28,18271.00,100,1124750
20221101,10:51:29,18271.00,50,1124750
20221101,10:51:44,18269.20,50,1124750
20221101,10:51:55,18271.00,50,1124750
20221101,10:52:19,18270.00,50,1124750
20221101,10:52:29,18271.00,50,1124750
20221101,10:52:33,18270.10,50,1124750
20221101,10:52:43,18270.50,50,1124750
20221101,10:52:45,18270.05,100,1124750
20221101,10:52:48,18273.50,50,1124750
20221101,10:52:52,18270.10,100,1124750
20221101,10:52:56,18270.05,200,1124750
20221101,10:53:06,18270.25,100,1124750
20221101,10:53:10,18270.00,50,1124750
20221101,10:53:18,18272.85,100,1124750
20221101,10:53:23,18270.00,50,1124750
20221101,10:53:31,18273.25,500,1124750
20221101,10:54:02,18273.45,200,1123900
20221101,10:54:09,18270.75,50,1123900
20221101,10:54:37,18273.50,350,1123900
20221101,10:54:40,18272.75,200,1123900
20221101,10:55:00,18272.75,50,1123900
20221101,10:55:02,18272.45,50,1123900
20221101,10:55:19,18274.65,50,1123900
20221101,10:55:36,18272.55,50,1123900
20221101,10:55:40,18272.60,50,1123900
20221101,10:55:56,18274.75,100,1123900
20221101,10:56:04,18274.90,50,1123900
20221101,10:56:07,18274.60,50,1123900
20221101,10:56:12,18275.45,200,1123900
20221101,10:56:14,18275.45,50,1123900
20221101,10:56:17,18274.60,50,1123900
20221101,10:56:26,18275.00,50,1123900
20221101,10:56:37,18275.00,50,1123900
20221101,10:56:45,18275.60,50,1123750
20221101,10:57:12,18277.70,150,1123750
20221101,10:57:13,18278.10,200,1123750
20221101,10:57:22,18278.25,50,1123750
20221101,10:57:23,18278.25,50,1123750
20221101,10:57:24,18278.75,200,1123750
20221101,10:57:36,18278.75,50,1123750
20221101,10:57:44,18275.45,50,1123750
20221101,10:57:52,18275.50,500,1123750
20221101,10:58:02,18279.00,50,1123750
20221101,10:58:03,18279.00,50,1123750
20221101,10:58:05,18280.00,400,1123750
20221101,10:58:17,18280.00,50,1123750
20221101,10:58:29,18280.00,50,1123750
20221101,10:58:32,18278.70,50,1123750
20221101,10:58:34,18278.65,50,1123750
20221101,10:58:53,18277.25,50,1123750
20221101,10:58:57,18275.30,50,1123750
20221101,10:59:08,18275.95,50,1123750
20221101,10:59:20,18275.30,50,1123750
20221101,10:59:36,18275.30,100,1123750
20221101,10:59:41,18275.00,100,1124050
20221101,10:59:45,18275.00,50,1124050
20221101,10:59:46,18275.70,50,1124050
20221101,10:59:47,18274.60,50,1124050
20221101,10:59:49,18275.30,100,1124050
20221101,11:00:07,18273.85,200,1124050
20221101,11:00:15,18276.25,50,1124050
20221101,11:00:17,18275.30,50,1124050
20221101,11:00:25,18275.30,50,1124050
20221101,11:00:28,18274.65,50,1124050
20221101,11:00:30,18275.35,50,1124050
20221101,11:00:33,18272.65,50,1124050
20221101,11:00:41,18273.65,250,1124050
20221101,11:00:46,18273.40,150,1124050
20221101,11:00:50,18273.05,50,1124050
20221101,11:00:58,18271.10,50,1124050
20221101,11:01:08,18272.05,350,1124050
20221101,11:01:10,18272.40,50,1124050
20221101,11:01:15,18270.55,50,1124050
20221101,11:01:18,18273.00,50,1124050
20221101,11:01:23,18273.00,150,1124050
20221101,11:01:33,18272.20,50,1124050
20221101,11:01:42,18270.55,100,1124050
20221101,11:01:50,18269.00,50,1124050
20221101,11:01:52,18270.00,50,1124050
20221101,11:02:04,18269.00,50,1124050
20221101,11:02:09,18269.05,50,1124050
20221101,11:02:24,18272.80,50,1124050
20221101,11:02:41,18271.60,200,1123800
20221101,11:02:44,18270.45,50,1123800
20221101,11:02:45,18270.45,50,1123800
20221101,11:02:50,18267.55,250,1123800
20221101,11:02:51,18270.15,50,1123800
20221101,11:02:56,18269.65,50,1123800
20221101,11:03:02,18266.60,50,1123800
20221101,11:03:07,18265.70,50,1123800
20221101,11:03:13,18269.15,100,1123800
20221101,11:03:16,18265.65,50,1123800
20221101,11:03:21,18267.70,50,1123800
20221101,11:03:23,18265.05,50,1123800
20221101,11:03:35,18265.75,50,1123800
20221101,11:03:41,18265.75,50,1123800
20221101,11:03:44,18265.00,50,1123800
20221101,11:03:47,18265.00,100,1123800
20221101,11:03:55,18267.05,100,1123800
20221101,11:03:58,18267.10,150,1123800
20221101,11:04:00,18267.60,50,1123800
20221101,11:04:01,18265.05,50,1123800
20221101,11:04:04,18267.30,100,1123800
20221101,11:04:11,18265.05,50,1123800
20221101,11:04:14,18267.30,100,1123800
20221101,11:04:22,18265.00,50,1123800
20221101,11:04:29,18265.00,50,1123800
20221101,11:04:34,18265.00,150,1123800
20221101,11:04:43,18267.70,150,1123800
20221101,11:04:46,18267.20,50,1123800
20221101,11:04:49,18267.00,50,1123800
20221101,11:04:53,18266.50,250,1123800
20221101,11:05:02,18266.80,100,1123800
20221101,11:05:03,18265.20,50,1123800
20221101,11:05:03,18266.70,50,1123800
20221101,11:05:12,18265.00,100,1123800
20221101,11:05:14,18265.65,100,1123800
20221101,11:05:17,18266.10,50,1123800
20221101,11:05:21,18265.90,150,1123800
20221101,11:05:45,18265.90,50,1123500
20221101,11:06:01,18268.30,150,1123500
20221101,11:06:07,18268.30,50,1123500
20221101,11:06:08,18269.00,300,1123500
20221101,11:06:21,18271.00,100,1123500
20221101,11:06:23,18267.60,100,1123500
20221101,11:06:28,18269.30,100,1123500
20221101,11:06:29,18269.45,150,1123500
20221101,11:06:30,18269.45,200,1123500
20221101,11:06:31,18269.10,200,1123500
20221101,11:06:31,18268.70,200,1123500
20221101,11:06:32,18268.60,200,1123500
20221101,11:06:33,18268.55,250,1123500
20221101,11:06:34,18268.65,100,1123500
20221101,11:06:35,18269.00,150,1123500
20221101,11:06:51,18267.05,50,1123500
20221101,11:06:56,18267.95,50,1123500
20221101,11:07:01,18270.00,50,1123500
20221101,11:07:03,18271.20,50,1123500
20221101,11:07:09,18271.35,200,1123500
20221101,11:07:11,18271.30,50,1123500
20221101,11:07:15,18270.35,200,1123500
20221101,11:07:16,18267.80,50,1123500
20221101,11:07:25,18269.20,200,1123500
20221101,11:07:36,18268.60,150,1123500
20221101,11:07:37,18268.70,100,1123500
20221101,11:07:38,18268.60,150,1123500
20221101,11:07:46,18268.60,350,1123500
20221101,11:08:04,18267.65,50,1123500
20221101,11:08:05,18268.60,50,1123500
20221101,11:08:23,18267.65,50,1123500
20221101,11:08:46,18269.45,50,1124050
20221101,11:08:51,18268.60,50,1124050
20221101,11:08:52,18268.10,100,1124050
20221101,11:09:05,18266.50,500,1124050
20221101,11:09:08,18269.25,250,1124050
20221101,11:09:17,18266.70,100,1124050
20221101,11:09:27,18269.40,50,1124050
20221101,11:09:37,18269.45,50,1124050
20221101,11:09:58,18266.55,100,1124050
20221101,11:10:14,18269.00,100,1124050
20221101,11:10:23,18267.20,250,1124050
20221101,11:10:27,18266.50,50,1124050
20221101,11:10:29,18265.90,550,1124050
20221101,11:10:38,18266.40,250,1124050
20221101,11:10:48,18265.55,50,1124050
20221101,11:10:51,18266.15,250,1124050
20221101,11:10:53,18266.80,50,1124050
20221101,11:10:55,18266.10,50,1124050
20221101,11:11:01,18265.00,700,1124050
20221101,11:11:02,18265.30,50,1124050
20221101,11:11:10,18264.00,50,1124050
20221101,11:11:19,18266.60,50,1124050
20221101,11:11:21,18264.05,50,1124050
20221101,11:11:22,18266.90,50,1124050
20221101,11:11:39,18265.00,50,1124050
20221101,11:11:40,18266.00,50,1124050
20221101,11:11:41,18266.50,100,1124050
20221101,11:11:42,18265.00,100,1124050
20221101,11:11:44,18266.55,150,1124350
20221101,11:11:45,18266.50,50,1124350
20221101,11:11:46,18266.50,50,1124350
20221101,11:11:47,18265.00,250,1124350
20221101,11:11:48,18266.40,50,1124350
20221101,11:11:50,18266.10,50,1124350
20221101,11:12:02,18263.70,50,1124350
20221101,11:12:03,18263.15,100,1124350
20221101,11:12:13,18265.65,50,1124350
20221101,11:12:14,18265.55,50,1124350
20221101,11:12:16,18264.55,50,1124350
20221101,11:12:18,18262.90,450,1124350
20221101,11:12:20,18262.15,50,1124350
20221101,11:12:28,18262.80,50,1124350
20221101,11:12:32,18262.00,50,1124350
20221101,11:12:36,18261.75,50,1124350
20221101,11:12:43,18260.75,50,1124350
20221101,11:12:58,18261.00,50,1124350
20221101,11:13:14,18260.00,100,1124350
20221101,11:13:18,18260.80,200,1124350
20221101,11:13:22,18260.00,50,1124350
20221101,11:13:28,18259.90,150,1124350
20221101,11:13:42,18260.70,50,1124350
20221101,11:13:46,18261.15,50,1124350
20221101,11:13:48,18258.20,50,1124350
20221101,11:13:51,18258.15,50,1124350
20221101,11:13:52,18258.90,50,1124350
20221101,11:13:53,18258.05,50,1124350
20221101,11:14:01,18259.25,50,1124350
20221101,11:14:03,18258.25,50,1124350
20221101,11:14:04,18258.30,50,1124350
20221101,11:14:18,18262.00,50,1124350
20221101,11:14:35,18263.05,50,1124350
20221101,11:14:51,18264.50,50,1124550
20221101,11:14:58,18265.00,50,1124550
20221101,11:14:59,18264.00,50,1124550
20221101,11:15:09,18265.00,50,1124550
20221101,11:15:15,18266.80,50,1124550
20221101,11:15:16,18265.00,50,1124550
20221101,11:15:18,18265.00,200,1124550
20221101,11:15:21,18267.00,50,1124550
20221101,11:15:29,18267.10,50,1124550
20221101,11:15:32,18266.40,50,1124550
20221101,11:15:32,18265.00,50,1124550
20221101,11:15:43,18264.00,50,1124550
20221101,11:15:49,18265.60,50,1124550
20221101,11:15:53,18264.95,50,1124550
20221101,11:16:05,18265.65,50,1124550
20221101,11:16:22,18266.10,50,1124550
20221101,11:16:23,18266.15,100,1124550
20221101,11:16:28,18267.45,50,1124550
20221101,11:16:39,18268.00,50,1124550
20221101,11:16:47,18267.00,50,1124550
20221101,11:17:23,18263.80,300,1124550
20221101,11:17:33,18265.00,50,1124550
20221101,11:17:41,18264.00,100,1124550
20221101,11:17:52,18264.90,100,1124750
20221101,11:17:56,18264.45,200,1124750
20221101,11:18:08,18266.30,50,1124750
20221101,11:18:12,18266.40,50,1124750
20221101,11:18:26,18264.05,50,1124750
20221101,11:18:28,18264.00,50,1124750
20221101,11:18:29,18264.00,250,1124750
20221101,11:18:44,18265.50,900,1124750
20221101,11:18:51,18263.95,50,1124750
20221101,11:19:09,18260.80,200,1124750
20221101,11:19:25,18263.95,50,1124750
20221101,11:19:28,18265.00,200,1124750
20221101,11:19:33,18265.00,50,1124750
20221101,11:19:47,18265.75,500,1124750
20221101,11:19:49,18266.05,50,1124750
20221101,11:19:51,18268.00,50,1124750
20221101,11:19:52,18269.05,50,1124750
20221101,11:19:58,18269.60,200,1124750
20221101,11:20:02,18269.15,50,1124750
20221101,11:20:03,18268.35,50,1124750
20221101,11:20:14,18267.15,50,1124750
20221101,11:20:16,18267.40,50,1124750
20221101,11:20:32,18268.65,50,1124750
20221101,11:20:40,18269.90,50,1124750
20221101,11:21:00,18266.80,50,1124750
20221101,11:21:01,18266.90,50,1124800
20221101,11:21:02,18269.50,50,1124800
20221101,11:21:09,18268.55,150,1124800
20221101,11:21:15,18267.45,50,1124800
20221101,11:21:26,18268.10,50,1124800
20221101,11:21:36,18265.05,200,1124800
20221101,11:21:37,18268.10,250,1124800
20221101,11:21:45,18267.95,50,1124800
20221101,11:21:47,18267.85,100,1124800
20221101,11:21:48,18268.25,50,1124800
20221101,11:21:49,18268.30,50,1124800
20221101,11:21:54,18267.60,100,1124800
20221101,11:22:00,18268.00,50,1124800
20221101,11:22:14,18268.00,50,1124800
20221101,11:22:15,18268.00,100,1124800
20221101,11:22:21,18269.10,50,1124800
20221101,11:22:22,18269.35,50,1124800
20221101,11:22:25,18268.00,50,1124800
20221101,11:22:45,18269.00,100,1124800
20221101,11:22:49,18267.80,50,1124800
20221101,11:23:13,18267.80,150,1124800
20221101,11:23:15,18267.80,50,1124800
20221101,11:23:21,18269.15,100,1124800
20221101,11:23:31,18268.50,150,1124800
20221101,11:23:41,18267.00,50,1124800
20221101,11:23:42,18268.00,100,1124800
20221101,11:23:43,18268.20,50,1124800
20221101,11:23:46,18267.45,100,1124800
20221101,11:23:54,18265.45,1150,1124550
20221101,11:23:55,18265.35,100,1124550
20221101,11:23:56,18265.00,50,1124550
20221101,11:24:01,18266.25,150,1124550
20221101,11:24:05,18265.50,50,1124550
20221101,11:24:14,18265.70,50,1124550
20221101,11:24:16,18267.50,100,1124550
20221101,11:24:21,18266.80,100,1124550
20221101,11:24:25,18265.00,50,1124550
20221101,11:24:27,18265.05,50,1124550
20221101,11:24:31,18266.45,100,1124550
20221101,11:24:35,18265.85,50,1124550
20221101,11:24:37,18265.55,550,1124550
20221101,11:24:41,18265.15,100,1124550
20221101,11:24:42,18265.00,100,1124550
20221101,11:24:52,18264.95,150,1124550
20221101,11:24:54,18261.90,50,1124550
20221101,11:25:01,18264.70,50,1124550
20221101,11:25:09,18262.70,100,1124550
20221101,11:25:13,18265.00,100,1124550
20221101,11:25:38,18265.00,100,1124550
20221101,11:25:51,18262.75,500,1124550
20221101,11:25:57,18265.75,50,1124550
20221101,11:26:03,18265.40,100,1124550
20221101,11:26:04,18265.15,150,1124550
20221101,11:26:22,18264.15,50,1124550
20221101,11:26:29,18262.90,50,1124550
20221101,11:26:57,18262.80,50,1124300
20221101,11:26:58,18262.20,250,1124300
20221101,11:27:06,18260.00,50,1124300
20221101,11:27:11,18259.50,100,1124300
20221101,11:27:19,18258.75,50,1124300
20221101,11:27:23,18261.70,50,1124300
20221101,11:27:35,18258.00,50,1124300
20221101,11:27:43,18257.70,50,1124300
20221101,11:27:48,18257.65,1000,1124300
20221101,11:27:56,18257.30,100,1124300
20221101,11:27:58,18254.85,250,1124300
20221101,11:28:03,18256.00,50,1124300
20221101,11:28:04,18256.80,1100,1124300
20221101,11:28:11,18255.55,50,1124300
20221101,11:28:17,18254.95,100,1124300
20221101,11:28:27,18254.00,50,1124300
20221101,11:28:34,18254.00,100,1124300
20221101,11:28:42,18254.00,50,1124300
20221101,11:28:45,18255.00,50,1124300
20221101,11:28:48,18254.00,200,1124300
20221101,11:28:53,18252.65,150,1124300
20221101,11:28:56,18254.70,500,1124300
20221101,11:29:00,18253.95,50,1124300
20221101,11:29:15,18254.90,250,1124300
20221101,11:29:19,18255.00,50,1124300
20221101,11:29:20,18253.00,300,1124300
20221101,11:29:23,18252.35,50,1124300
20221101,11:29:24,18253.10,50,1124300
20221101,11:29:30,18253.50,100,1124300
20221101,11:29:35,18256.70,100,1124300
20221101,11:29:37,18256.10,200,1124300
20221101,11:29:39,18253.00,50,1124300
20221101,11:29:45,18252.50,50,1124300
20221101,11:29:50,18251.70,100,1124950
20221101,11:29:57,18251.50,150,1124950
20221101,11:29:59,18251.60,400,1124950
20221101,11:30:00,18250.00,450,1124950
20221101,11:30:05,18250.20,100,1124950
20221101,11:30:06,18251.50,100,1124950
20221101,11:30:23,18251.45,100,1124950
20221101,11:30:28,18251.00,100,1124950
20221101,11:30:29,18251.00,50,1124950
20221101,11:30:32,18251.05,100,1124950
20221101,11:30:33,18251.05,50,1124950
20221101,11:30:41,18251.40,50,1124950
20221101,11:30:44,18252.65,50,1124950
20221101,11:31:04,18255.05,250,1124950
20221101,11:31:13,18256.05,150,1124950
20221101,11:31:20,18256.50,150,1124950
20221101,11:31:25,18255.05,50,1124950
20221101,11:31:29,18256.60,50,1124950
20221101,11:31:39,18257.00,200,1124950
20221101,11:31:43,18257.25,50,1124950
20221101,11:31:44,18257.35,50,1124950
20221101,11:32:22,18256.60,150,1124950
20221101,11:32:31,18258.30,1400,1124950
20221101,11:32:46,18256.25,100,1124950
20221101,11:32:49,18256.00,100,1123800
20221101,11:32:52,18255.80,350,1123800
20221101,11:32:58,18255.00,150,1123800
20221101,11:33:16,18254.80,200,1123800
20221101,11:33:17,18255.75,250,1123800
20221101,11:33:24,18253.90,100,1123800
20221101,11:33:32,18252.05,100,1123800
20221101,11:33:33,18251.00,50,1123800
20221101,11:33:34,18252.10,50,1123800
20221101,11:33:49,18251.85,50,1123800
20221101,11:33:52,18251.90,50,1123800
20221101,11:33:53,18254.30,200,1123800
20221101,11:33:57,18250.50,150,1123800
20221101,11:34:03,18250.35,150,1123800
20221101,11:34:19,18250.40,50,1123800
20221101,11:34:31,18251.30,50,1123800
20221101,11:34:49,18254.35,50,1123800
20221101,11:35:06,18255.00,300,1123800
20221101,11:35:14,18255.30,150,1123800
20221101,11:35:26,18252.55,100,1123800
20221101,11:35:27,18255.00,50,1123800
20221101,11:35:33,18256.75,1000,1123800
20221101,11:35:40,18256.35,50,1123800
20221101,11:35:45,18253.25,200,1123800
20221101,11:35:57,18253.40,50,1123300
20221101,11:36:36,18253.50,50,1123300
20221101,11:36:40,18256.00,1400,1123300
20221101,11:36:42,18255.05,50,1123300
20221101,11:36:45,18255.05,450,1123300
20221101,11:36:47,18255.10,50,1123300
20221101,11:36:59,18253.00,50,1123300
20221101,11:37:06,18255.50,50,1123300
20221101,11:37:07,18253.05,50,1123300
20221101,11:37:09,18255.50,50,1123300
20221101,11:37:11,18255.05,50,1123300
20221101,11:37:12,18255.05,150,1123300
20221101,11:37:13,18255.80,150,1123300
20221101,11:37:14,18255.90,50,1123300
20221101,11:37:15,18255.05,50,1123300
20221101,11:37:18,18255.05,50,1123300
20221101,11:37:28,18255.05,150,1123300
20221101,11:37:39,18254.10,150,1123300
20221101,11:37:44,18254.20,150,1123300
20221101,11:37:51,18255.50,200,1123300
20221101,11:37:53,18255.50,150,1123300
20221101,11:37:57,18253.45,50,1123300
20221101,11:37:58,18256.40,150,1123300
20221101,11:38:01,18256.05,50,1123300
20221101,11:38:05,18256.70,50,1123300
20221101,11:38:31,18257.45,100,1123300
20221101,11:38:51,18255.30,300,1123750
20221101,11:39:18,18255.50,100,1123750
20221101,11:39:27,18257.00,50,1123750
20221101,11:39:55,18257.05,50,1123750
20221101,11:40:07,18257.05,250,1123750
20221101,11:40:10,18257.35,100,1123750
20221101,11:40:14,18257.00,250,1123750
20221101,11:40:16,18255.75,50,1123750
20221101,11:40:21,18255.00,600,1123750
20221101,11:40:24,18255.75,250,1123750
20221101,11:40:26,18255.80,250,1123750
20221101,11:40:27,18254.00,300,1123750
20221101,11:40:35,18255.35,500,1123750
20221101,11:40:38,18253.10,100,1123750
20221101,11:40:39,18255.05,500,1123750
20221101,11:40:41,18253.20,150,1123750
20221101,11:40:47,18253.05,50,1123750
20221101,11:40:57,18253.05,50,1123750
20221101,11:41:06,18254.00,200,1123750
20221101,11:41:10,18254.85,50,1123750
20221101,11:41:39,18253.65,300,1123750
20221101,11:41:41,18253.00,500,1123750
20221101,11:41:50,18252.90,50,1125400
20221101,11:41:52,18252.95,250,1125400
20221101,11:41:56,18253.30,50,1125400
20221101,11:41:57,18253.05,500,1125400
20221101,11:41:58,18253.00,100,1125400
20221101,11:42:03,18253.00,600,1125400
20221101,11:42:10,18251.00,50,1125400
20221101,11:42:20,18253.00,800,1125400
20221101,11:42:26,18253.00,100,1125400
20221101,11:42:33,18253.00,50,1125400
20221101,11:42:34,18253.00,300,1125400
20221101,11:42:36,18253.80,50,1125400
20221101,11:42:52,18252.50,50,1125400
20221101,11:42:58,18253.20,50,1125400
20221101,11:43:04,18252.10,100,1125400
20221101,11:43:19,18252.00,50,1125400
20221101,11:43:25,18252.55,50,1125400
20221101,11:43:30,18252.80,100,1125400
20221101,11:43:31,18252.90,50,1125400
20221101,11:43:44,18251.70,50,1125400
20221101,11:43:52,18252.00,50,1125400
20221101,11:44:08,18250.90,700,1125400
20221101,11:44:24,18254.20,50,1125400
20221101,11:44:29,18249.30,1500,1125400
20221101,11:44:34,18250.00,100,1125400
20221101,11:44:52,18250.05,1800,1123150
20221101,11:45:04,18251.05,200,1123150
20221101,11:45:09,18254.00,50,1123150
20221101,11:45:20,18250.00,1100,1123150
20221101,11:45:23,18250.95,100,1123150
20221101,11:45:26,18254.10,50,1123150
20221101,11:45:31,18254.05,750,1123150
20221101,11:45:38,18254.20,400,1123150
20221101,11:45:47,18252.10,950,1123150
20221101,11:46:00,18254.00,500,1123150
20221101,11:46:31,18254.35,50,1123150
20221101,11:46:33,18254.05,50,1123150
20221101,11:46:35,18254.05,100,1123150
20221101,11:46:47,18254.60,50,1123150
20221101,11:46:49,18254.60,50,1123150
20221101,11:46:56,18254.05,100,1123150
20221101,11:47:05,18255.00,200,1123150
20221101,11:47:09,18255.40,50,1123150
20221101,11:47:13,18255.25,50,1123150
20221101,11:47:20,18255.05,100,1123150
20221101,11:47:26,18255.35,150,1123150
20221101,11:47:28,18255.05,50,1123150
20221101,11:47:57,18255.05,50,1120800
20221101,11:48:04,18255.05,100,1120800
20221101,11:48:05,18255.10,50,1120800
20221101,11:48:27,18255.00,50,1120800
20221101,11:48:39,18255.40,100,1120800
20221101,11:48:40,18255.35,50,1120800
20221101,11:48:42,18255.95,50,1120800
20221101,11:48:43,18256.05,50,1120800
20221101,11:48:51,18256.60,50,1120800
20221101,11:48:54,18256.80,50,1120800
20221101,11:48:57,18255.70,50,1120800
20221101,11:49:14,18256.50,50,1120800
20221101,11:49:26,18255.70,50,1120800
20221101,11:49:29,18255.00,50,1120800
20221101,11:49:31,18255.70,50,1120800
20221101,11:49:39,18259.00,50,1120800
20221101,11:49:41,18259.00,50,1120800
20221101,11:49:49,18260.00,50,1120800
20221101,11:49:58,18259.80,50,1120800
20221101,11:50:11,18260.00,50,1120800
20221101,11:50:16,18259.00,100,1120800
20221101,11:50:32,18260.00,50,1120800
20221101,11:50:42,18260.10,50,1120800
20221101,11:50:51,18259.85,50,1120850
20221101,11:50:58,18259.50,50,1120850
20221101,11:51:01,18259.40,50,1120850
20221101,11:51:05,18259.25,50,1120850
20221101,11:51:10,18258.35,100,1120850
20221101,11:51:13,18260.40,50,1120850
20221101,11:51:19,18257.50,250,1120850
20221101,11:51:42,18260.60,50,1120850
20221101,11:51:43,18260.45,50,1120850
20221101,11:51:43,18260.10,50,1120850
20221101,11:52:20,18260.00,50,1120850
20221101,11:52:26,18259.75,50,1120850
20221101,11:52:43,18260.00,50,1120850
20221101,11:52:44,18260.00,150,1120850
20221101,11:53:01,18259.50,100,1120850
20221101,11:53:11,18259.75,100,1120850
20221101,11:53:15,18259.75,950,1120850
20221101,11:53:16,18259.75,150,1120850
20221101,11:53:17,18259.75,300,1120850
20221101,11:53:18,18259.75,150,1120850
20221101,11:53:19,18259.75,150,1120850
20221101,11:53:29,18259.85,50,1120850
20221101,11:53:33,18259.00,200,1120850
20221101,11:53:58,18259.00,50,1122250
20221101,11:54:04,18259.25,200,1122250
20221101,11:54:15,18257.00,50,1122250
20221101,11:54:18,18259.25,850,1122250
20221101,11:54:23,18259.25,400,1122250
20221101,11:54:24,18259.25,550,1122250
20221101,11:54:27,18259.15,200,1122250
20221101,11:54:34,18256.05,50,1122250
20221101,11:54:36,18259.25,50,1122250
20221101,11:54:39,18259.25,50,1122250
20221101,11:55:03,18259.25,100,1122250
20221101,11:55:21,18260.00,50,1122250
20221101,11:55:28,18261.00,50,1122250
20221101,11:55:46,18260.00,50,1122250
20221101,11:55:54,18260.90,100,1122250
20221101,11:55:55,18263.80,100,1122250
20221101,11:55:57,18260.60,100,1122250
20221101,11:56:01,18260.85,150,1122250
20221101,11:56:02,18260.60,150,1122250
20221101,11:56:08,18260.60,50,1122250
20221101,11:56:12,18264.20,50,1122250
20221101,11:56:49,18262.00,50,1122250
20221101,11:57:03,18264.60,100,1124600
20221101,11:57:06,18265.00,50,1124600
20221101,11:57:07,18265.00,50,1124600
20221101,11:57:08,18265.05,100,1124600
20221101,11:57:11,18264.35,100,1124600
20221101,11:57:27,18264.95,50,1124600
20221101,11:57:30,18264.95,1100,1124600
20221101,11:57:34,18264.50,50,1124600
20221101,11:57:41,18263.85,150,1124600
20221101,11:58:14,18263.50,50,1124600
20221101,11:58:23,18265.00,200,1124600
20221101,11:58:34,18265.00,50,1124600
20221101,11:58:48,18264.95,50,1124600
20221101,11:59:08,18265.45,100,1124600
20221101,11:59:22,18264.95,50,1124600
20221101,11:59:36,18266.40,100,1124600
20221101,11:59:41,18267.70,650,1124600
20221101,12:00:01,18264.05,100,1126550
20221101,12:00:12,18263.50,50,1126550
20221101,12:00:16,18264.05,50,1126550
20221101,12:00:40,18261.00,50,1126550
20221101,12:00:55,18260.00,50,1126550
20221101,12:00:57,18260.00,100,1126550
20221101,12:00:59,18259.25,100,1126550
20221101,12:01:01,18259.90,50,1126550
20221101,12:01:10,18258.35,50,1126550
20221101,12:01:22,18256.00,200,1126550
20221101,12:01:27,18255.85,50,1126550
20221101,12:01:52,18258.70,50,1126550
20221101,12:01:56,18255.85,200,1126550
20221101,12:01:58,18255.05,50,1126550
20221101,12:02:26,18251.50,50,1126550
20221101,12:02:30,18251.05,50,1126550
20221101,12:02:42,18251.05,50,1126550
20221101,12:02:45,18251.05,50,1126550
20221101,12:02:47,18251.50,50,1126550
20221101,12:02:49,18252.00,50,1126550
20221101,12:02:55,18252.05,50,1126500
20221101,12:03:02,18252.05,100,1126500
20221101,12:03:26,18252.05,50,1126500
20221101,12:03:32,18252.05,100,1126500
20221101,12:03:33,18252.05,150,1126500
20221101,12:03:52,18252.05,50,1126500
20221101,12:03:54,18252.05,50,1126500
20221101,12:04:02,18252.05,50,1126500
20221101,12:04:06,18252.05,50,1126500
20221101,12:04:09,18251.00,50,1126500
20221101,12:04:36,18250.00,100,1126500
20221101,12:04:46,18250.50,50,1126500
20221101,12:04:47,18250.05,100,1126500
20221101,12:04:53,18250.05,50,1126500
20221101,12:05:03,18250.00,100,1126500
20221101,12:05:04,18249.95,50,1126500
20221101,12:05:12,18252.70,50,1126500
20221101,12:05:17,18250.50,100,1126500
20221101,12:05:17,18251.10,50,1126500
20221101,12:05:29,18251.10,50,1126500
20221101,12:05:33,18253.75,50,1126500
20221101,12:06:07,18248.05,50,1126900
20221101,12:06:26,18248.05,100,1126900
20221101,12:06:29,18248.05,50,1126900
20221101,12:06:35,18248.30,150,1126900
20221101,12:06:50,18251.50,50,1126900
20221101,12:06:55,18250.70,50,1126900
20221101,12:07:16,18248.30,50,1126900
20221101,12:07:39,18251.05,250,1126900
20221101,12:08:07,18248.25,50,1126900
20221101,12:08:43,18252.00,100,1126900
20221101,12:09:12,18252.00,50,1127000
20221101,12:09:16,18253.00,50,1127000
20221101,12:09:23,18251.00,50,1127000
20221101,12:09:27,18251.00,100,1127000
20221101,12:09:30,18251.00,100,1127000
20221101,12:09:40,18250.30,50,1127000
20221101,12:10:19,18252.50,50,1127000
20221101,12:10:22,18253.25,50,1127000
20221101,12:10:29,18254.50,200,1127000
20221101,12:10:46,18252.00,50,1127000
20221101,12:11:02,18250.00,100,1127000
20221101,12:11:07,18250.70,50,1127000
20221101,12:11:24,18252.45,100,1127000
20221101,12:12:11,18249.00,50,1127300
20221101,12:12:15,18251.60,200,1127300
20221101,12:12:36,18250.70,50,1127300
20221101,12:12:40,18251.00,50,1127300
20221101,12:12:41,18251.60,150,1127300
20221101,12:12:56,18249.00,50,1127300
20221101,12:12:59,18242.00,1500,1127300
20221101,12:13:04,18247.35,400,1127300
20221101,12:13:05,18243.70,150,1127300
20221101,12:13:06,18243.95,50,1127300
20221101,12:13:10,18244.70,100,1127300
20221101,12:13:11,18245.10,50,1127300
20221101,12:13:31,18247.35,50,1127300
20221101,12:13:40,18246.40,50,1127300
20221101,12:13:42,18245.25,50,1127300
20221101,12:13:49,18245.25,50,1127300
20221101,12:13:51,18245.35,100,1127300
20221101,12:14:01,18245.25,50,1127300
20221101,12:14:10,18245.00,50,1127300
20221101,12:14:17,18244.50,50,1127300
20221101,12:14:20,18241.65,250,1127300
20221101,12:14:24,18241.50,100,1127300
20221101,12:14:33,18243.60,100,1127300
20221101,12:14:34,18241.00,50,1127300
20221101,12:14:35,18243.45,50,1127300
20221101,12:14:38,18240.60,200,1127300
20221101,12:14:39,18243.60,50,1127300
20221101,12:14:47,18241.60,50,1127300
20221101,12:14:56,18241.85,50,1127300
20221101,12:15:02,18242.70,500,1126600
20221101,12:15:14,18242.45,200,1126600
20221101,12:15:19,18242.90,500,1126600
20221101,12:15:28,18241.00,200,1126600
20221101,12:15:30,18240.00,250,1126600
20221101,12:15:33,18240.00,250,1126600
20221101,12:15:35,18240.00,50,1126600
20221101,12:15:38,18237.85,50,1126600
20221101,12:15:41,18240.50,900,1126600
20221101,12:15:43,18237.85,50,1126600
20221101,12:15:45,18240.00,50,1126600
20221101,12:15:45,18238.00,50,1126600
20221101,12:15:47,18237.40,300,1126600
20221101,12:15:52,18237.45,50,1126600
20221101,12:15:54,18239.90,50,1126600
20221101,12:15:58,18237.10,150,1126600
20221101,12:15:59,18239.15,100,1126600
20221101,12:16:07,18236.05,50,1126600
20221101,12:16:13,18236.35,100,1126600
20221101,12:16:18,18236.40,50,1126600
20221101,12:16:22,18237.20,50,1126600
20221101,12:16:23,18238.30,50,1126600
20221101,12:16:26,18240.00,250,1126600
20221101,12:16:28,18238.80,50,1126600
20221101,12:16:32,18239.95,500,1126600
20221101,12:16:35,18239.35,50,1126600
20221101,12:16:38,18239.45,100,1126600
20221101,12:16:39,18239.95,100,1126600
20221101,12:16:44,18239.55,50,1126600
20221101,12:16:56,18238.00,200,1126600
20221101,12:17:00,18238.00,50,1126600
20221101,12:17:02,18238.00,100,1126600
20221101,12:17:12,18240.00,500,1126600
20221101,12:17:14,18238.00,100,1126600
20221101,12:17:17,18238.65,50,1126600
20221101,12:17:31,18239.45,50,1126600
20221101,12:17:33,18240.00,50,1126600
20221101,12:17:36,18244.20,500,1126600
20221101,12:18:07,18240.00,50,1126850
20221101,12:18:13,18240.00,50,1126850
20221101,12:18:21,18240.00,50,1126850
20221101,12:18:28,18240.05,100,1126850
20221101,12:18:30,18240.35,50,1126850
20221101,12:18:37,18240.90,50,1126850
20221101,12:18:40,18241.50,100,1126850
20221101,12:18:45,18242.25,50,1126850
20221101,12:18:53,18243.00,50,1126850
20221101,12:18:54,18243.10,50,1126850
20221101,12:19:01,18245.70,250,1126850
20221101,12:19:16,18242.00,50,1126850
20221101,12:19:53,18243.00,50,1126850
20221101,12:20:04,18243.20,250,1126850
20221101,12:20:20,18247.65,50,1126850
20221101,12:20:26,18244.70,100,1126850
20221101,12:20:40,18249.00,50,1126850
20221101,12:20:44,18248.45,50,1126850
20221101,12:20:57,18245.05,100,1125750
20221101,12:21:00,18247.20,100,1125750
20221101,12:21:18,18245.45,50,1125750
20221101,12:21:24,18245.10,100,1125750
20221101,12:21:27,18245.00,50,1125750
20221101,12:21:32,18245.00,50,1125750
20221101,12:21:48,18242.00,50,1125750
20221101,12:21:57,18242.10,50,1125750
20221101,12:22:05,18240.50,50,1125750
20221101,12:22:29,18238.65,50,1125750
20221101,12:22:37,18239.90,50,1125750
20221101,12:22:39,18238.75,50,1125750
20221101,12:22:40,18238.95,50,1125750
20221101,12:22:54,18240.35,50,1125750
20221101,12:23:06,18241.00,50,1125750
20221101,12:23:11,18242.00,100,1125750
20221101,12:23:25,18242.05,50,1125750
20221101,12:23:36,18244.00,50,1125750
20221101,12:23:56,18243.45,50,1125750
20221101,12:23:57,18243.50,50,1125750
20221101,12:23:58,18242.60,50,1125750
20221101,12:23:59,18242.00,50,1125750
20221101,12:24:23,18241.25,50,1125750
20221101,12:24:24,18243.50,100,1125750
20221101,12:24:27,18243.55,150,1125750
20221101,12:24:38,18243.50,50,1125750
20221101,12:24:44,18243.75,50,1125750
20221101,12:25:07,18242.95,100,1125750
20221101,12:25:27,18242.00,50,1125750
20221101,12:26:22,18241.30,50,1125750
20221101,12:26:30,18240.00,100,1125750
20221101,12:26:30,18240.00,50,1125750
20221101,12:27:17,18240.00,100,1125750
20221101,12:27:27,18242.55,50,1125600
20221101,12:27:45,18243.00,50,1125600
20221101,12:27:51,18240.85,50,1125600
20221101,12:27:59,18242.95,50,1125600
20221101,12:28:35,18242.95,50,1125600
20221101,12:28:38,18244.00,50,1125600
20221101,12:28:52,18244.25,50,1125600
20221101,12:28:56,18245.60,50,1125600
20221101,12:29:06,18245.30,100,1125600
20221101,12:29:08,18245.30,50,1125600
20221101,12:29:13,18245.05,100,1125600
20221101,12:29:20,18245.00,50,1125600
20221101,12:29:45,18245.00,50,1125600
20221101,12:29:58,18247.00,50,1125600
20221101,12:30:24,18246.10,100,1125600
20221101,12:30:34,18244.00,50,1125600
20221101,12:30:36,18244.25,50,1125600
20221101,12:30:45,18242.50,50,1125600
20221101,12:30:49,18242.20,50,1125600
20221101,12:30:51,18242.10,50,1125600
20221101,12:31:03,18242.00,50,1125600
20221101,12:31:07,18240.55,50,1125600
20221101,12:31:14,18240.90,100,1125600
20221101,12:31:18,18241.90,50,1125600
20221101,12:31:22,18242.00,50,1125600
20221101,12:31:48,18240.35,100,1125600
20221101,12:32:02,18239.90,50,1125600
20221101,12:32:18,18239.65,200,1125600
20221101,12:32:21,18236.55,150,1125600
20221101,12:32:25,18237.25,150,1125600
20221101,12:32:30,18237.95,150,1125600
20221101,12:32:41,18239.65,100,1125600
20221101,12:32:49,18238.60,50,1125600
20221101,12:33:02,18238.05,50,1124900
20221101,12:33:03,18238.65,150,1124900
20221101,12:33:09,18240.00,200,1124900
20221101,12:33:15,18241.25,100,1124900
20221101,12:33:19,18241.35,50,1124900
20221101,12:33:34,18238.40,50,1124900
20221101,12:33:37,18238.00,50,1124900
20221101,12:33:42,18238.00,50,1124900
20221101,12:33:52,18238.55,50,1124900
20221101,12:34:09,18238.00,50,1124900
20221101,12:34:23,18236.80,50,1124900
20221101,12:34:29,18236.65,50,1124900
20221101,12:34:31,18236.65,100,1124900
20221101,12:34:33,18236.00,50,1124900
20221101,12:34:36,18236.85,100,1124900
20221101,12:35:00,18236.00,50,1124900
20221101,12:35:05,18234.85,350,1124900
20221101,12:35:07,18233.80,150,1124900
20221101,12:35:08,18233.00,100,1124900
20221101,12:35:14,18233.10,50,1124900
20221101,12:35:15,18233.80,50,1124900
20221101,12:35:33,18232.15,100,1124900
20221101,12:35:35,18231.75,100,1124900
20221101,12:35:36,18231.75,50,1124900
20221101,12:35:37,18231.80,50,1124900
20221101,12:35:38,18231.90,100,1124900
20221101,12:35:41,18233.50,250,1124900
20221101,12:35:42,18233.65,150,1124900
20221101,12:35:45,18234.20,50,1124900
20221101,12:35:46,18234.15,50,1124900
20221101,12:35:48,18233.45,50,1124900
20221101,12:35:59,18232.00,50,1124900
20221101,12:36:00,18231.90,200,1123350
20221101,12:36:01,18231.00,50,1123350
20221101,12:36:02,18231.00,50,1123350
20221101,12:36:03,18230.00,100,1123350
20221101,12:36:08,18230.00,550,1123350
20221101,12:36:12,18229.90,50,1123350
20221101,12:36:25,18228.40,50,1123350
20221101,12:36:40,18228.00,50,1123350
20221101,12:36:41,18227.70,50,1123350
20221101,12:36:43,18228.40,50,1123350
20221101,12:36:45,18226.65,50,1123350
20221101,12:36:52,18226.20,50,1123350
20221101,12:36:58,18227.05,100,1123350
20221101,12:37:01,18226.45,100,1123350
20221101,12:37:02,18228.00,350,1123350
20221101,12:37:07,18227.45,250,1123350
20221101,12:37:11,18230.00,100,1123350
20221101,12:37:27,18233.25,50,1123350
20221101,12:37:28,18232.25,50,1123350
20221101,12:37:40,18231.70,200,1123350
20221101,12:37:47,18235.10,300,1123350
20221101,12:37:53,18233.15,200,1123350
20221101,12:37:59,18237.35,500,1123350
20221101,12:38:21,18239.70,50,1123350
20221101,12:38:24,18239.15,50,1123350
20221101,12:38:42,18237.15,50,1123350
20221101,12:38:48,18236.45,50,1123350
20221101,12:38:51,18236.40,50,1123350
20221101,12:38:52,18236.40,100,1123350
20221101,12:39:10,18233.00,50,1123200
20221101,12:39:19,18234.20,50,1123200
20221101,12:39:20,18233.65,50,1123200
20221101,12:39:21,18233.70,50,1123200
20221101,12:39:30,18232.45,50,1123200
20221101,12:39:42,18230.65,50,1123200
20221101,12:39:53,18230.75,50,1123200
20221101,12:40:05,18230.00,150,1123200
20221101,12:40:11,18229.30,50,1123200
20221101,12:40:25,18229.30,50,1123200
20221101,12:40:27,18230.00,50,1123200
20221101,12:40:29,18230.75,100,1123200
20221101,12:40:35,18230.70,100,1123200
20221101,12:40:45,18230.40,150,1123200
20221101,12:41:00,18231.10,50,1123200
20221101,12:41:05,18234.80,50,1123200
20221101,12:41:28,18234.15,100,1123200
20221101,12:41:43,18234.80,150,1123200
20221101,12:41:55,18235.00,50,1123200
20221101,12:41:57,18235.00,50,1123200
20221101,12:42:07,18234.85,50,1122800
20221101,12:42:41,18236.25,50,1122800
20221101,12:42:44,18236.90,50,1122800
20221101,12:42:48,18237.45,50,1122800
20221101,12:42:56,18237.50,50,1122800
20221101,12:42:59,18237.00,250,1122800
20221101,12:43:03,18237.65,50,1122800
20221101,12:43:24,18235.60,50,1122800
20221101,12:43:27,18235.55,50,1122800
20221101,12:43:37,18236.75,150,1122800
20221101,12:43:38,18238.25,200,1122800
20221101,12:43:42,18240.70,50,1122800
20221101,12:43:50,18239.40,50,1122800
20221101,12:43:55,18239.75,100,1122800
20221101,12:43:58,18239.75,50,1122800
20221101,12:44:05,18240.10,50,1122800
20221101,12:44:09,18238.25,50,1122800
20221101,12:44:48,18239.60,100,1122800
20221101,12:44:50,18240.05,50,1122800
20221101,12:44:51,18240.50,50,1122800
20221101,12:44:52,18240.55,200,1122800
20221101,12:44:55,18243.30,150,1122800
20221101,12:44:56,18241.00,50,1122800
20221101,12:44:58,18243.35,50,1122800
20221101,12:45:09,18243.00,100,1122450
20221101,12:45:16,18240.45,50,1122450
20221101,12:45:20,18241.05,50,1122450
20221101,12:45:34,18243.00,50,1122450
20221101,12:45:38,18246.45,150,1122450
20221101,12:45:42,18242.90,100,1122450
20221101,12:45:44,18245.50,50,1122450
20221101,12:45:50,18245.60,50,1122450
20221101,12:45:52,18241.50,250,1122450
20221101,12:46:55,18245.00,50,1122450
20221101,12:46:57,18244.90,50,1122450
20221101,12:47:16,18247.10,400,1122450
20221101,12:47:22,18246.50,50,1122450
20221101,12:47:25,18243.35,50,1122450
20221101,12:47:57,18245.00,50,1122450
20221101,12:48:23,18244.35,100,1122300
20221101,12:48:26,18244.00,50,1122300
20221101,12:48:44,18240.15,1000,1122300
20221101,12:49:09,18240.80,50,1122300
20221101,12:50:22,18239.85,400,1122300
20221101,12:50:49,18240.00,50,1122300
20221101,12:50:54,18240.65,50,1122300
20221101,12:50:57,18242.10,100,1122300
20221101,12:51:09,18244.35,50,1122950
20221101,12:51:55,18244.35,50,1122950
20221101,12:51:57,18245.05,50,1122950
20221101,12:52:15,18242.35,150,1122950
20221101,12:52:29,18245.00,100,1122950
20221101,12:53:01,18243.45,50,1122950
20221101,12:53:03,18244.25,50,1122950
20221101,12:53:06,18244.10,50,1122950
20221101,12:53:17,18244.35,100,1122950
20221101,12:53:31,18248.75,200,1122950
20221101,12:53:34,18246.00,50,1122950
20221101,12:53:36,18249.00,50,1122950
20221101,12:53:37,18246.50,50,1122950
20221101,12:53:41,18249.95,50,1122950
20221101,12:53:43,18250.00,200,1122950
20221101,12:53:45,18253.90,400,1122950
20221101,12:53:46,18254.10,50,1122950
20221101,12:54:02,18247.10,200,1122950
20221101,12:54:03,18247.90,100,1122950
20221101,12:54:08,18244.35,400,1122950
20221101,12:54:15,18247.70,50,1122750
20221101,12:54:52,18244.00,50,1122750
