20221101,09:15:01,18235.00,1,87700
20221101,09:15:01,18258.00,1,87700
20221101,09:15:01,18253.60,600,87700
20221101,09:15:02,18253.90,150,87700
20221101,09:15:05,18249.85,950,87700
20221101,09:15:06,18214.60,650,87700
20221101,09:15:07,18249.00,50,87700
20221101,09:15:08,18247.25,500,87700
20221101,09:15:10,18253.60,200,87700
20221101,09:15:12,18241.80,100,87700
20221101,09:15:13,18242.05,100,87700
20221101,09:15:14,18242.00,50,87700
20221101,09:15:17,18238.00,50,87700
20221101,09:15:17,18242.45,50,87700
20221101,09:15:18,18243.20,50,87700
20221101,09:15:20,18244.00,50,87700
20221101,09:15:21,18242.00,100,87700
20221101,09:15:23,18245.00,50,87700
20221101,09:15:27,18247.10,50,87700
20221101,09:15:31,18247.70,450,87700
20221101,09:15:34,18250.00,550,87700
20221101,09:15:37,18251.90,50,87700
20221101,09:15:40,18256.90,50,87700
20221101,09:15:44,18258.65,250,87700
20221101,09:15:50,18258.65,100,87700
20221101,09:15:52,18257.00,100,87700
20221101,09:15:56,18258.65,50,87700
20221101,09:15:58,18257.00,50,87700
20221101,09:16:04,18260.00,400,87700
20221101,09:16:06,18260.00,100,87700
20221101,09:16:08,18259.15,50,87700
20221101,09:16:10,18252.05,50,87700
20221101,09:16:14,18253.05,50,87700
20221101,09:16:18,18253.05,100,87700
20221101,09:16:19,18253.80,100,87700
20221101,09:16:20,18252.60,500,87700
20221101,09:16:23,18253.05,50,87700
20221101,09:16:24,18253.00,100,87700
20221101,09:16:25,18253.00,200,87700
20221101,09:16:26,18252.00,50,87700
20221101,09:16:31,18252.85,250,87700
20221101,09:16:38,18250.35,50,87700
20221101,09:16:43,18249.00,50,87700
20221101,09:16:44,18250.00,200,87700
20221101,09:16:45,18250.35,100,87700
20221101,09:16:56,18250.00,50,87700
20221101,09:16:58,18250.00,100,87700
20221101,09:17:00,18250.35,100,87700
20221101,09:17:01,18250.00,250,87700
20221101,09:17:09,18252.00,250,87700
20221101,09:17:15,18252.05,50,87700
20221101,09:17:21,18253.00,50,89250
20221101,09:17:22,18253.00,100,89250
20221101,09:17:23,18253.00,50,89250
20221101,09:17:33,18254.05,100,89250
20221101,09:17:36,18253.40,250,89250
20221101,09:17:44,18253.00,100,89250
20221101,09:17:52,18253.40,50,89250
20221101,09:17:58,18254.70,100,89250
20221101,09:18:05,18254.00,50,89250
20221101,09:18:09,18253.85,50,89250
20221101,09:18:10,18253.00,50,89250
20221101,09:18:11,18252.00,100,89250
20221101,09:18:16,18252.00,50,89250
20221101,09:18:36,18252.00,50,89250
20221101,09:18:37,18252.00,50,89250
20221101,09:18:40,18254.00,150,89250
20221101,09:18:49,18254.00,250,89250
20221101,09:18:59,18252.00,100,89250
20221101,09:19:01,18253.00,50,89250
20221101,09:19:04,18252.00,50,89250
20221101,09:19:06,18253.95,50,89250
20221101,09:19:21,18253.00,50,89250
20221101,09:19:22,18252.00,50,89250
20221101,09:19:25,18252.00,50,89250
20221101,09:19:34,18250.05,150,89250
20221101,09:19:40,18252.00,100,89250
20221101,09:19:42,18250.00,250,89250
20221101,09:19:44,18250.00,50,89250
20221101,09:19:50,18252.00,50,89250
20221101,09:19:57,18251.95,150,89250
20221101,09:20:01,18252.60,100,89250
20221101,09:20:13,18251.40,50,89250
20221101,09:20:20,18251.55,50,89850
20221101,09:20:22,18249.50,100,89850
20221101,09:20:35,18250.00,50,89850
20221101,09:20:36,18249.35,50,89850
20221101,09:20:40,18249.35,50,89850
20221101,09:20:47,18249.35,50,89850
20221101,09:20:54,18244.55,250,89850
20221101,09:20:59,18244.25,100,89850
20221101,09:21:07,18247.50,50,89850
20221101,09:21:10,18242.05,50,89850
20221101,09:21:23,18242.00,50,89850
20221101,09:21:24,18244.00,100,89850
20221101,09:21:25,18244.15,50,89850
20221101,09:21:35,18247.50,50,89850
20221101,09:21:44,18247.50,650,89850
20221101,09:21:46,18247.25,150,89850
20221101,09:21:55,18250.00,300,89850
20221101,09:21:57,18250.10,50,89850
20221101,09:22:01,18251.00,100,89850
20221101,09:22:02,18251.30,100,89850
20221101,09:22:07,18250.75,50,89850
20221101,09:22:26,18252.00,100,89850
20221101,09:22:28,18253.95,100,89850
20221101,09:22:30,18250.80,50,89850
20221101,09:22:41,18250.80,50,89850
20221101,09:22:49,18253.95,50,89850
20221101,09:23:01,18253.80,50,89850
20221101,09:23:03,18255.00,700,89850
20221101,09:23:07,18255.00,50,89850
20221101,09:23:23,18255.05,100,90400
20221101,09:23:25,18259.65,900,90400
20221101,09:23:34,18259.30,50,90400
20221101,09:23:34,18259.30,200,90400
20221101,09:23:42,18257.05,50,90400
20221101,09:23:47,18256.30,50,90400
20221101,09:24:03,18259.00,50,90400
20221101,09:24:08,18259.00,100,90400
20221101,09:24:11,18259.00,250,90400
20221101,09:24:25,18259.00,50,90400
20221101,09:24:29,18259.00,50,90400
20221101,09:24:37,18259.00,100,90400
20221101,09:24:44,18259.30,300,90400
20221101,09:24:59,18257.70,50,90400
20221101,09:25:00,18257.70,50,90400
20221101,09:25:03,18259.00,50,90400
20221101,09:25:04,18259.50,50,90400
20221101,09:25:12,18258.85,50,90400
20221101,09:25:15,18260.00,750,90400
20221101,09:25:16,18263.95,50,90400
20221101,09:25:38,18267.10,600,90400
20221101,09:25:47,18267.10,50,90400
20221101,09:25:50,18263.95,100,90400
20221101,09:26:00,18262.00,50,90400
20221101,09:26:01,18262.25,50,90400
20221101,09:26:11,18267.40,1050,90400
20221101,09:26:35,18267.40,50,92750
20221101,09:26:48,18261.30,50,92750
20221101,09:26:52,18261.30,50,92750
20221101,09:26:58,18261.30,50,92750
20221101,09:26:59,18261.30,50,92750
20221101,09:27:02,18261.00,200,92750
20221101,09:27:17,18261.35,50,92750
20221101,09:27:30,18261.30,50,92750
20221101,09:27:32,18261.00,50,92750
20221101,09:27:33,18257.55,750,92750
20221101,09:28:02,18260.00,50,92750
20221101,09:28:09,18261.00,50,92750
20221101,09:28:24,18260.00,50,92750
20221101,09:28:25,18260.00,50,92750
20221101,09:28:27,18261.00,200,92750
20221101,09:28:34,18261.00,100,92750
20221101,09:29:03,18262.75,100,92750
20221101,09:29:09,18264.00,50,92750
20221101,09:29:12,18265.00,50,92750
20221101,09:29:18,18265.00,50,92850
20221101,09:29:19,18265.00,50,92850
20221101,09:29:20,18263.40,50,92850
20221101,09:29:42,18264.10,50,92850
20221101,09:29:43,18264.15,150,92850
20221101,09:29:51,18264.65,50,92850
20221101,09:29:58,18265.00,100,92850
20221101,09:30:06,18269.95,150,92850
20221101,09:30:18,18269.95,50,92850
20221101,09:30:28,18269.00,100,92850
20221101,09:30:33,18265.55,100,92850
20221101,09:30:38,18267.00,100,92850
20221101,09:30:49,18268.95,50,92850
20221101,09:30:52,18268.00,50,92850
20221101,09:30:57,18268.00,200,92850
20221101,09:31:08,18268.00,100,92850
20221101,09:31:14,18265.55,50,92850
20221101,09:31:36,18265.60,100,92850
20221101,09:31:40,18263.00,50,92850
20221101,09:31:46,18263.05,50,92850
20221101,09:31:47,18266.75,50,92850
20221101,09:31:53,18265.80,50,92850
20221101,09:32:03,18266.75,600,92850
20221101,09:32:07,18266.30,50,92850
20221101,09:32:08,18263.40,50,92850
20221101,09:32:09,18262.65,50,92850
20221101,09:32:34,18261.95,500,93700
20221101,09:32:40,18263.20,50,93700
20221101,09:33:13,18264.95,50,93700
20221101,09:33:16,18263.00,50,93700
20221101,09:34:16,18264.00,50,93700
20221101,09:34:26,18262.00,50,93700
20221101,09:34:33,18262.00,100,93700
20221101,09:35:09,18262.00,50,93700
20221101,09:35:13,18262.00,200,93700
20221101,09:35:21,18262.00,150,94050
20221101,09:35:37,18262.00,50,94050
20221101,09:35:53,18258.65,300,94050
20221101,09:36:17,18258.65,50,94050
20221101,09:36:27,18255.80,400,94050
20221101,09:36:56,18256.50,250,94050
20221101,09:37:07,18256.50,50,94050
20221101,09:37:15,18258.00,50,94050
20221101,09:37:35,18259.50,50,94050
20221101,09:37:37,18260.00,50,94050
20221101,09:37:37,18258.25,500,94050
20221101,09:38:08,18258.40,50,94050
20221101,09:38:29,18260.00,50,93500
20221101,09:38:30,18259.30,50,93500
20221101,09:38:32,18260.00,450,93500
20221101,09:38:34,18260.00,50,93500
20221101,09:38:38,18260.45,50,93500
20221101,09:39:15,18262.75,50,93500
20221101,09:39:48,18265.00,50,93500
20221101,09:39:50,18265.00,50,93500
20221101,09:40:00,18265.00,50,93500
20221101,09:40:21,18267.00,50,93500
20221101,09:40:26,18270.00,250,93500
20221101,09:40:29,18273.05,50,93500
20221101,09:40:39,18273.05,50,93500
20221101,09:41:23,18270.75,50,94350
20221101,09:41:36,18271.00,50,94350
20221101,09:41:39,18272.00,100,94350
20221101,09:41:40,18272.00,400,94350
20221101,09:41:41,18271.70,250,94350
20221101,09:41:42,18272.20,50,94350
20221101,09:41:53,18272.20,100,94350
20221101,09:42:02,18276.00,600,94350
20221101,09:42:04,18276.00,50,94350
20221101,09:42:10,18274.10,100,94350
20221101,09:42:13,18276.40,50,94350
20221101,09:42:29,18278.10,150,94350
20221101,09:42:30,18278.55,100,94350
20221101,09:42:32,18278.60,50,94350
20221101,09:42:36,18279.35,100,94350
20221101,09:42:52,18279.35,100,94350
20221101,09:42:54,18277.45,50,94350
20221101,09:43:02,18278.40,50,94350
20221101,09:43:04,18278.00,50,94350
20221101,09:43:05,18277.75,200,94350
20221101,09:43:20,18276.70,50,94350
20221101,09:43:22,18276.00,50,94350
20221101,09:43:24,18275.30,50,94350
20221101,09:43:25,18275.00,50,94350
20221101,09:43:27,18273.80,100,94350
20221101,09:43:31,18273.55,50,94350
20221101,09:43:46,18273.70,50,94350
20221101,09:43:47,18273.55,50,94350
20221101,09:43:49,18272.00,50,94350
20221101,09:43:52,18272.00,50,94350
20221101,09:44:00,18272.00,100,94350
20221101,09:44:19,18275.00,50,95250
20221101,09:44:23,18272.10,50,95250
20221101,09:44:26,18275.00,50,95250
20221101,09:44:31,18275.00,50,95250
20221101,09:44:36,18275.00,50,95250
20221101,09:44:38,18275.00,50,95250
20221101,09:44:43,18275.00,50,95250
20221101,09:44:49,18275.70,50,95250
20221101,09:44:52,18275.00,50,95250
20221101,09:45:26,18278.00,50,95250
20221101,09:45:35,18277.00,100,95250
20221101,09:45:46,18277.05,50,95250
20221101,09:45:48,18277.75,50,95250
20221101,09:46:12,18277.75,50,95250
20221101,09:46:24,18279.00,50,95250
20221101,09:46:41,18279.00,50,95250
20221101,09:46:44,18280.00,50,95250
20221101,09:46:50,18280.00,50,95250
20221101,09:46:51,18280.00,50,95250
20221101,09:46:58,18280.00,50,95250
20221101,09:47:17,18280.00,50,95250
20221101,09:47:22,18280.00,50,95850
20221101,09:47:31,18279.50,50,95850
20221101,09:47:47,18281.10,50,95850
20221101,09:47:53,18280.00,100,95850
20221101,09:48:05,18280.00,50,95850
20221101,09:48:16,18282.00,100,95850
20221101,09:48:28,18282.00,50,95850
20221101,09:48:41,18282.00,100,95850
20221101,09:48:55,18284.90,50,95850
20221101,09:48:56,18285.00,50,95850
20221101,09:49:01,18286.00,50,95850
20221101,09:49:03,18287.00,50,95850
20221101,09:49:05,18288.00,50,95850
20221101,09:49:15,18289.00,100,95850
20221101,09:49:17,18289.00,100,95850
20221101,09:49:20,18289.00,50,95850
20221101,09:49:42,18289.00,100,95850
20221101,09:49:46,18289.00,50,95850
20221101,09:50:02,18286.65,50,95850
20221101,09:50:14,18286.00,50,95850
20221101,09:50:35,18286.00,50,96650
20221101,09:50:45,18285.00,50,96650
20221101,09:51:12,18286.00,50,96650
20221101,09:51:19,18286.00,50,96650
20221101,09:51:45,18289.00,50,96650
20221101,09:51:55,18290.05,200,96650
20221101,09:52:00,18290.05,50,96650
20221101,09:52:08,18288.95,100,96650
20221101,09:52:15,18285.00,50,96650
20221101,09:52:17,18288.85,50,96650
20221101,09:52:24,18283.90,50,96650
20221101,09:52:27,18287.45,100,96650
20221101,09:52:37,18286.20,100,96650
20221101,09:52:42,18286.20,800,96650
20221101,09:52:44,18289.65,50,96650
20221101,09:52:45,18287.95,100,96650
20221101,09:53:07,18288.70,50,96650
20221101,09:53:23,18289.70,300,97900
20221101,09:53:26,18290.70,50,97900
20221101,09:53:29,18290.70,50,97900
20221101,09:54:01,18290.90,50,97900
20221101,09:54:13,18290.90,200,97900
20221101,09:54:31,18290.90,100,97900
20221101,09:54:41,18291.70,100,97900
20221101,09:55:06,18291.70,50,97900
20221101,09:55:07,18290.00,50,97900
20221101,09:55:16,18290.00,50,97900
20221101,09:55:22,18290.00,50,97900
20221101,09:55:41,18288.00,50,97900
20221101,09:55:42,18287.95,50,97900
20221101,09:55:50,18288.05,50,97900
20221101,09:56:58,18284.65,100,98250
20221101,09:57:18,18283.90,50,98250
20221101,09:57:31,18285.30,50,98250
20221101,09:57:42,18285.00,50,98250
20221101,09:57:53,18286.35,250,98250
20221101,09:58:09,18288.05,50,98250
20221101,09:58:18,18288.00,50,98250
20221101,09:58:35,18288.10,50,98250
20221101,09:58:36,18288.40,50,98250
20221101,09:58:38,18289.00,50,98250
20221101,09:58:41,18290.00,50,98250
20221101,09:58:43,18290.00,100,98250
20221101,09:58:50,18288.60,50,98250
20221101,09:58:50,18289.05,50,98250
20221101,09:58:58,18287.70,100,98250
20221101,09:59:06,18287.30,100,98250
20221101,09:59:27,18288.40,50,98250
20221101,09:59:47,18285.05,50,98250
20221101,10:00:24,18288.00,50,98250
20221101,10:00:25,18286.00,50,98250
20221101,10:00:30,18289.90,150,98250
20221101,10:00:33,18288.00,100,98250
20221101,10:00:36,18289.85,50,98250
20221101,10:00:38,18286.70,50,98250
20221101,10:00:39,18287.20,50,98250
20221101,10:00:40,18287.25,50,98250
20221101,10:00:54,18286.75,50,98250
20221101,10:01:02,18288.85,50,98250
20221101,10:01:22,18289.90,400,98250
20221101,10:01:23,18290.00,150,98250
20221101,10:02:12,18289.90,100,98250
20221101,10:02:13,18289.95,50,98250
20221101,10:02:16,18289.90,50,98250
20221101,10:02:26,18289.90,100,98550
20221101,10:02:55,18287.70,150,98550
20221101,10:03:14,18288.25,50,98550
20221101,10:03:15,18289.00,50,98550
20221101,10:03:22,18288.45,50,98550
20221101,10:03:23,18288.50,50,98550
20221101,10:03:35,18289.95,50,98550
20221101,10:03:36,18290.00,900,98550
20221101,10:03:38,18290.00,150,98550
20221101,10:03:56,18290.85,50,98550
20221101,10:03:59,18292.00,850,98550
20221101,10:04:00,18295.00,2700,98550
20221101,10:04:28,18295.30,50,98550
20221101,10:05:20,18295.30,50,98550
20221101,10:05:21,18295.30,100,98550
20221101,10:05:22,18295.30,150,98550
20221101,10:05:31,18294.10,100,100400
20221101,10:05:49,18294.10,50,100400
20221101,10:05:51,18292.30,50,100400
20221101,10:06:01,18292.90,50,100400
20221101,10:06:07,18294.00,50,100400
20221101,10:06:18,18295.15,50,100400
20221101,10:06:35,18291.65,50,100400
20221101,10:06:37,18290.95,50,100400
20221101,10:06:56,18291.35,150,100400
20221101,10:06:58,18293.90,50,100400
20221101,10:08:02,18291.65,50,100400
20221101,10:08:08,18290.00,100,100400
20221101,10:08:11,18290.40,50,100400
20221101,10:08:28,18289.60,50,100350
20221101,10:08:42,18288.05,50,100350
20221101,10:08:55,18286.15,50,100350
20221101,10:08:59,18288.05,100,100350
20221101,10:09:02,18290.00,50,100350
20221101,10:09:03,18289.55,50,100350
20221101,10:09:04,18289.35,50,100350
20221101,10:09:08,18289.65,50,100350
20221101,10:09:19,18291.75,50,100350
20221101,10:09:23,18292.95,50,100350
20221101,10:09:29,18293.90,50,100350
20221101,10:09:30,18293.35,50,100350
20221101,10:09:35,18294.00,200,100350
20221101,10:09:38,18295.00,50,100350
20221101,10:09:40,18294.10,50,100350
20221101,10:09:47,18298.00,50,100350
20221101,10:09:59,18298.00,50,100350
20221101,10:10:02,18297.75,50,100350
20221101,10:10:09,18299.00,100,100350
20221101,10:10:13,18299.00,400,100350
20221101,10:10:44,18299.00,100,100350
20221101,10:10:52,18299.95,100,100350
20221101,10:10:58,18300.00,200,100350
20221101,10:11:00,18299.00,100,100350
20221101,10:11:01,18300.00,50,100350
20221101,10:11:12,18300.00,250,100350
20221101,10:11:18,18300.00,150,100350
20221101,10:11:38,18300.00,50,101950
20221101,10:11:43,18299.95,50,101950
20221101,10:11:50,18299.15,50,101950
20221101,10:12:03,18300.00,200,101950
20221101,10:12:09,18300.00,500,101950
20221101,10:12:10,18300.00,650,101950
20221101,10:12:11,18300.00,300,101950
20221101,10:12:12,18300.00,100,101950
20221101,10:12:13,18300.00,200,101950
20221101,10:12:15,18300.00,100,101950
20221101,10:12:21,18300.00,50,101950
20221101,10:12:47,18300.00,150,101950
20221101,10:12:48,18300.00,50,101950
20221101,10:12:50,18300.00,200,101950
20221101,10:12:51,18300.00,50,101950
20221101,10:13:14,18300.15,50,101950
20221101,10:13:16,18301.35,50,101950
20221101,10:13:35,18302.55,50,101950
20221101,10:13:46,18303.90,50,101950
20221101,10:13:47,18303.90,50,101950
20221101,10:13:50,18300.00,50,101950
20221101,10:13:58,18300.00,50,101950
20221101,10:14:30,18304.00,100,103900
20221101,10:14:34,18304.00,50,103900
20221101,10:14:39,18304.00,100,103900
20221101,10:14:52,18304.45,50,103900
20221101,10:15:01,18305.30,350,103900
20221101,10:15:11,18305.30,50,103900
20221101,10:15:24,18308.95,300,103900
20221101,10:15:25,18308.95,100,103900
20221101,10:15:30,18309.00,50,103900
20221101,10:15:32,18310.00,250,103900
20221101,10:15:34,18310.00,50,103900
20221101,10:15:36,18309.00,150,103900
20221101,10:15:42,18309.00,250,103900
20221101,10:15:49,18308.80,50,103900
20221101,10:16:01,18308.95,100,103900
20221101,10:16:02,18308.80,50,103900
20221101,10:16:31,18307.00,50,103900
20221101,10:16:37,18305.05,50,103900
20221101,10:17:00,18305.00,150,103900
20221101,10:17:07,18305.00,100,103900
20221101,10:17:10,18302.05,50,103900
20221101,10:17:15,18301.55,50,103900
20221101,10:17:18,18301.75,50,103900
20221101,10:17:28,18303.35,50,104650
20221101,10:17:45,18307.00,50,104650
20221101,10:17:51,18305.40,50,104650
20221101,10:17:58,18304.90,50,104650
20221101,10:18:29,18304.90,50,104650
20221101,10:18:34,18303.45,150,104650
20221101,10:18:36,18305.00,50,104650
20221101,10:18:38,18304.90,50,104650
20221101,10:18:44,18304.55,50,104650
20221101,10:18:52,18305.00,100,104650
20221101,10:19:05,18309.00,50,104650
20221101,10:19:34,18307.15,50,104650
20221101,10:19:36,18307.75,50,104650
20221101,10:19:38,18308.50,100,104650
20221101,10:19:39,18307.80,50,104650
20221101,10:19:42,18308.15,100,104650
20221101,10:19:43,18307.80,100,104650
20221101,10:19:53,18307.95,100,104650
20221101,10:20:44,18305.00,400,104600
20221101,10:20:45,18305.00,200,104600
20221101,10:20:46,18305.00,100,104600
20221101,10:20:47,18305.00,100,104600
20221101,10:20:50,18305.00,150,104600
20221101,10:20:51,18305.00,50,104600
20221101,10:21:06,18307.00,50,104600
20221101,10:21:14,18304.85,100,104600
20221101,10:21:27,18305.00,50,104600
20221101,10:21:35,18305.00,50,104600
20221101,10:21:44,18304.20,50,104600
20221101,10:21:51,18305.20,50,104600
20221101,10:22:04,18307.95,50,104600
20221101,10:22:05,18308.00,50,104600
20221101,10:22:15,18309.00,100,104600
20221101,10:22:20,18309.00,50,104600
20221101,10:22:29,18309.00,50,104600
20221101,10:22:31,18308.45,50,104600
20221101,10:23:00,18302.45,50,104600
20221101,10:23:07,18301.65,50,104600
20221101,10:23:09,18301.85,50,104600
20221101,10:23:46,18300.10,50,104350
20221101,10:24:14,18300.10,50,104350
20221101,10:24:16,18300.00,50,104350
20221101,10:24:35,18303.25,50,104350
20221101,10:24:42,18300.00,50,104350
20221101,10:24:51,18300.00,50,104350
20221101,10:25:13,18300.00,100,104350
20221101,10:25:18,18302.00,50,104350
20221101,10:25:31,18302.30,100,104350
20221101,10:26:41,18302.00,50,104350
20221101,10:26:51,18303.70,100,104350
20221101,10:27:14,18300.60,50,104350
20221101,10:28:13,18302.30,50,104350
20221101,10:28:58,18303.00,100,104350
20221101,10:29:07,18303.00,100,104350
20221101,10:29:09,18302.80,400,104350
20221101,10:29:10,18304.00,50,104350
20221101,10:29:13,18305.00,50,104350
20221101,10:29:15,18305.00,50,104350
20221101,10:29:20,18305.00,50,104350
20221101,10:29:35,18306.00,50,104550
20221101,10:30:11,18306.00,50,104550
20221101,10:30:29,18305.65,50,104550
20221101,10:30:31,18305.00,50,104550
20221101,10:31:20,18304.50,50,104550
20221101,10:31:33,18303.10,50,104550
20221101,10:31:42,18303.00,50,104550
20221101,10:31:56,18303.10,50,104550
20221101,10:32:08,18300.00,150,104550
20221101,10:32:15,18299.25,150,104550
20221101,10:32:37,18302.30,250,104450
20221101,10:33:27,18296.60,100,104450
20221101,10:34:17,18298.70,50,104450
20221101,10:34:36,18295.05,150,104450
20221101,10:34:37,18295.00,100,104450
20221101,10:34:49,18297.25,100,104450
20221101,10:34:57,18296.50,50,104450
20221101,10:35:29,18301.90,150,104500
20221101,10:35:32,18302.00,150,104500
20221101,10:36:12,18299.50,50,104500
20221101,10:36:58,18302.00,50,104500
20221101,10:36:59,18302.35,300,104500
20221101,10:37:04,18306.65,200,104500
20221101,10:37:05,18302.75,50,104500
20221101,10:37:16,18304.85,400,104500
20221101,10:37:49,18305.00,50,104500
20221101,10:38:18,18302.75,50,104500
20221101,10:39:03,18306.35,100,104850
20221101,10:39:13,18303.70,50,104850
20221101,10:39:52,18302.95,100,104850
20221101,10:40:24,18304.90,50,104850
20221101,10:40:28,18307.00,50,104850
20221101,10:40:31,18309.00,800,104850
20221101,10:40:32,18309.00,50,104850
20221101,10:40:33,18309.00,200,104850
20221101,10:40:35,18310.00,100,104850
20221101,10:40:39,18312.05,1750,104850
20221101,10:41:03,18318.00,50,104850
20221101,10:42:06,18318.00,150,104850
20221101,10:42:53,18315.00,50,106350
20221101,10:43:05,18315.00,200,106350
20221101,10:43:06,18311.65,50,106350
20221101,10:43:07,18315.10,150,106350
20221101,10:43:07,18311.85,50,106350
20221101,10:44:14,18312.10,50,106350
20221101,10:44:45,18315.00,50,106150
20221101,10:44:48,18315.00,150,106150
20221101,10:45:33,18319.70,50,106150
20221101,10:45:34,18319.70,50,106150
20221101,10:45:41,18318.60,100,106150
20221101,10:45:43,18319.75,50,106150
20221101,10:45:53,18319.75,50,106150
20221101,10:45:56,18319.50,50,106150
20221101,10:45:57,18318.60,50,106150
20221101,10:46:02,18320.00,50,106150
20221101,10:46:15,18320.00,50,106150
20221101,10:46:21,18319.80,50,106150
20221101,10:46:32,18318.60,100,106150
20221101,10:46:34,18317.25,50,106150
20221101,10:46:35,18317.15,50,106150
20221101,10:47:04,18317.00,50,106150
20221101,10:47:07,18317.00,50,106150
20221101,10:47:12,18316.10,50,106150
20221101,10:47:27,18317.00,100,106150
20221101,10:47:38,18318.85,50,106700
20221101,10:47:46,18316.70,50,106700
20221101,10:48:10,18319.90,50,106700
20221101,10:48:13,18320.00,300,106700
20221101,10:48:31,18320.00,50,106700
20221101,10:48:34,18320.55,50,106700
20221101,10:48:36,18320.90,150,106700
20221101,10:48:44,18320.90,50,106700
20221101,10:48:51,18321.00,50,106700
20221101,10:49:32,18321.00,50,106700
20221101,10:49:50,18321.00,100,106700
20221101,10:49:54,18322.20,50,106700
20221101,10:50:13,18322.50,50,106700
20221101,10:50:16,18322.50,50,106700
20221101,10:50:28,18321.00,50,106700
20221101,10:50:42,18321.00,50,107200
20221101,10:50:59,18321.10,50,107200
20221101,10:51:01,18321.00,350,107200
20221101,10:51:02,18320.95,50,107200
20221101,10:52:03,18317.00,50,107200
20221101,10:52:20,18315.00,50,107200
20221101,10:54:28,18320.00,50,107350
20221101,10:54:36,18319.00,50,107350
20221101,10:54:48,18318.50,50,107350
20221101,10:55:05,18317.50,50,107350
20221101,10:55:19,18317.20,250,107350
20221101,10:55:29,18319.00,50,107350
20221101,10:55:39,18319.30,50,107350
20221101,10:55:49,18320.00,50,107350
20221101,10:55:52,18320.00,100,107350
20221101,10:56:23,18319.00,100,107350
20221101,10:56:38,18322.00,150,107550
20221101,10:56:40,18322.10,50,107550
20221101,10:56:48,18323.90,50,107550
20221101,10:57:13,18323.90,50,107550
20221101,10:57:21,18325.00,50,107550
20221101,10:57:36,18325.00,100,107550
20221101,10:57:40,18325.00,200,107550
20221101,10:57:59,18325.00,50,107550
20221101,10:58:02,18325.00,100,107550
20221101,10:58:03,18325.00,50,107550
20221101,10:58:04,18325.00,200,107550
20221101,10:58:27,18327.00,150,107550
20221101,10:58:35,18326.00,150,107550
20221101,10:58:40,18325.00,50,107550
20221101,10:58:57,18324.75,50,107550
20221101,10:59:44,18319.45,50,107550
20221101,10:59:46,18321.75,50,108400
20221101,10:59:47,18318.15,500,108400
20221101,11:00:17,18318.50,50,108400
20221101,11:00:21,18319.10,50,108400
20221101,11:00:22,18319.15,50,108400
20221101,11:01:03,18318.25,50,108400
20221101,11:01:04,18318.15,250,108400
20221101,11:01:49,18318.15,50,108400
20221101,11:01:50,18318.15,250,108400
20221101,11:03:43,18309.85,50,108850
20221101,11:04:16,18310.10,50,108850
20221101,11:04:30,18310.00,50,108850
20221101,11:04:36,18312.95,50,108850
20221101,11:05:28,18312.45,50,108850
20221101,11:05:56,18313.05,100,108800
20221101,11:07:09,18314.50,50,108800
20221101,11:07:18,18316.35,100,108800
20221101,11:07:25,18315.35,50,108800
20221101,11:07:56,18314.15,50,108800
20221101,11:07:57,18314.00,50,108800
20221101,11:08:10,18314.00,50,108800
20221101,11:08:15,18314.00,50,108800
20221101,11:08:38,18314.00,150,108900
20221101,11:09:43,18314.00,100,108900
20221101,11:10:01,18314.45,50,108900
20221101,11:10:52,18312.65,50,108900
20221101,11:11:38,18310.00,100,108750
20221101,11:12:17,18310.00,150,108750
20221101,11:12:31,18305.60,50,108750
20221101,11:12:54,18306.20,150,108750
20221101,11:13:07,18308.50,200,108750
20221101,11:13:24,18307.00,50,108750
20221101,11:13:27,18306.20,50,108750
20221101,11:14:02,18306.20,50,108750
20221101,11:14:17,18309.35,50,108750
20221101,11:14:44,18307.40,100,108600
20221101,11:16:26,18313.70,150,108600
20221101,11:19:06,18309.35,50,108500
20221101,11:19:42,18312.00,50,108500
20221101,11:20:13,18312.00,50,108500
20221101,11:21:00,18312.00,50,108500
20221101,11:21:47,18313.00,50,108650
20221101,11:22:20,18311.00,50,108650
20221101,11:22:21,18314.00,50,108650
20221101,11:23:27,18313.65,100,108650
20221101,11:23:29,18313.50,100,108650
20221101,11:23:45,18309.70,50,108650
20221101,11:23:46,18312.80,100,108650
20221101,11:24:05,18310.55,50,108650
20221101,11:24:43,18309.95,100,108650
20221101,11:24:56,18309.75,50,108650
20221101,11:26:58,18307.00,600,108550
20221101,11:27:02,18307.55,50,108550
20221101,11:27:42,18305.00,50,108550
20221101,11:27:43,18304.10,50,108550
20221101,11:28:07,18301.00,50,108550
20221101,11:28:10,18300.00,50,108550
20221101,11:28:30,18300.00,50,108550
20221101,11:29:04,18302.00,50,108550
20221101,11:29:39,18300.00,100,108550
20221101,11:29:55,18298.00,50,108550
20221101,11:29:56,18297.70,200,108550
20221101,11:30:19,18299.35,250,108550
20221101,11:30:38,18298.60,50,108550
20221101,11:31:08,18299.50,50,108550
20221101,11:31:11,18303.90,50,108550
20221101,11:31:55,18303.00,200,108550
20221101,11:31:56,18303.00,50,108550
20221101,11:31:59,18303.95,50,108550
20221101,11:32:00,18303.70,50,108550
20221101,11:32:39,18302.85,200,108900
20221101,11:33:16,18300.00,50,108900
20221101,11:33:21,18300.00,450,108900
20221101,11:33:24,18299.60,100,108900
20221101,11:33:26,18298.00,50,108900
20221101,11:33:31,18297.00,50,108900
20221101,11:33:38,18296.00,200,108900
20221101,11:33:42,18296.60,50,108900
20221101,11:33:49,18297.00,50,108900
20221101,11:34:29,18296.55,200,108900
20221101,11:34:47,18300.95,100,108900
20221101,11:35:00,18300.00,100,108900
20221101,11:35:16,18298.75,50,108900
20221101,11:35:46,18300.20,100,109500
20221101,11:36:11,18298.35,100,109500
20221101,11:36:12,18300.20,50,109500
20221101,11:36:41,18300.20,50,109500
20221101,11:36:44,18300.20,350,109500
20221101,11:37:11,18300.00,50,109500
20221101,11:37:16,18300.20,50,109500
20221101,11:38:51,18300.00,50,109550
20221101,11:40:21,18300.00,800,109550
20221101,11:40:39,18300.00,100,109550
20221101,11:40:48,18299.00,50,109550
20221101,11:41:42,18297.00,500,110500
20221101,11:41:52,18298.15,150,110500
20221101,11:41:57,18298.25,200,110500
20221101,11:42:02,18298.65,50,110500
20221101,11:42:33,18298.00,50,110500
20221101,11:42:37,18300.00,50,110500
20221101,11:44:00,18297.00,50,110500
20221101,11:44:05,18295.10,50,110500
20221101,11:44:18,18295.75,250,110500
20221101,11:47:41,18300.00,50,110700
20221101,11:47:53,18300.00,50,110700
20221101,11:48:24,18300.00,50,110700
20221101,11:48:39,18300.00,50,110700
20221101,11:48:41,18300.00,50,110700
20221101,11:48:43,18300.00,50,110700
20221101,11:48:52,18300.00,50,110700
20221101,11:48:54,18300.00,50,110700
20221101,11:50:45,18304.95,50,110700
20221101,11:51:19,18304.00,100,110750
20221101,11:51:34,18300.90,300,110750
20221101,11:51:55,18301.85,50,110750
20221101,11:52:02,18305.00,50,110750
20221101,11:52:06,18303.85,50,110750
20221101,11:52:44,18303.85,150,110750
20221101,11:52:45,18303.85,50,110750
20221101,11:53:01,18303.85,100,110750
20221101,11:53:14,18304.35,200,110750
20221101,11:53:26,18305.00,50,110750
20221101,11:53:40,18300.80,50,110750
20221101,11:54:19,18303.70,450,110550
20221101,11:54:36,18302.25,50,110550
20221101,11:55:59,18308.35,50,110550
20221101,11:58:48,18309.95,50,110800
20221101,11:59:07,18309.00,50,110800
20221101,11:59:41,18311.00,50,110800
20221101,12:00:05,18309.45,100,110850
20221101,12:00:19,18309.45,50,110850
20221101,12:00:21,18304.90,400,110850
20221101,12:00:40,18306.00,50,110850
20221101,12:00:46,18304.90,100,110850
20221101,12:00:53,18304.50,50,110850
20221101,12:01:34,18302.80,100,110850
20221101,12:01:58,18299.45,100,110850
20221101,12:02:13,18297.80,100,110850
20221101,12:02:16,18297.20,50,110850
20221101,12:02:39,18295.00,50,110850
20221101,12:02:40,18294.15,50,110850
20221101,12:02:48,18296.00,50,111150
20221101,12:04:08,18294.55,1000,111150
20221101,12:04:43,18294.35,50,111150
20221101,12:06:05,18297.00,50,111550
20221101,12:06:29,18295.00,50,111550
20221101,12:07:21,18296.60,50,111550
20221101,12:07:27,18294.25,200,111550
20221101,12:07:31,18294.25,50,111550
20221101,12:07:58,18297.10,50,111550
20221101,12:08:21,18294.55,100,111550
20221101,12:08:31,18294.85,400,111550
20221101,12:08:48,18296.40,50,112000
20221101,12:09:44,18298.85,50,112000
20221101,12:10:23,18299.00,50,112000
20221101,12:10:28,18300.00,50,112000
20221101,12:11:01,18296.00,50,112000
20221101,12:11:24,18296.00,100,112000
20221101,12:11:44,18296.00,100,112000
20221101,12:12:37,18294.05,50,112150
20221101,12:12:41,18296.00,150,112150
20221101,12:12:59,18291.95,150,112150
20221101,12:13:00,18291.55,200,112150
20221101,12:13:06,18291.95,50,112150
20221101,12:14:16,18290.00,100,112150
20221101,12:14:27,18289.00,50,112150
20221101,12:14:45,18289.00,50,112150
20221101,12:14:47,18286.00,50,112450
20221101,12:15:13,18287.00,100,112450
20221101,12:15:21,18285.00,550,112450
20221101,12:15:29,18285.00,50,112450
20221101,12:15:57,18284.90,50,112450
20221101,12:15:59,18284.00,50,112450
20221101,12:16:12,18283.95,100,112450
20221101,12:16:16,18284.00,50,112450
20221101,12:16:23,18284.00,100,112450
20221101,12:16:29,18284.00,50,112450
20221101,12:16:33,18284.00,50,112450
20221101,12:16:38,18284.00,50,112450
20221101,12:17:11,18283.00,50,112450
20221101,12:17:12,18284.90,50,112450
20221101,12:17:25,18282.80,50,112450
20221101,12:17:32,18285.00,100,112450
20221101,12:18:14,18287.00,250,112750
20221101,12:18:26,18289.05,100,112750
20221101,12:18:46,18290.85,50,112750
20221101,12:18:58,18293.75,100,112750
20221101,12:19:15,18291.85,150,112750
20221101,12:19:17,18290.00,50,112750
20221101,12:19:27,18291.95,100,112750
20221101,12:19:32,18291.75,50,112750
20221101,12:19:35,18291.30,100,112750
20221101,12:19:37,18291.30,100,112750
20221101,12:19:43,18291.90,50,112750
20221101,12:19:54,18295.10,100,112750
20221101,12:20:02,18295.00,50,112750
20221101,12:20:17,18296.00,50,112750
20221101,12:20:46,18295.00,50,112750
20221101,12:21:05,18295.05,100,113000
20221101,12:21:10,18295.50,50,113000
20221101,12:21:11,18295.70,50,113000
20221101,12:21:18,18296.00,50,113000
20221101,12:21:19,18296.00,50,113000
20221101,12:21:24,18295.80,150,113000
20221101,12:21:28,18295.00,50,113000
20221101,12:21:44,18292.00,50,113000
20221101,12:22:03,18290.00,50,113000
20221101,12:26:15,18290.00,150,113200
20221101,12:27:17,18290.00,50,113250
20221101,12:27:32,18289.65,50,113250
20221101,12:27:44,18285.40,50,113250
20221101,12:28:05,18292.90,50,113250
20221101,12:29:00,18290.00,50,113250
20221101,12:29:12,18291.05,500,113250
20221101,12:29:20,18290.85,50,113250
20221101,12:29:48,18294.60,100,113250
20221101,12:30:17,18293.70,150,113300
20221101,12:30:18,18293.75,50,113300
20221101,12:30:20,18290.10,50,113300
20221101,12:30:21,18290.10,100,113300
20221101,12:30:22,18293.60,250,113300
20221101,12:31:03,18292.40,100,113300
20221101,12:31:05,18291.00,250,113300
20221101,12:31:07,18290.05,50,113300
20221101,12:31:11,18290.90,100,113300
20221101,12:31:13,18291.00,100,113300
20221101,12:31:18,18291.15,50,113300
20221101,12:31:49,18290.00,150,113300
20221101,12:32:00,18291.00,200,113300
20221101,12:32:04,18289.30,200,113300
20221101,12:32:07,18289.40,50,113300
20221101,12:32:09,18289.40,50,113300
20221101,12:32:47,18290.55,50,113300
20221101,12:32:48,18290.00,250,113300
20221101,12:32:52,18288.95,200,114000
20221101,12:33:02,18289.00,50,114000
20221101,12:33:05,18290.00,50,114000
20221101,12:33:08,18290.00,50,114000
20221101,12:33:16,18290.00,150,114000
20221101,12:33:32,18290.00,250,114000
20221101,12:33:39,18288.65,50,114000
20221101,12:35:00,18285.60,50,114000
20221101,12:35:04,18285.00,50,114000
20221101,12:35:05,18285.00,100,114000
20221101,12:35:59,18278.80,1050,114100
20221101,12:36:06,18278.00,50,114100
20221101,12:36:32,18279.20,150,114100
20221101,12:36:42,18278.00,200,114100
20221101,12:36:49,18278.00,100,114100
20221101,12:37:11,18278.00,100,114100
20221101,12:37:33,18280.00,100,114100
20221101,12:38:50,18284.00,50,114100
20221101,12:39:04,18280.15,50,114100
20221101,12:39:55,18280.15,200,113150
20221101,12:39:57,18280.15,50,113150
20221101,12:40:03,18280.15,100,113150
20221101,12:40:04,18280.15,100,113150
20221101,12:40:12,18280.15,350,113150
20221101,12:40:14,18281.40,200,113150
20221101,12:40:20,18281.00,500,113150
20221101,12:40:22,18280.00,50,113150
20221101,12:40:37,18283.80,50,113150
20221101,12:40:38,18284.00,450,113150
20221101,12:40:44,18283.45,500,113150
20221101,12:40:51,18284.05,500,113150
20221101,12:41:02,18285.05,500,113150
20221101,12:41:12,18285.05,350,113150
20221101,12:41:13,18285.05,150,113150
20221101,12:41:23,18285.00,50,113150
20221101,12:41:33,18287.60,450,113150
20221101,12:41:48,18288.05,500,113150
20221101,12:42:02,18285.05,50,116200
20221101,12:42:13,18283.30,900,116200
20221101,12:42:27,18287.00,500,116200
20221101,12:42:33,18287.00,450,116200
20221101,12:42:34,18287.00,50,116200
20221101,12:42:45,18287.00,150,116200
20221101,12:42:49,18288.00,200,116200
20221101,12:42:50,18288.00,150,116200
20221101,12:42:59,18288.00,500,116200
20221101,12:43:07,18286.00,100,116200
20221101,12:43:14,18287.95,400,116200
20221101,12:43:39,18289.80,50,116200
20221101,12:43:42,18292.00,450,116200
20221101,12:43:49,18292.05,500,116200
20221101,12:44:04,18290.35,50,116200
20221101,12:44:07,18291.05,200,116200
20221101,12:44:10,18291.05,50,116200
20221101,12:44:11,18291.05,100,116200
20221101,12:44:14,18291.05,50,116200
20221101,12:44:16,18292.05,150,116200
20221101,12:44:20,18292.00,550,116200
20221101,12:44:31,18292.00,100,116200
20221101,12:44:36,18292.05,400,116200
20221101,12:44:37,18292.70,150,116200
20221101,12:44:42,18293.05,400,116200
20221101,12:44:48,18293.05,100,116200
20221101,12:45:07,18294.05,500,120400
20221101,12:45:18,18295.05,200,120400
20221101,12:45:21,18295.05,50,120400
20221101,12:45:23,18295.05,50,120400
20221101,12:45:34,18295.25,50,120400
20221101,12:45:35,18295.90,150,120400
20221101,12:45:38,18296.15,50,120400
20221101,12:45:46,18296.05,350,120400
20221101,12:45:52,18295.05,100,120400
20221101,12:45:54,18296.15,50,120400
20221101,12:45:57,18296.75,100,120400
20221101,12:45:59,18296.90,100,120400
20221101,12:46:28,18297.90,50,120400
20221101,12:46:42,18298.00,450,120400
20221101,12:47:01,18297.65,50,120400
20221101,12:47:05,18298.10,50,120400
20221101,12:47:29,18298.10,50,120400
20221101,12:47:32,18298.05,50,120400
20221101,12:47:33,18298.05,450,120400
20221101,12:47:34,18297.65,100,120400
20221101,12:48:16,18296.85,50,121500
20221101,12:49:21,18294.00,50,121500
20221101,12:49:40,18292.00,50,121500
20221101,12:49:54,18290.65,50,121500
20221101,12:50:34,18293.55,50,121500
20221101,12:51:32,18294.00,100,121450
20221101,12:51:44,18295.70,50,121450
20221101,12:51:56,18297.15,100,121450
20221101,12:51:56,18297.15,50,121450
20221101,12:51:58,18297.15,350,121450
20221101,12:52:03,18297.10,200,121450
20221101,12:52:05,18297.10,50,121450
20221101,12:52:06,18297.10,250,121450
20221101,12:52:15,18296.00,50,121450
20221101,12:52:18,18296.00,50,121450
20221101,12:52:29,18297.95,50,121450
20221101,12:52:31,18298.05,50,121450
20221101,12:52:34,18298.05,100,121450
20221101,12:52:37,18298.05,100,121450
20221101,12:52:47,18298.05,50,121450
20221101,12:52:53,18299.00,100,121450
20221101,12:52:55,18299.05,50,121450
20221101,12:52:56,18299.05,50,121450
20221101,12:52:58,18299.00,400,121450
20221101,12:53:06,18300.00,500,121450
20221101,12:53:10,18300.00,150,121450
20221101,12:53:14,18300.00,400,121450
20221101,12:53:20,18295.80,550,121450
20221101,12:53:27,18300.00,50,121450
20221101,12:53:28,18300.00,50,121450
20221101,12:53:37,18300.35,50,121450
20221101,12:53:38,18300.95,50,121450
20221101,12:53:43,18305.00,250,121450
20221101,12:53:44,18305.00,50,121450
20221101,12:53:47,18305.00,200,121450
20221101,12:54:01,18300.00,200,124950
20221101,12:54:21,18297.55,50,124950
20221101,12:55:22,18291.40,100,124950
20221101,12:55:39,18287.55,200,124950
20221101,12:57:08,18285.00,50,125300
20221101,12:57:20,18285.05,50,125300
20221101,12:57:24,18282.55,50,125300
20221101,12:57:55,18287.10,100,125300
20221101,12:57:59,18283.35,100,125300
20221101,12:58:29,18287.00,50,125300
20221101,12:58:35,18286.60,50,125300
20221101,12:58:42,18286.60,50,125300
20221101,13:00:56,18283.00,50,125500
20221101,13:01:02,18281.00,50,125500
20221101,13:01:03,18281.00,50,125500
20221101,13:01:17,18280.00,50,125500
20221101,13:01:20,18280.00,100,125500
20221101,13:01:37,18280.05,50,125500
20221101,13:01:38,18280.00,50,125500
20221101,13:01:40,18280.00,50,125500
20221101,13:01:43,18278.00,50,125500
20221101,13:02:00,18275.00,100,125500
20221101,13:02:47,18275.00,300,125500
20221101,13:03:00,18272.00,50,125300
20221101,13:03:02,18272.05,100,125300
20221101,13:03:03,18271.00,50,125300
20221101,13:03:05,18270.00,150,125300
20221101,13:03:07,18269.10,50,125300
20221101,13:03:08,18269.00,50,125300
20221101,13:03:18,18266.50,50,125300
20221101,13:03:35,18267.00,50,125300
20221101,13:03:42,18266.00,50,125300
20221101,13:03:43,18266.10,100,125300
20221101,13:03:44,18265.00,100,125300
20221101,13:03:52,18261.00,100,125300
20221101,13:03:53,18260.00,50,125300
20221101,13:03:55,18260.00,200,125300
20221101,13:03:58,18257.65,200,125300
20221101,13:04:01,18256.00,100,125300
20221101,13:04:02,18256.00,150,125300
20221101,13:04:03,18256.00,800,125300
20221101,13:04:04,18252.90,50,125300
20221101,13:04:13,18250.00,200,125300
20221101,13:04:15,18250.00,150,125300
20221101,13:04:22,18250.00,50,125300
20221101,13:04:54,18251.00,150,125300
20221101,13:05:06,18250.00,100,125300
20221101,13:05:07,18250.00,250,125300
20221101,13:05:08,18250.00,100,125300
20221101,13:05:11,18249.00,100,125300
20221101,13:05:12,18249.95,50,125300
20221101,13:05:13,18249.00,50,125300
20221101,13:05:14,18249.00,150,125300
20221101,13:05:18,18245.00,50,125300
20221101,13:05:20,18245.00,50,125300
20221101,13:05:25,18244.00,50,125300
20221101,13:05:32,18244.60,50,125300
20221101,13:05:37,18244.00,50,125300
20221101,13:05:50,18244.60,50,125300
20221101,13:06:05,18244.00,100,125550
20221101,13:06:08,18240.00,200,125550
20221101,13:06:10,18241.10,50,125550
20221101,13:06:14,18240.95,100,125550
20221101,13:06:16,18240.00,50,125550
20221101,13:06:36,18241.20,50,125550
20221101,13:06:41,18244.00,100,125550
20221101,13:06:53,18243.50,550,125550
20221101,13:07:06,18249.95,50,125550
20221101,13:07:15,18250.00,50,125550
20221101,13:07:16,18249.95,100,125550
20221101,13:07:27,18247.10,50,125550
20221101,13:07:51,18247.10,200,125550
20221101,13:08:16,18247.85,300,125550
20221101,13:08:24,18249.05,50,125550
20221101,13:08:51,18251.00,50,125550
20221101,13:08:58,18249.85,50,125550
20221101,13:09:06,18247.80,50,125550
20221101,13:09:10,18247.10,100,125550
20221101,13:09:11,18247.10,250,125550
20221101,13:09:13,18245.00,100,125550
20221101,13:09:20,18248.05,50,125550
20221101,13:11:04,18244.00,50,125550
20221101,13:11:18,18241.00,50,125550
20221101,13:11:20,18240.00,50,125550
20221101,13:11:26,18239.50,50,125550
20221101,13:11:33,18239.50,50,125550
20221101,13:11:47,18235.00,150,125550
20221101,13:11:52,18230.15,50,125550
20221101,13:11:53,18234.05,100,125550
20221101,13:11:56,18230.05,100,125550
20221101,13:11:57,18230.05,100,125550
20221101,13:12:17,18230.00,1050,125450
20221101,13:12:18,18230.00,600,125450
20221101,13:12:28,18230.65,50,125450
20221101,13:12:49,18233.80,50,125450
20221101,13:14:03,18235.55,50,125450
20221101,13:14:20,18235.55,50,125450
20221101,13:14:29,18235.55,50,125450
20221101,13:14:50,18235.05,50,125450
20221101,13:15:06,18235.00,50,125500
20221101,13:15:07,18236.10,50,125500
20221101,13:15:14,18235.05,50,125500
20221101,13:15:51,18236.05,50,125500
20221101,13:15:56,18237.30,50,125500
20221101,13:16:08,18239.85,50,125500
20221101,13:16:11,18242.95,50,125500
20221101,13:16:36,18249.00,100,125500
20221101,13:16:44,18245.25,50,125500
20221101,13:16:57,18245.25,100,125500
20221101,13:17:03,18248.95,50,125500
20221101,13:17:06,18249.70,50,125500
20221101,13:17:22,18250.00,100,125500
20221101,13:17:34,18250.00,50,125500
20221101,13:17:46,18250.00,100,125500
20221101,13:17:56,18249.95,50,125500
20221101,13:18:08,18249.45,100,125300
20221101,13:18:12,18249.00,50,125300
20221101,13:18:55,18249.00,50,125300
20221101,13:19:44,18249.75,50,125300
20221101,13:20:35,18252.00,50,125300
20221101,13:20:46,18253.20,50,125300
20221101,13:20:50,18255.90,50,125300
20221101,13:20:55,18257.90,50,125300
20221101,13:20:57,18255.00,50,125300
20221101,13:21:02,18256.45,50,125550
20221101,13:21:06,18255.65,50,125550
20221101,13:21:07,18255.75,50,125550
20221101,13:21:08,18255.00,50,125550
20221101,13:21:10,18253.20,50,125550
20221101,13:21:43,18256.05,100,125550
20221101,13:22:03,18258.30,50,125550
20221101,13:22:04,18257.00,50,125550
20221101,13:22:50,18258.00,150,125550
20221101,13:22:58,18258.00,100,125550
20221101,13:23:21,18258.00,50,125550
20221101,13:23:50,18258.00,50,125550
20221101,13:24:40,18257.40,100,125550
20221101,13:24:52,18255.05,50,125700
20221101,13:25:59,18250.15,50,125700
20221101,13:26:02,18252.05,50,125700
20221101,13:27:14,18255.00,50,125650
20221101,13:27:55,18257.00,50,125650
20221101,13:28:15,18257.50,150,125650
20221101,13:28:39,18261.55,50,125650
20221101,13:29:25,18263.70,50,125650
20221101,13:29:32,18265.00,50,125650
20221101,13:30:06,18273.20,50,125350
20221101,13:31:12,18275.00,50,125350
20221101,13:32:53,18275.00,50,125350
20221101,13:33:12,18273.90,50,125400
20221101,13:33:15,18275.00,50,125400
20221101,13:33:33,18280.00,50,125400
20221101,13:33:36,18281.00,50,125400
20221101,13:34:40,18281.60,50,125400
20221101,13:34:48,18281.40,50,125400
20221101,13:35:02,18283.70,50,125400
20221101,13:35:10,18283.95,50,125400
20221101,13:35:15,18285.00,650,125400
20221101,13:35:22,18285.00,50,125400
20221101,13:35:23,18285.00,100,125400
20221101,13:35:24,18285.00,250,125400
20221101,13:35:37,18284.65,50,125400
20221101,13:36:31,18286.00,500,124400
20221101,13:36:32,18286.60,100,124400
20221101,13:36:35,18290.05,50,124400
20221101,13:36:40,18293.70,50,124400
20221101,13:36:53,18293.70,50,124400
20221101,13:37:57,18281.00,50,124400
20221101,13:37:58,18280.00,50,124400
20221101,13:38:13,18280.00,100,124400
20221101,13:39:13,18280.70,50,124000
20221101,13:39:33,18277.25,50,124000
20221101,13:40:00,18279.00,50,124000
20221101,13:40:01,18280.00,50,124000
20221101,13:41:48,18281.65,50,124000
20221101,13:42:20,18284.00,850,123950
20221101,13:42:31,18283.00,150,123950
20221101,13:42:34,18283.95,650,123950
20221101,13:42:47,18283.00,650,123950
20221101,13:42:49,18283.00,100,123950
20221101,13:42:50,18283.00,100,123950
20221101,13:43:03,18284.00,100,123950
20221101,13:43:07,18284.00,800,123950
20221101,13:43:39,18285.00,50,123950
20221101,13:45:17,18284.00,100,127100
20221101,13:48:18,18295.00,100,127150
20221101,13:49:09,18293.00,50,127150
20221101,13:50:25,18293.00,50,127150
20221101,13:50:56,18293.00,50,127150
20221101,13:51:01,18294.00,50,127150
20221101,13:51:25,18294.00,250,127150
20221101,13:52:13,18294.00,50,127150
20221101,13:52:17,18294.00,50,127150
20221101,13:52:39,18294.00,50,127150
20221101,13:54:03,18293.00,50,127150
20221101,13:54:30,18290.00,50,127250
20221101,13:57:38,18288.90,50,127350
20221101,13:58:10,18286.25,50,127350
20221101,13:59:09,18280.00,50,127350
20221101,13:59:11,18280.00,50,127350
20221101,13:59:12,18280.00,50,127350
20221101,13:59:27,18275.05,50,127350
20221101,13:59:57,18275.00,50,127350
20221101,14:00:42,18275.00,50,127650
20221101,14:01:28,18281.90,50,127650
20221101,14:02:02,18280.00,100,127650
20221101,14:02:25,18280.00,100,127650
20221101,14:05:05,18278.00,250,127750
20221101,14:05:53,18276.50,50,127750
20221101,14:06:30,18275.00,50,127950
20221101,14:07:00,18275.00,50,127950
20221101,14:07:14,18278.00,50,127950
20221101,14:08:00,18275.00,50,127950
20221101,14:08:23,18272.00,50,127950
20221101,14:08:28,18272.00,250,127950
20221101,14:08:36,18270.00,250,127950
20221101,14:09:23,18270.10,50,128050
20221101,14:09:51,18271.00,50,128050
20221101,14:09:58,18266.75,50,128050
20221101,14:10:18,18271.30,100,128050
20221101,14:10:39,18269.00,50,128050
20221101,14:11:12,18270.35,50,128050
20221101,14:11:33,18275.00,100,128050
20221101,14:11:37,18275.20,50,128050
20221101,14:11:58,18283.40,50,128050
20221101,14:12:07,18283.00,50,128200
20221101,14:12:21,18281.50,50,128200
20221101,14:12:40,18281.00,50,128200
20221101,14:12:57,18281.35,100,128200
20221101,14:13:04,18282.60,100,128200
20221101,14:13:15,18283.00,50,128200
20221101,14:13:24,18287.65,200,128200
20221101,14:13:46,18289.05,250,128200
20221101,14:14:34,18285.80,200,128200
20221101,14:15:08,18281.55,50,129050
20221101,14:15:16,18286.10,200,129050
20221101,14:16:38,18291.00,50,129050
20221101,14:16:44,18294.65,50,129050
20221101,14:16:56,18293.80,50,129050
20221101,14:16:57,18295.05,50,129050
20221101,14:17:04,18296.00,50,129050
20221101,14:17:08,18297.00,50,129050
20221101,14:17:24,18294.00,150,129050
20221101,14:17:27,18296.00,100,129050
20221101,14:19:17,18290.00,100,129300
20221101,14:20:16,18286.85,150,129300
20221101,14:23:19,18286.95,50,129350
20221101,14:24:05,18286.95,100,129350
20221101,14:24:12,18286.95,50,129350
20221101,14:24:39,18286.85,100,129350
20221101,14:24:50,18282.20,50,129350
20221101,14:25:21,18280.00,50,129350
20221101,14:25:36,18278.00,100,129350
20221101,14:26:20,18279.00,50,129350
20221101,14:27:17,18280.00,100,129050
20221101,14:28:51,18278.00,50,129050
20221101,14:29:52,18277.90,200,129050
20221101,14:29:57,18275.00,200,129050
20221101,14:30:16,18273.55,50,129300
20221101,14:30:19,18275.00,50,129300
20221101,14:30:25,18277.00,50,129300
20221101,14:30:43,18280.00,50,129300
20221101,14:33:43,18281.00,50,129250
20221101,14:34:50,18281.45,50,129250
20221101,14:35:44,18285.00,100,129250
20221101,14:36:17,18288.00,100,129250
20221101,14:36:18,18288.00,50,129250
20221101,14:36:34,18287.90,100,129250
20221101,14:37:09,18288.00,100,129250
20221101,14:37:22,18286.00,50,129250
20221101,14:38:03,18285.55,250,129250
20221101,14:39:06,18279.40,1250,129250
20221101,14:39:09,18281.60,50,129250
20221101,14:40:20,18280.00,50,129250
20221101,14:40:25,18278.65,50,129500
20221101,14:40:45,18281.00,50,129500
20221101,14:43:04,18287.85,50,129500
20221101,14:43:58,18287.00,100,129500
20221101,14:43:59,18287.00,50,129500
20221101,14:44:01,18288.00,50,129500
20221101,14:44:18,18288.00,50,129500
20221101,14:44:30,18286.85,50,129500
20221101,14:44:42,18289.00,50,129500
20221101,14:44:45,18290.00,100,129500
20221101,14:45:17,18291.55,50,129500
20221101,14:45:54,18291.50,50,129250
20221101,14:46:15,18288.05,50,129250
20221101,14:46:26,18284.40,50,129250
20221101,14:47:24,18292.00,50,129250
20221101,14:47:25,18295.00,50,129250
20221101,14:47:29,18298.00,100,129250
20221101,14:47:30,18303.65,1150,129250
20221101,14:47:33,18305.25,100,129250
20221101,14:47:34,18308.00,300,129250
20221101,14:47:38,18308.90,50,129250
20221101,14:47:39,18309.00,50,129250
20221101,14:47:40,18310.00,250,129250
20221101,14:47:42,18310.00,50,129250
20221101,14:47:43,18310.00,150,129250
20221101,14:47:44,18313.00,150,129250
20221101,14:48:12,18312.95,50,129250
20221101,14:48:24,18311.00,150,129250
20221101,14:48:25,18311.00,150,129650
20221101,14:48:30,18312.25,50,129650
20221101,14:48:35,18313.00,50,129650
20221101,14:48:36,18313.00,50,129650
20221101,14:48:38,18314.40,50,129650
20221101,14:48:41,18315.00,200,129650
20221101,14:48:42,18317.00,50,129650
20221101,14:48:46,18320.00,600,129650
20221101,14:48:47,18321.00,150,129650
20221101,14:48:50,18323.15,100,129650
20221101,14:49:08,18323.05,50,129650
20221101,14:49:24,18320.00,50,129650
20221101,14:49:33,18319.05,50,129650
20221101,14:49:38,18319.80,100,129650
20221101,14:49:53,18316.45,150,129650
20221101,14:50:05,18320.00,50,129650
20221101,14:50:06,18320.00,200,129650
20221101,14:50:16,18319.55,50,129650
20221101,14:50:17,18322.20,50,129650
20221101,14:50:32,18317.00,50,129650
20221101,14:50:52,18317.00,50,129650
20221101,14:51:05,18314.65,50,129650
20221101,14:51:17,18314.00,50,129900
20221101,14:51:23,18314.35,50,129900
20221101,14:51:29,18314.00,50,129900
20221101,14:51:40,18314.25,50,129900
20221101,14:52:40,18314.25,100,129900
20221101,14:53:21,18314.00,50,129900
20221101,14:53:45,18314.35,50,129900
20221101,14:54:52,18311.05,50,130000
20221101,14:55:10,18310.80,50,130000
20221101,14:55:43,18310.00,50,130000
20221101,14:55:46,18310.00,50,130000
20221101,14:56:04,18310.00,50,130000
20221101,14:56:22,18300.00,50,130000
20221101,14:56:33,18284.25,350,130000
20221101,14:56:55,18287.00,50,130000
20221101,14:57:09,18284.25,50,130000
20221101,14:57:11,18284.00,50,130000
20221101,14:57:16,18280.00,1300,130100
20221101,14:57:19,18280.00,250,130100
20221101,14:57:20,18280.00,200,130100
20221101,14:57:21,18277.65,100,130100
20221101,14:57:27,18276.00,50,130100
20221101,14:57:30,18275.00,50,130100
20221101,14:58:06,18279.30,50,130100
20221101,14:58:13,18275.00,100,130100
20221101,14:58:15,18277.25,50,130100
20221101,14:58:24,18275.85,50,130100
20221101,14:58:35,18279.70,50,130100
20221101,14:58:41,18280.00,50,130100
20221101,14:59:24,18280.00,50,130100
20221101,14:59:28,18280.00,50,130100
20221101,15:00:11,18287.05,50,130100
20221101,15:00:12,18290.15,50,130100
20221101,15:00:24,18282.25,50,132050
20221101,15:00:49,18292.40,50,132050
20221101,15:00:51,18296.55,250,132050
20221101,15:01:03,18300.10,50,132050
20221101,15:01:46,18315.00,200,132050
20221101,15:01:52,18316.00,100,132050
20221101,15:01:55,18316.00,50,132050
20221101,15:02:14,18313.15,100,132050
20221101,15:02:52,18315.00,100,132050
20221101,15:02:55,18315.95,150,132050
20221101,15:02:56,18315.95,100,132050
20221101,15:03:01,18315.00,100,132050
20221101,15:03:24,18315.00,300,133050
20221101,15:03:33,18313.95,50,133050
20221101,15:03:35,18312.05,50,133050
20221101,15:03:38,18315.00,50,133050
20221101,15:03:58,18315.00,50,133050
20221101,15:04:07,18315.00,50,133050
20221101,15:04:20,18316.00,100,133050
20221101,15:04:36,18316.00,150,133050
20221101,15:04:49,18316.00,50,133050
20221101,15:05:14,18317.00,50,133050
20221101,15:05:17,18317.00,150,133050
20221101,15:05:25,18318.00,50,133050
20221101,15:05:28,18317.00,50,133050
20221101,15:05:39,18320.00,500,133050
20221101,15:05:42,18320.00,750,133050
20221101,15:05:49,18319.20,50,133050
20221101,15:06:08,18318.30,50,133050
20221101,15:06:12,18317.00,50,133050
20221101,15:06:28,18310.65,50,133950
20221101,15:06:37,18310.10,50,133950
20221101,15:06:46,18310.00,50,133950
20221101,15:07:22,18309.55,50,133950
20221101,15:07:35,18310.00,50,133950
20221101,15:07:46,18310.00,50,133950
20221101,15:08:10,18311.45,100,133950
20221101,15:08:24,18315.20,500,133950
20221101,15:08:59,18315.00,50,133950
20221101,15:09:03,18315.20,50,133950
20221101,15:09:06,18315.00,50,133950
20221101,15:09:08,18314.00,50,133950
20221101,15:09:33,18313.10,50,134550
20221101,15:09:40,18316.70,150,134550
20221101,15:09:41,18316.80,150,134550
20221101,15:09:45,18313.85,100,134550
20221101,15:09:47,18316.95,100,134550
20221101,15:09:59,18315.00,250,134550
20221101,15:10:34,18316.00,50,134550
20221101,15:10:43,18319.95,250,134550
20221101,15:10:51,18320.00,200,134550
20221101,15:10:54,18320.20,50,134550
20221101,15:10:55,18319.95,100,134550
20221101,15:10:59,18321.00,50,134550
20221101,15:11:26,18321.00,50,134550
20221101,15:11:30,18322.00,50,134550
20221101,15:11:35,18322.75,150,134550
20221101,15:11:40,18322.75,50,134550
20221101,15:11:42,18322.80,100,134550
20221101,15:11:50,18324.00,150,134550
20221101,15:11:53,18323.00,50,134550
20221101,15:11:55,18323.00,50,134550
20221101,15:12:03,18322.80,50,134550
20221101,15:12:04,18322.00,50,134550
20221101,15:12:05,18322.00,450,134550
20221101,15:12:06,18320.00,250,134550
20221101,15:12:22,18316.35,50,134550
20221101,15:12:32,18318.00,50,136600
20221101,15:12:35,18320.00,50,136600
20221101,15:12:51,18321.00,50,136600
20221101,15:12:54,18323.30,100,136600
20221101,15:13:03,18320.50,300,136600
20221101,15:13:24,18323.00,200,136600
20221101,15:13:35,18323.60,100,136600
20221101,15:13:39,18324.00,100,136600
20221101,15:13:51,18324.00,50,136600
20221101,15:13:59,18324.00,50,136600
20221101,15:14:15,18322.60,300,136600
20221101,15:14:17,18321.00,100,136600
20221101,15:14:21,18320.00,50,136600
20221101,15:14:23,18320.00,600,136600
20221101,15:14:26,18320.00,50,136600
20221101,15:14:27,18320.00,50,136600
20221101,15:14:33,18320.35,50,136600
20221101,15:14:37,18320.00,50,136600
20221101,15:14:38,18320.00,50,136600
20221101,15:15:05,18320.00,100,136600
20221101,15:15:06,18321.00,50,136600
20221101,15:15:16,18324.00,300,136600
20221101,15:15:18,18321.05,50,138400
20221101,15:15:29,18322.00,50,138400
20221101,15:15:31,18322.00,50,138400
20221101,15:15:34,18321.00,50,138400
20221101,15:15:40,18322.00,50,138400
20221101,15:15:45,18318.70,50,138400
20221101,15:15:46,18318.75,100,138400
20221101,15:15:58,18322.00,200,138400
20221101,15:16:08,18322.95,50,138400
20221101,15:16:33,18322.95,50,138400
20221101,15:17:11,18322.95,100,138400
20221101,15:17:15,18323.00,100,138400
20221101,15:17:32,18323.00,550,138400
20221101,15:17:33,18323.00,450,138400
20221101,15:17:42,18323.45,50,138400
20221101,15:17:44,18324.00,100,138400
20221101,15:17:57,18324.00,50,138400
20221101,15:18:03,18324.75,50,138400
20221101,15:18:09,18325.00,200,138400
20221101,15:18:17,18325.00,100,138400
20221101,15:18:29,18324.00,50,138700
20221101,15:18:33,18323.00,100,138700
20221101,15:18:35,18323.00,100,138700
20221101,15:18:42,18323.00,50,138700
20221101,15:18:46,18325.00,100,138700
20221101,15:18:51,18325.00,50,138700
20221101,15:19:15,18322.65,50,138700
20221101,15:19:24,18325.00,50,138700
20221101,15:19:41,18325.95,50,138700
20221101,15:19:47,18326.00,50,138700
20221101,15:19:51,18327.00,200,138700
20221101,15:19:56,18326.00,50,138700
20221101,15:20:09,18326.00,100,138700
20221101,15:20:21,18328.75,50,138700
20221101,15:20:30,18328.75,50,138700
20221101,15:20:42,18328.00,300,138700
20221101,15:21:03,18328.00,100,138700
20221101,15:21:05,18329.00,400,138700
20221101,15:21:10,18329.00,50,138700
20221101,15:21:19,18329.50,150,138950
20221101,15:21:34,18329.50,50,138950
20221101,15:21:46,18328.00,150,138950
20221101,15:21:47,18327.25,50,138950
20221101,15:21:49,18327.15,50,138950
20221101,15:22:09,18327.25,50,138950
20221101,15:22:10,18327.05,50,138950
20221101,15:22:17,18329.90,50,138950
20221101,15:22:29,18330.00,50,138950
20221101,15:22:30,18330.00,50,138950
20221101,15:22:39,18329.95,50,138950
20221101,15:22:50,18330.00,500,138950
20221101,15:23:02,18330.00,50,138950
20221101,15:23:38,18330.00,250,138950
20221101,15:23:43,18330.95,100,138950
20221101,15:23:46,18330.95,50,138950
20221101,15:23:57,18327.50,50,138950
20221101,15:24:02,18328.00,50,138950
20221101,15:24:40,18328.00,50,139950
20221101,15:24:42,18329.00,300,139950
20221101,15:24:54,18328.00,50,139950
20221101,15:25:01,18327.50,50,139950
20221101,15:25:05,18327.45,50,139950
20221101,15:25:15,18325.05,50,139950
20221101,15:25:28,18325.50,100,139950
20221101,15:25:29,18325.50,50,139950
20221101,15:25:41,18325.50,50,139950
20221101,15:25:50,18325.50,200,139950
20221101,15:25:55,18325.50,50,139950
20221101,15:25:56,18326.00,50,139950
20221101,15:26:07,18327.30,50,139950
20221101,15:26:29,18330.00,150,139950
20221101,15:26:31,18330.00,150,139950
20221101,15:26:37,18330.95,50,139950
20221101,15:26:49,18331.00,50,139950
20221101,15:26:54,18331.00,100,139950
20221101,15:27:01,18330.95,50,139950
20221101,15:27:06,18331.00,100,139950
20221101,15:27:16,18332.00,150,139950
20221101,15:27:17,18332.00,50,139950
20221101,15:27:18,18333.00,50,139950
20221101,15:27:24,18333.00,100,140950
20221101,15:27:29,18333.00,50,140950
20221101,15:27:33,18334.45,100,140950
20221101,15:27:45,18335.20,500,140950
20221101,15:27:55,18339.05,200,140950
20221101,15:27:58,18339.70,200,140950
20221101,15:28:04,18339.70,50,140950
20221101,15:28:07,18334.95,50,140950
20221101,15:28:26,18334.00,50,140950
20221101,15:28:26,18334.85,50,140950
20221101,15:28:42,18334.05,50,140950
20221101,15:28:44,18334.05,50,140950
20221101,15:28:45,18334.05,150,140950
20221101,15:28:48,18334.00,650,140950
20221101,15:29:04,18331.00,150,140950
20221101,15:29:06,18330.00,50,140950
20221101,15:29:15,18330.00,50,140950
20221101,15:29:16,18330.00,100,140950
20221101,15:29:20,18330.00,50,140950
20221101,15:29:21,18330.00,100,140950
20221101,15:29:22,18330.00,150,140950
20221101,15:29:24,18330.00,50,140950
20221101,15:29:31,18329.95,100,140950
20221101,15:29:33,18330.00,100,140950
20221101,15:29:35,18328.00,50,140950
20221101,15:29:35,18330.00,100,140950
20221101,15:29:41,18329.95,50,140950
20221101,15:29:42,18328.00,50,140950
20221101,15:29:45,18330.00,50,140950
20221101,15:29:48,18330.00,200,140950
20221101,15:29:53,18330.00,50,140950
20221101,15:29:59,18330.00,1000,140950
