20221115,09:15:03,42490.30,1,390900
20221115,09:15:03,42512.15,150,390900
20221115,09:15:05,42518.35,100,390900
20221115,09:15:06,42494.50,125,390900
20221115,09:15:07,42498.55,50,390900
20221115,09:15:09,42495.95,25,390900
20221115,09:15:10,42477.40,25,390900
20221115,09:15:14,42477.40,25,390900
20221115,09:15:16,42507.30,200,390900
20221115,09:15:17,42520.00,50,390900
20221115,09:15:19,42520.00,75,390900
20221115,09:15:20,42518.00,75,390900
20221115,09:15:24,42508.20,125,390900
20221115,09:15:29,42518.00,75,390900
20221115,09:15:30,42521.55,125,390900
20221115,09:15:31,42525.00,75,390900
20221115,09:15:33,42524.05,150,390900
20221115,09:15:34,42525.00,50,390900
20221115,09:15:37,42520.10,25,390900
20221115,09:15:39,42504.55,250,390900
20221115,09:15:42,42511.95,25,390900
20221115,09:15:45,42514.30,50,390900
20221115,09:15:46,42521.30,75,390900
20221115,09:15:48,42520.50,25,390900
20221115,09:15:50,42525.00,75,390900
20221115,09:15:51,42522.70,25,390900
20221115,09:15:53,42526.10,225,390900
20221115,09:15:54,42526.75,25,390900
20221115,09:15:56,42528.40,75,390900
20221115,09:15:57,42530.00,100,390900
20221115,09:15:59,42542.85,75,390900
20221115,09:16:01,42551.00,525,390900
20221115,09:16:02,42555.15,100,390900
20221115,09:16:04,42561.00,300,390900
20221115,09:16:05,42558.80,150,390900
20221115,09:16:09,42556.00,25,390900
20221115,09:16:10,42550.20,25,390900
20221115,09:16:12,42554.70,75,390900
20221115,09:16:13,42544.50,150,390900
20221115,09:16:15,42554.10,100,390900
20221115,09:16:18,42544.95,75,390900
20221115,09:16:20,42541.60,50,390900
20221115,09:16:22,42538.05,75,390900
20221115,09:16:23,42534.35,25,390900
20221115,09:16:25,42539.95,50,390900
20221115,09:16:28,42538.00,25,390900
20221115,09:16:30,42530.00,50,390900
20221115,09:16:32,42524.15,50,390900
20221115,09:16:33,42530.00,25,390900
20221115,09:16:35,42530.00,25,390900
20221115,09:16:37,42521.30,125,390900
20221115,09:16:45,42509.20,50,390900
20221115,09:16:48,42509.45,50,390900
20221115,09:16:50,42513.00,25,390900
20221115,09:16:51,42507.40,25,390900
20221115,09:16:53,42511.90,25,390900
20221115,09:16:55,42511.95,25,390900
20221115,09:16:56,42519.00,25,390900
20221115,09:17:00,42513.15,25,390900
20221115,09:17:05,42521.30,25,390900
20221115,09:17:06,42518.10,100,390900
20221115,09:17:19,42523.90,25,390900
20221115,09:17:21,42530.35,150,390900
20221115,09:17:22,42525.95,125,390900
20221115,09:17:24,42525.00,25,390900
20221115,09:17:26,42522.00,200,390900
20221115,09:17:27,42523.00,25,390900
20221115,09:17:30,42526.15,25,390900
20221115,09:17:40,42520.65,25,391550
20221115,09:17:45,42523.60,75,391550
20221115,09:17:48,42515.00,25,391550
20221115,09:17:51,42525.00,25,391550
20221115,09:17:53,42525.25,25,391550
20221115,09:17:55,42526.20,50,391550
20221115,09:17:56,42529.05,200,391550
20221115,09:17:59,42529.45,25,391550
20221115,09:18:01,42529.45,25,391550
20221115,09:18:03,42537.00,75,391550
20221115,09:18:04,42544.05,25,391550
20221115,09:18:06,42549.00,100,391550
20221115,09:18:07,42550.00,125,391550
20221115,09:18:09,42551.00,425,391550
20221115,09:18:11,42547.70,350,391550
20221115,09:18:12,42550.15,50,391550
20221115,09:18:19,42547.95,200,391550
20221115,09:18:28,42541.00,50,391550
20221115,09:18:33,42540.00,25,391550
20221115,09:18:35,42537.15,75,391550
20221115,09:18:45,42534.95,25,391550
20221115,09:18:50,42526.00,100,391550
20221115,09:18:53,42523.70,25,391550
20221115,09:19:04,42521.25,25,391550
20221115,09:19:16,42521.00,25,391550
20221115,09:19:19,42519.05,25,391550
20221115,09:19:22,42523.00,100,391550
20221115,09:19:24,42523.70,25,391550
20221115,09:19:26,42525.10,25,391550
20221115,09:19:37,42526.10,25,391550
20221115,09:19:44,42521.25,75,391550
20221115,09:19:47,42521.85,150,391550
20221115,09:19:55,42518.00,25,391550
20221115,09:19:59,42531.45,425,391550
20221115,09:20:02,42530.00,50,391550
20221115,09:20:04,42536.55,750,391550
20221115,09:20:05,42515.00,100,391550
20221115,09:20:07,42508.55,25,391550
20221115,09:20:10,42516.90,25,391550
20221115,09:20:12,42518.00,150,391550
20221115,09:20:14,42520.25,25,391550
20221115,09:20:19,42521.90,25,391550
20221115,09:20:20,42536.00,25,391550
20221115,09:20:22,42533.60,50,391550
20221115,09:20:25,42533.75,75,391550
20221115,09:20:27,42532.50,25,391550
20221115,09:20:32,42537.15,100,391550
20221115,09:20:34,42535.15,25,392500
20221115,09:20:37,42535.10,75,392500
20221115,09:20:39,42539.00,50,392500
20221115,09:20:50,42537.95,125,392500
20221115,09:20:52,42535.05,25,392500
20221115,09:20:53,42530.05,100,392500
20221115,09:20:55,42530.00,25,392500
20221115,09:20:57,42530.00,25,392500
20221115,09:21:01,42532.45,25,392500
20221115,09:21:13,42534.10,25,392500
20221115,09:21:14,42534.10,25,392500
20221115,09:21:18,42534.10,25,392500
20221115,09:21:19,42535.60,25,392500
20221115,09:21:24,42525.05,75,392500
20221115,09:21:26,42520.00,50,392500
20221115,09:21:34,42519.10,150,392500
20221115,09:21:36,42509.00,25,392500
20221115,09:21:44,42505.00,25,392500
20221115,09:21:48,42500.45,150,392500
20221115,09:21:54,42510.00,25,392500
20221115,09:21:59,42511.15,50,392500
20221115,09:22:02,42503.40,250,392500
20221115,09:22:04,42504.00,25,392500
20221115,09:22:07,42508.10,25,392500
20221115,09:22:10,42505.00,50,392500
20221115,09:22:22,42507.00,200,392500
20221115,09:22:23,42505.00,25,392500
20221115,09:22:27,42506.60,25,392500
20221115,09:22:35,42508.00,25,392500
20221115,09:22:44,42502.00,25,392500
20221115,09:22:46,42502.00,25,392500
20221115,09:22:51,42501.75,50,392500
20221115,09:22:57,42504.85,25,392500
20221115,09:23:02,42505.55,50,392500
20221115,09:23:04,42506.35,25,392500
20221115,09:23:18,42510.00,25,392500
20221115,09:23:22,42510.00,25,392500
20221115,09:23:23,42507.15,25,392500
20221115,09:23:28,42511.00,50,392500
20221115,09:23:38,42510.05,75,392925
20221115,09:23:53,42506.95,25,392925
20221115,09:24:07,42507.00,25,392925
20221115,09:24:09,42506.95,25,392925
20221115,09:24:15,42515.00,150,392925
20221115,09:24:25,42510.10,225,392925
20221115,09:24:27,42511.00,25,392925
20221115,09:24:35,42510.60,25,392925
20221115,09:24:41,42512.10,25,392925
20221115,09:24:48,42512.10,100,392925
20221115,09:24:50,42510.05,50,392925
20221115,09:24:53,42510.00,25,392925
20221115,09:24:56,42510.00,25,392925
20221115,09:25:01,42504.10,150,392925
20221115,09:25:09,42500.00,50,392925
20221115,09:25:16,42491.30,225,392925
20221115,09:25:17,42490.05,50,392925
20221115,09:25:22,42501.05,25,392925
20221115,09:25:32,42501.05,100,392925
20221115,09:25:34,42510.05,150,392925
20221115,09:25:35,42510.05,50,392925
20221115,09:25:37,42510.05,125,392925
20221115,09:25:39,42510.10,50,392925
20221115,09:25:40,42510.10,25,392925
20221115,09:25:42,42514.35,25,392925
20221115,09:25:44,42510.10,100,392925
20221115,09:25:45,42510.10,50,392925
20221115,09:25:52,42507.60,50,392925
20221115,09:26:00,42507.65,125,392925
20221115,09:26:20,42505.15,50,392925
20221115,09:26:24,42511.95,100,392925
20221115,09:26:28,42505.10,25,392925
20221115,09:26:32,42509.95,25,392925
20221115,09:26:39,42508.30,25,393650
20221115,09:26:42,42510.00,25,393650
20221115,09:27:13,42509.70,25,393650
20221115,09:27:16,42502.10,25,393650
20221115,09:27:18,42501.05,25,393650
20221115,09:27:26,42496.15,100,393650
20221115,09:27:27,42497.00,25,393650
20221115,09:27:37,42491.10,100,393650
20221115,09:27:39,42490.15,50,393650
20221115,09:27:44,42498.95,75,393650
20221115,09:27:49,42494.15,50,393650
20221115,09:27:50,42494.25,50,393650
20221115,09:27:52,42494.25,50,393650
20221115,09:27:53,42500.00,25,393650
20221115,09:27:55,42498.00,200,393650
20221115,09:28:00,42490.05,125,393650
20221115,09:28:02,42484.10,175,393650
20221115,09:28:05,42480.00,25,393650
20221115,09:28:07,42475.00,50,393650
20221115,09:28:10,42483.90,25,393650
20221115,09:28:14,42483.00,75,393650
20221115,09:28:17,42479.90,100,393650
20221115,09:28:23,42470.10,325,393650
20221115,09:28:25,42470.10,150,393650
20221115,09:28:27,42473.05,100,393650
20221115,09:28:32,42475.70,100,393650
20221115,09:28:35,42479.95,25,393650
20221115,09:28:49,42476.15,25,393650
20221115,09:29:01,42472.00,50,393650
20221115,09:29:02,42470.00,50,393650
20221115,09:29:11,42460.00,75,393650
20221115,09:29:27,42465.95,25,393650
20221115,09:29:53,42461.00,50,394125
20221115,09:29:55,42461.05,100,394125
20221115,09:29:56,42466.65,25,394125
20221115,09:30:05,42466.65,50,394125
20221115,09:30:13,42470.95,25,394125
20221115,09:30:16,42478.85,100,394125
20221115,09:30:21,42470.30,25,394125
20221115,09:30:28,42467.60,100,394125
20221115,09:30:29,42460.55,50,394125
20221115,09:30:33,42464.00,25,394125
20221115,09:30:34,42460.00,125,394125
20221115,09:30:39,42460.60,25,394125
20221115,09:30:41,42460.00,50,394125
20221115,09:30:42,42460.00,25,394125
20221115,09:30:44,42464.55,125,394125
20221115,09:30:58,42459.25,25,394125
20221115,09:31:02,42459.25,50,394125
20221115,09:31:03,42466.70,25,394125
20221115,09:31:20,42465.00,75,394125
20221115,09:31:22,42460.00,50,394125
20221115,09:31:24,42463.00,25,394125
20221115,09:31:33,42462.35,75,394125
20221115,09:31:45,42474.95,25,394125
20221115,09:32:06,42475.00,25,394125
20221115,09:32:10,42483.25,25,394125
20221115,09:32:17,42483.25,25,394125
20221115,09:32:18,42477.70,175,394125
20221115,09:32:33,42485.00,50,394125
20221115,09:32:36,42486.80,25,394000
20221115,09:32:41,42494.05,25,394000
20221115,09:32:44,42500.00,75,394000
20221115,09:32:46,42504.65,125,394000
20221115,09:32:49,42501.10,25,394000
20221115,09:32:54,42500.95,25,394000
20221115,09:32:58,42512.60,900,394000
20221115,09:33:01,42510.00,50,394000
20221115,09:33:04,42516.45,225,394000
20221115,09:33:06,42502.15,125,394000
20221115,09:33:11,42504.20,25,394000
20221115,09:33:23,42507.70,25,394000
20221115,09:33:42,42498.60,125,394000
20221115,09:33:55,42498.15,125,394000
20221115,09:34:01,42498.55,50,394000
20221115,09:34:04,42492.10,25,394000
20221115,09:34:06,42486.05,125,394000
20221115,09:34:16,42486.00,75,394000
20221115,09:34:19,42481.40,25,394000
20221115,09:34:33,42497.00,50,394000
20221115,09:34:35,42494.20,100,394000
20221115,09:34:37,42492.10,75,394000
20221115,09:34:38,42490.10,25,394000
20221115,09:34:45,42488.10,125,394000
20221115,09:34:47,42486.10,150,394000
20221115,09:34:50,42484.05,25,394000
20221115,09:35:00,42483.10,125,394000
20221115,09:35:06,42488.05,150,394000
20221115,09:35:20,42491.65,50,394000
20221115,09:35:21,42493.25,100,394000
20221115,09:35:23,42500.00,25,394000
20221115,09:35:31,42500.00,250,394000
20221115,09:35:36,42490.30,25,395675
20221115,09:35:44,42490.30,250,395675
20221115,09:35:56,42490.30,25,395675
20221115,09:36:08,42499.00,25,395675
20221115,09:36:11,42485.70,925,395675
20221115,09:36:13,42493.70,25,395675
20221115,09:36:19,42493.80,25,395675
20221115,09:36:21,42482.05,500,395675
20221115,09:36:28,42482.05,25,395675
20221115,09:36:33,42495.00,50,395675
20221115,09:36:36,42495.00,225,395675
20221115,09:36:37,42499.85,25,395675
20221115,09:36:46,42494.15,150,395675
20221115,09:36:47,42483.30,175,395675
20221115,09:36:54,42496.80,25,395675
20221115,09:37:00,42491.05,50,395675
20221115,09:37:10,42485.20,500,395675
20221115,09:37:13,42494.85,25,395675
20221115,09:37:15,42485.10,175,395675
20221115,09:37:31,42493.25,25,395675
20221115,09:37:39,42491.35,50,395675
20221115,09:37:41,42493.85,25,395675
20221115,09:37:46,42486.15,25,395675
20221115,09:37:47,42488.45,50,395675
20221115,09:37:49,42477.00,500,395675
20221115,09:37:51,42477.20,25,395675
20221115,09:38:06,42478.10,25,395675
20221115,09:38:22,42480.00,25,395675
20221115,09:38:46,42484.95,50,395900
20221115,09:38:57,42487.80,50,395900
20221115,09:38:59,42490.00,175,395900
20221115,09:39:01,42486.95,175,395900
20221115,09:39:08,42488.00,50,395900
20221115,09:39:21,42486.60,50,395900
20221115,09:39:29,42490.05,75,395900
20221115,09:39:31,42490.05,50,395900
20221115,09:39:34,42490.00,50,395900
20221115,09:39:35,42487.95,25,395900
20221115,09:39:39,42486.00,25,395900
20221115,09:39:58,42486.00,25,395900
20221115,09:40:08,42483.20,75,395900
20221115,09:40:22,42486.00,25,395900
20221115,09:40:24,42484.40,50,395900
20221115,09:40:26,42488.00,50,395900
20221115,09:40:34,42490.00,25,395900
20221115,09:40:40,42490.00,25,395900
20221115,09:40:43,42490.00,25,395900
20221115,09:40:47,42490.00,25,395900
20221115,09:41:01,42495.90,25,395900
20221115,09:41:04,42499.00,75,395900
20221115,09:41:06,42500.00,25,395900
20221115,09:41:11,42500.95,175,395900
20221115,09:41:13,42501.50,125,395900
20221115,09:41:26,42505.00,25,395900
20221115,09:41:34,42502.80,75,395900
20221115,09:41:37,42499.20,25,396350
20221115,09:41:45,42509.95,25,396350
20221115,09:42:01,42510.00,50,396350
20221115,09:42:05,42510.00,75,396350
20221115,09:42:06,42512.55,50,396350
20221115,09:42:10,42514.10,50,396350
20221115,09:42:11,42514.10,25,396350
20221115,09:42:16,42517.00,25,396350
20221115,09:42:17,42519.00,25,396350
20221115,09:42:19,42520.00,25,396350
20221115,09:42:21,42518.05,50,396350
20221115,09:42:22,42520.10,175,396350
20221115,09:42:24,42520.10,25,396350
20221115,09:42:25,42525.00,50,396350
20221115,09:42:29,42522.70,50,396350
20221115,09:42:32,42524.95,25,396350
20221115,09:42:35,42522.70,100,396350
20221115,09:42:38,42517.55,25,396350
20221115,09:42:40,42521.00,50,396350
20221115,09:42:46,42514.10,50,396350
20221115,09:42:51,42519.60,75,396350
20221115,09:42:53,42514.10,25,396350
20221115,09:42:56,42514.10,25,396350
20221115,09:43:04,42510.20,25,396350
20221115,09:43:16,42511.05,125,396350
20221115,09:43:17,42512.05,25,396350
20221115,09:43:28,42512.00,25,396350
20221115,09:43:35,42506.25,25,396350
20221115,09:43:38,42502.00,25,396350
20221115,09:43:48,42500.25,50,396350
20221115,09:44:02,42504.05,175,396350
20221115,09:44:04,42506.00,25,396350
20221115,09:44:07,42502.40,25,396350
20221115,09:44:15,42510.00,75,396350
20221115,09:44:27,42500.25,75,396350
20221115,09:44:35,42500.25,25,396350
20221115,09:44:43,42500.00,25,396925
20221115,09:44:46,42495.75,125,396925
20221115,09:44:48,42495.95,25,396925
20221115,09:44:49,42500.30,25,396925
20221115,09:44:51,42498.95,25,396925
20221115,09:44:54,42499.80,50,396925
20221115,09:44:57,42499.80,25,396925
20221115,09:45:10,42500.65,25,396925
20221115,09:45:13,42508.00,25,396925
20221115,09:45:19,42500.45,50,396925
20221115,09:45:21,42497.50,50,396925
20221115,09:45:22,42499.75,100,396925
20221115,09:45:24,42506.90,50,396925
20221115,09:45:26,42507.30,50,396925
20221115,09:45:27,42507.80,25,396925
20221115,09:45:35,42499.00,50,396925
20221115,09:45:38,42505.40,25,396925
20221115,09:45:40,42496.30,50,396925
20221115,09:45:55,42498.15,25,396925
20221115,09:46:09,42500.00,50,396925
20221115,09:46:13,42493.40,25,396925
20221115,09:46:14,42490.10,50,396925
20221115,09:46:21,42490.10,225,396925
20221115,09:46:26,42491.10,50,396925
20221115,09:46:27,42498.95,25,396925
20221115,09:46:37,42492.10,25,396925
20221115,09:46:39,42492.10,25,396925
20221115,09:46:40,42492.10,25,396925
20221115,09:46:42,42492.10,275,396925
20221115,09:46:48,42496.00,25,396925
20221115,09:46:52,42485.15,75,396925
20221115,09:46:53,42485.00,25,396925
20221115,09:46:55,42485.00,25,396925
20221115,09:46:57,42485.00,325,396925
20221115,09:47:05,42482.00,25,396925
20221115,09:47:06,42480.15,25,396925
20221115,09:47:08,42480.00,25,396925
20221115,09:47:11,42480.00,25,396925
20221115,09:47:21,42477.00,25,396925
20221115,09:47:25,42477.00,25,396925
20221115,09:47:38,42472.05,75,397825
20221115,09:47:42,42475.90,25,397825
20221115,09:47:43,42475.90,25,397825
20221115,09:47:48,42472.75,150,397825
20221115,09:48:04,42467.45,25,397825
20221115,09:48:09,42469.20,150,397825
20221115,09:48:12,42470.70,50,397825
20221115,09:48:20,42474.00,25,397825
20221115,09:48:22,42479.80,25,397825
20221115,09:48:25,42470.35,25,397825
20221115,09:48:54,42470.10,75,397825
20221115,09:48:59,42470.00,75,397825
20221115,09:49:00,42476.85,25,397825
20221115,09:49:04,42464.85,400,397825
20221115,09:49:17,42463.00,425,397825
20221115,09:49:25,42455.00,400,397825
20221115,09:49:33,42455.00,75,397825
20221115,09:49:36,42455.00,25,397825
20221115,09:49:54,42458.00,25,397825
20221115,09:50:01,42455.00,25,397825
20221115,09:50:05,42455.15,25,397825
20221115,09:50:09,42459.95,25,397825
20221115,09:50:19,42459.95,25,397825
20221115,09:50:20,42455.10,25,397825
20221115,09:50:22,42460.00,25,397825
20221115,09:50:25,42459.90,25,397825
20221115,09:50:41,42459.90,100,397825
20221115,09:50:46,42437.00,1075,398000
20221115,09:50:48,42440.00,25,398000
20221115,09:50:51,42441.95,25,398000
20221115,09:50:56,42454.85,75,398000
20221115,09:50:59,42446.65,25,398000
20221115,09:51:04,42446.65,100,398000
20221115,09:51:07,42444.00,25,398000
20221115,09:51:11,42454.85,125,398000
20221115,09:51:13,42454.85,250,398000
20221115,09:51:18,42453.00,50,398000
20221115,09:51:19,42455.00,200,398000
20221115,09:51:23,42462.80,400,398000
20221115,09:51:42,42462.80,25,398000
20221115,09:51:43,42461.20,100,398000
20221115,09:51:45,42465.00,25,398000
20221115,09:51:48,42464.50,50,398000
20221115,09:51:51,42464.50,100,398000
20221115,09:52:04,42467.50,25,398000
20221115,09:52:23,42465.60,150,398000
20221115,09:52:25,42474.35,25,398000
20221115,09:52:28,42474.30,25,398000
20221115,09:52:38,42465.90,25,398000
20221115,09:52:51,42462.15,50,398000
20221115,09:53:11,42474.65,25,398000
20221115,09:53:21,42475.00,25,398000
20221115,09:53:24,42480.00,25,398000
20221115,09:53:29,42474.70,25,398000
20221115,09:53:31,42474.65,75,398000
20221115,09:54:02,42473.15,25,398200
20221115,09:54:03,42483.90,75,398200
20221115,09:54:12,42481.50,25,398200
20221115,09:54:17,42478.30,50,398200
20221115,09:54:25,42478.45,25,398200
20221115,09:54:41,42473.15,25,398200
20221115,09:54:42,42468.05,200,398200
20221115,09:54:44,42475.10,25,398200
20221115,09:55:02,42466.60,25,398200
20221115,09:55:17,42460.00,25,398200
20221115,09:55:22,42454.15,25,398200
20221115,09:55:25,42455.10,25,398200
20221115,09:55:32,42465.00,25,398200
20221115,09:55:40,42466.60,25,398200
20221115,09:55:43,42468.10,50,398200
20221115,09:56:14,42475.00,25,398200
20221115,09:56:16,42471.05,75,398200
20221115,09:56:32,42477.25,25,398200
20221115,09:56:51,42477.30,175,398200
20221115,09:56:53,42481.65,25,398200
20221115,09:56:54,42478.10,25,398200
20221115,09:57:17,42477.25,25,398200
20221115,09:57:27,42473.45,25,398200
20221115,09:57:55,42473.60,25,398200
20221115,09:58:11,42480.00,25,398200
20221115,09:58:16,42480.00,25,398200
20221115,09:58:52,42483.35,50,398200
20221115,09:58:57,42477.45,25,398200
20221115,09:59:31,42478.05,50,398200
20221115,09:59:35,42485.00,125,398200
20221115,09:59:36,42485.00,225,398200
20221115,10:00:08,42489.85,25,398475
20221115,10:00:13,42496.95,25,398475
20221115,10:00:42,42482.75,50,398475
20221115,10:00:58,42480.00,25,398475
20221115,10:01:07,42480.00,25,398475
20221115,10:01:16,42468.70,25,398475
20221115,10:01:35,42467.00,25,398475
20221115,10:01:36,42470.00,25,398475
20221115,10:01:38,42469.40,25,398475
20221115,10:01:40,42471.00,25,398475
20221115,10:01:55,42467.25,300,398475
20221115,10:01:56,42468.80,1575,398475
20221115,10:02:30,42474.85,25,398475
20221115,10:02:41,42478.05,150,398625
20221115,10:02:49,42472.95,50,398625
20221115,10:02:54,42470.15,575,398625
20221115,10:03:02,42474.55,25,398625
20221115,10:03:04,42471.65,25,398625
20221115,10:03:08,42472.25,50,398625
20221115,10:03:15,42477.30,50,398625
20221115,10:03:18,42477.65,100,398625
20221115,10:03:28,42475.40,150,398625
20221115,10:03:29,42472.65,50,398625
20221115,10:03:31,42472.00,125,398625
20221115,10:03:33,42476.00,25,398625
20221115,10:03:58,42470.00,25,398625
20221115,10:04:03,42470.05,25,398625
20221115,10:04:06,42470.05,50,398625
20221115,10:04:28,42470.05,25,398625
20221115,10:04:33,42471.70,25,398625
20221115,10:04:38,42470.65,25,398625
20221115,10:04:42,42470.65,75,398625
20221115,10:04:50,42480.45,125,398625
20221115,10:04:54,42474.95,25,398625
20221115,10:05:04,42478.65,25,398625
20221115,10:05:35,42479.70,50,398625
20221115,10:05:38,42479.70,100,398625
20221115,10:05:39,42479.70,25,399425
20221115,10:05:41,42479.70,25,399425
20221115,10:05:44,42472.15,100,399425
20221115,10:06:12,42483.75,75,399425
20221115,10:06:14,42483.75,125,399425
20221115,10:06:16,42488.85,25,399425
20221115,10:06:30,42482.05,25,399425
20221115,10:06:33,42482.05,300,399425
20221115,10:06:40,42484.75,125,399425
20221115,10:06:44,42496.00,75,399425
20221115,10:06:48,42490.25,50,399425
20221115,10:06:56,42493.20,25,399425
20221115,10:06:57,42493.20,75,399425
20221115,10:07:06,42486.55,750,399425
20221115,10:07:17,42490.30,50,399425
20221115,10:07:22,42493.70,25,399425
20221115,10:07:23,42491.10,25,399425
20221115,10:07:26,42493.70,25,399425
20221115,10:07:28,42493.65,100,399425
20221115,10:07:29,42497.45,600,399425
20221115,10:07:33,42500.55,375,399425
20221115,10:07:41,42503.00,125,399425
20221115,10:07:49,42503.65,25,399425
20221115,10:07:52,42503.65,25,399425
20221115,10:07:59,42507.65,50,399425
20221115,10:08:01,42508.00,25,399425
20221115,10:08:02,42507.95,25,399425
20221115,10:08:07,42510.00,100,399425
20221115,10:08:16,42510.20,25,399425
20221115,10:08:19,42510.05,200,399425
20221115,10:08:21,42509.60,100,399425
20221115,10:08:35,42507.35,50,399425
20221115,10:08:42,42504.75,25,400400
20221115,10:08:47,42500.55,75,400400
20221115,10:08:48,42500.00,25,400400
20221115,10:08:50,42494.70,500,400400
20221115,10:08:59,42496.30,25,400400
20221115,10:09:03,42501.45,25,400400
20221115,10:09:15,42501.45,125,400400
20221115,10:09:17,42499.10,25,400400
20221115,10:09:20,42499.10,25,400400
20221115,10:09:31,42499.10,25,400400
20221115,10:09:32,42499.10,50,400400
20221115,10:09:36,42499.10,25,400400
20221115,10:09:59,42499.05,25,400400
20221115,10:10:01,42499.10,25,400400
20221115,10:10:03,42498.60,25,400400
20221115,10:10:21,42500.15,25,400400
20221115,10:10:22,42500.15,100,400400
20221115,10:10:24,42497.55,25,400400
20221115,10:10:40,42500.00,25,400400
20221115,10:10:48,42498.70,50,400400
20221115,10:10:50,42498.60,50,400400
20221115,10:11:10,42494.75,25,400400
20221115,10:11:29,42494.75,25,400400
20221115,10:11:37,42497.80,125,400400
20221115,10:11:39,42497.80,25,400400
20221115,10:11:46,42494.75,50,401100
20221115,10:11:47,42488.50,925,401100
20221115,10:11:52,42488.50,25,401100
20221115,10:11:54,42489.15,25,401100
20221115,10:12:10,42498.95,25,401100
20221115,10:12:32,42496.00,50,401100
20221115,10:12:34,42489.00,100,401100
20221115,10:13:04,42498.65,25,401100
20221115,10:13:11,42500.00,200,401100
20221115,10:13:17,42510.50,900,401100
20221115,10:13:21,42498.95,125,401100
20221115,10:13:36,42503.00,25,401100
20221115,10:13:47,42496.55,100,401100
20221115,10:14:00,42496.75,25,401100
20221115,10:14:13,42504.25,25,401100
20221115,10:14:33,42504.25,25,401100
20221115,10:14:50,42503.10,50,401550
20221115,10:14:54,42504.25,50,401550
20221115,10:15:14,42504.30,75,401550
20221115,10:15:16,42497.90,100,401550
20221115,10:15:39,42496.60,125,401550
20221115,10:15:58,42498.65,250,401550
20221115,10:16:11,42501.95,25,401550
20221115,10:16:21,42501.95,25,401550
20221115,10:16:45,42502.95,25,401550
20221115,10:16:49,42503.00,25,401550
20221115,10:17:05,42503.00,25,401550
20221115,10:17:17,42501.40,175,401550
20221115,10:17:18,42501.95,25,401550
20221115,10:17:28,42495.10,50,401550
20221115,10:18:21,42498.90,50,402375
20221115,10:18:27,42498.90,25,402375
20221115,10:18:41,42499.05,25,402375
20221115,10:18:43,42499.05,75,402375
20221115,10:19:07,42501.45,125,402375
20221115,10:19:17,42505.00,50,402375
20221115,10:19:18,42510.00,25,402375
20221115,10:19:20,42510.00,50,402375
20221115,10:19:21,42507.65,25,402375
20221115,10:19:32,42510.00,25,402375
20221115,10:19:35,42513.00,50,402375
20221115,10:19:40,42517.45,150,402375
20221115,10:19:52,42518.85,25,402375
20221115,10:19:54,42526.75,375,402375
20221115,10:19:55,42526.75,100,402375
20221115,10:19:57,42525.70,50,402375
20221115,10:20:00,42525.65,125,402375
20221115,10:20:08,42527.70,25,402375
20221115,10:20:13,42525.65,75,402375
20221115,10:20:33,42525.65,25,402375
20221115,10:20:34,42516.20,275,402375
20221115,10:20:49,42523.95,100,402875
20221115,10:20:54,42525.95,25,402875
20221115,10:20:59,42526.55,25,402875
20221115,10:21:03,42525.00,25,402875
20221115,10:21:05,42525.00,50,402875
20221115,10:21:23,42513.80,25,402875
20221115,10:22:05,42522.00,25,402875
20221115,10:22:08,42522.00,25,402875
20221115,10:22:10,42519.00,50,402875
20221115,10:22:32,42523.00,25,402875
20221115,10:22:45,42525.00,25,402875
20221115,10:22:48,42523.45,50,402875
20221115,10:22:51,42521.05,50,402875
20221115,10:22:55,42523.80,75,402875
20221115,10:22:58,42520.55,25,402875
20221115,10:23:01,42519.35,100,402875
20221115,10:23:11,42525.00,75,402875
20221115,10:23:14,42519.80,25,402875
20221115,10:23:19,42520.00,100,402875
20221115,10:23:33,42520.00,100,402875
20221115,10:23:41,42517.10,25,402875
20221115,10:23:55,42513.80,100,402950
20221115,10:24:00,42511.80,25,402950
20221115,10:24:01,42512.70,25,402950
20221115,10:24:06,42519.95,50,402950
20221115,10:24:15,42514.05,100,402950
20221115,10:24:39,42515.05,25,402950
20221115,10:24:44,42518.00,50,402950
20221115,10:24:51,42520.00,25,402950
20221115,10:24:52,42520.00,50,402950
20221115,10:24:55,42520.00,25,402950
20221115,10:25:04,42516.05,25,402950
20221115,10:25:13,42521.85,25,402950
20221115,10:25:25,42521.85,25,402950
20221115,10:25:41,42515.00,125,402950
20221115,10:26:10,42503.40,25,402950
20221115,10:26:24,42500.15,25,402950
20221115,10:26:36,42500.00,25,402950
20221115,10:26:46,42496.70,200,403275
20221115,10:26:57,42495.00,25,403275
20221115,10:27:03,42495.00,25,403275
20221115,10:27:07,42495.00,25,403275
20221115,10:27:22,42503.90,50,403275
20221115,10:27:30,42495.75,50,403275
20221115,10:27:46,42509.40,25,403275
20221115,10:28:01,42509.40,25,403275
20221115,10:28:06,42509.40,25,403275
20221115,10:28:07,42509.10,25,403275
20221115,10:28:15,42515.00,125,403275
20221115,10:28:37,42514.60,25,403275
20221115,10:28:42,42516.55,50,403275
20221115,10:29:07,42515.00,25,403275
20221115,10:29:22,42511.85,25,403275
20221115,10:29:33,42500.00,50,403275
20221115,10:29:59,42508.95,25,403625
20221115,10:30:26,42501.30,25,403625
20221115,10:30:31,42501.30,25,403625
20221115,10:31:21,42503.20,25,403625
20221115,10:32:00,42505.00,25,403625
20221115,10:32:15,42502.05,25,403625
20221115,10:32:50,42502.00,25,403675
20221115,10:33:12,42502.00,50,403675
20221115,10:33:19,42500.00,25,403675
20221115,10:33:24,42500.00,50,403675
20221115,10:33:27,42500.00,25,403675
20221115,10:33:29,42500.00,25,403675
20221115,10:34:17,42490.25,25,403675
20221115,10:34:39,42502.00,150,403675
20221115,10:35:13,42508.00,25,403675
20221115,10:35:39,42503.85,75,403675
20221115,10:36:07,42503.85,75,403750
20221115,10:36:21,42496.10,25,403750
20221115,10:36:42,42496.85,25,403750
20221115,10:36:45,42500.00,25,403750
20221115,10:36:52,42495.05,25,403750
20221115,10:37:35,42480.05,25,403750
20221115,10:37:44,42481.00,25,403750
20221115,10:37:53,42484.00,25,403750
20221115,10:38:22,42480.00,25,403750
20221115,10:38:30,42480.00,25,403750
20221115,10:39:05,42480.10,25,403900
20221115,10:39:13,42481.95,25,403900
20221115,10:39:14,42480.10,25,403900
20221115,10:39:19,42480.00,50,403900
20221115,10:39:46,42480.00,25,403900
20221115,10:39:59,42474.00,75,403900
20221115,10:40:25,42472.15,150,403900
20221115,10:40:33,42475.00,50,403900
20221115,10:41:00,42471.20,25,403900
20221115,10:41:21,42470.95,25,403900
20221115,10:41:44,42470.80,25,403900
20221115,10:42:25,42475.00,25,403900
20221115,10:42:45,42478.00,25,403900
20221115,10:43:21,42485.95,25,403900
20221115,10:43:22,42478.00,25,403900
20221115,10:43:25,42480.45,25,403900
20221115,10:43:36,42475.05,75,403900
20221115,10:43:39,42475.00,25,403900
20221115,10:43:41,42470.00,125,403900
20221115,10:43:43,42470.00,25,403900
20221115,10:43:44,42468.00,25,403900
20221115,10:43:48,42461.35,75,403900
20221115,10:44:01,42468.00,25,403900
20221115,10:44:18,42471.80,25,403900
20221115,10:44:34,42481.95,25,403900
20221115,10:44:42,42478.35,25,403900
20221115,10:44:51,42479.60,25,404025
20221115,10:45:57,42470.00,25,404025
20221115,10:45:58,42470.00,25,404025
20221115,10:46:03,42470.00,50,404025
20221115,10:46:05,42464.40,500,404025
20221115,10:46:08,42475.80,25,404025
20221115,10:46:58,42475.00,25,404025
20221115,10:47:01,42483.00,75,404025
20221115,10:47:17,42480.00,50,404025
20221115,10:47:22,42481.45,50,404025
20221115,10:47:25,42480.65,25,404025
20221115,10:47:27,42470.00,300,404025
20221115,10:47:50,42473.15,25,404025
20221115,10:47:57,42473.55,50,404675
20221115,10:49:21,42491.95,25,404675
20221115,10:49:49,42493.95,25,404675
20221115,10:50:27,42486.95,125,404675
20221115,10:51:37,42495.00,25,404650
20221115,10:52:42,42496.95,125,404650
20221115,10:52:47,42495.00,50,404650
20221115,10:52:53,42492.95,25,404650
20221115,10:52:55,42491.95,25,404650
20221115,10:53:03,42487.95,25,404650
20221115,10:53:10,42487.00,25,404650
20221115,10:53:47,42482.20,25,404650
20221115,10:54:00,42482.20,25,404800
20221115,10:54:50,42480.70,25,404800
20221115,10:55:04,42487.00,25,404800
20221115,10:55:15,42485.00,25,404800
20221115,10:55:17,42480.35,25,404800
20221115,10:55:28,42482.00,50,404800
20221115,10:55:44,42484.95,25,404800
20221115,10:55:47,42487.95,200,404800
20221115,10:56:05,42489.00,25,404800
20221115,10:56:14,42492.00,50,404800
20221115,10:56:56,42495.00,25,405125
20221115,10:57:15,42495.00,25,405125
20221115,10:57:27,42495.00,75,405125
20221115,10:57:42,42500.00,50,405125
20221115,10:57:49,42500.00,25,405125
20221115,10:57:54,42498.85,25,405125
20221115,10:57:56,42498.85,50,405125
20221115,10:58:11,42497.00,25,405125
20221115,10:58:18,42493.95,25,405125
20221115,10:58:20,42490.00,50,405125
20221115,10:58:30,42489.00,25,405125
20221115,10:59:49,42483.55,25,405125
20221115,10:59:51,42487.00,25,405325
20221115,11:00:18,42483.00,300,405325
20221115,11:00:47,42476.10,25,405325
20221115,11:00:50,42479.95,25,405325
20221115,11:00:56,42476.25,25,405325
20221115,11:01:05,42476.35,25,405325
20221115,11:01:17,42479.00,25,405325
20221115,11:01:24,42476.00,25,405325
20221115,11:01:40,42470.05,25,405325
20221115,11:01:42,42470.10,25,405325
20221115,11:02:26,42483.00,50,405325
20221115,11:02:38,42480.00,25,405325
20221115,11:03:39,42475.05,25,405325
20221115,11:03:55,42475.00,75,405675
20221115,11:04:02,42470.40,25,405675
20221115,11:04:50,42470.40,100,405675
20221115,11:04:51,42470.00,25,405675
20221115,11:06:22,42461.05,25,405800
20221115,11:07:15,42465.00,75,405800
20221115,11:07:53,42471.00,100,405800
20221115,11:08:28,42471.00,25,405800
20221115,11:10:10,42465.00,50,405875
20221115,11:10:19,42461.00,50,405875
20221115,11:10:34,42461.00,25,405875
20221115,11:10:39,42464.00,500,405875
20221115,11:10:50,42461.00,50,405875
20221115,11:11:39,42461.00,75,405875
20221115,11:11:44,42461.00,25,405875
20221115,11:11:52,42464.00,50,405875
20221115,11:11:55,42471.45,100,406050
20221115,11:12:27,42478.35,25,406050
20221115,11:12:35,42484.05,50,406050
20221115,11:13:39,42471.45,50,406050
20221115,11:14:21,42470.00,50,406050
20221115,11:14:27,42467.30,25,406050
20221115,11:15:36,42470.50,25,405850
20221115,11:15:49,42467.30,25,405850
20221115,11:17:16,42461.15,50,405850
20221115,11:18:53,42463.00,100,405850
20221115,11:19:00,42462.15,50,405850
20221115,11:19:07,42464.10,25,405850
20221115,11:19:15,42467.30,25,405850
20221115,11:19:27,42466.25,25,405850
20221115,11:21:47,42483.00,100,405950
20221115,11:21:50,42479.40,100,405950
20221115,11:22:50,42478.15,25,405950
20221115,11:22:51,42478.15,25,405950
20221115,11:23:23,42480.85,50,405950
20221115,11:23:28,42482.00,25,405950
20221115,11:24:20,42480.00,75,406025
20221115,11:24:51,42480.00,250,406025
20221115,11:24:57,42480.00,25,406025
20221115,11:25:12,42482.00,25,406025
20221115,11:25:30,42478.15,25,406025
20221115,11:25:46,42477.00,25,406025
20221115,11:26:05,42477.05,25,406025
20221115,11:26:36,42477.00,25,406025
20221115,11:26:40,42475.95,50,406025
20221115,11:26:48,42474.60,25,406025
20221115,11:27:08,42480.15,200,406025
20221115,11:27:09,42479.85,25,406375
20221115,11:27:31,42475.75,100,406375
20221115,11:27:35,42470.10,50,406375
20221115,11:28:03,42475.00,25,406375
20221115,11:28:06,42475.65,25,406375
20221115,11:29:25,42470.65,25,406375
20221115,11:29:45,42477.35,25,406375
20221115,11:30:11,42470.00,100,406375
20221115,11:30:12,42466.25,25,406475
20221115,11:30:17,42465.00,25,406475
20221115,11:30:25,42463.25,25,406475
20221115,11:30:52,42463.00,25,406475
20221115,11:31:23,42461.00,25,406475
20221115,11:31:35,42460.00,100,406475
20221115,11:31:39,42458.75,125,406475
20221115,11:31:54,42458.75,25,406475
20221115,11:32:04,42460.00,50,406475
20221115,11:32:05,42463.00,25,406475
20221115,11:32:12,42469.95,50,406475
20221115,11:32:16,42469.95,25,406475
20221115,11:32:33,42462.75,25,406475
20221115,11:33:36,42464.95,25,406550
20221115,11:33:41,42470.95,25,406550
20221115,11:34:43,42466.80,25,406550
20221115,11:34:45,42466.80,25,406550
20221115,11:34:59,42475.20,200,406550
20221115,11:35:05,42474.80,25,406550
20221115,11:35:09,42471.00,25,406550
20221115,11:35:50,42476.00,25,406550
20221115,11:36:17,42476.00,50,406575
20221115,11:37:34,42471.05,25,406575
20221115,11:37:39,42471.05,25,406575
20221115,11:37:45,42470.95,50,406575
20221115,11:38:12,42466.25,75,406575
20221115,11:39:43,42470.00,25,406550
20221115,11:39:48,42468.05,25,406550
20221115,11:39:52,42474.00,25,406550
20221115,11:39:59,42474.00,50,406550
20221115,11:40:13,42480.00,125,406550
20221115,11:40:23,42480.00,50,406550
20221115,11:40:31,42476.20,25,406550
20221115,11:40:32,42476.20,25,406550
20221115,11:41:00,42481.25,125,406550
20221115,11:41:31,42482.00,100,406550
20221115,11:41:33,42478.10,75,406550
20221115,11:42:19,42480.00,25,406875
20221115,11:42:25,42480.00,25,406875
20221115,11:42:27,42474.35,25,406875
20221115,11:43:36,42487.25,25,406875
20221115,11:43:53,42487.25,25,406875
20221115,11:43:54,42490.00,50,406875
20221115,11:43:56,42490.00,25,406875
20221115,11:43:59,42490.00,25,406875
20221115,11:44:32,42487.10,25,406875
20221115,11:44:34,42487.05,25,406875
20221115,11:44:53,42487.05,25,406875
20221115,11:45:22,42482.00,25,406875
20221115,11:45:23,42475.80,50,406875
20221115,11:45:25,42475.80,50,406875
20221115,11:45:27,42475.85,25,406875
20221115,11:45:30,42474.15,50,406875
20221115,11:45:33,42472.95,25,406875
20221115,11:45:37,42473.75,25,406875
20221115,11:45:39,42473.60,25,406875
20221115,11:46:05,42473.80,25,406875
20221115,11:46:23,42472.80,25,406875
20221115,11:46:48,42473.00,25,406875
20221115,11:47:40,42467.00,25,406875
20221115,11:47:47,42466.05,25,406875
20221115,11:47:57,42466.00,25,406875
20221115,11:48:05,42463.10,75,406725
20221115,11:48:08,42462.10,25,406725
20221115,11:48:17,42460.10,25,406725
20221115,11:48:24,42460.05,25,406725
20221115,11:48:36,42462.00,25,406725
20221115,11:49:22,42462.00,25,406725
20221115,11:49:24,42463.40,75,406725
20221115,11:50:21,42460.05,50,406725
20221115,11:50:23,42460.00,50,406725
20221115,11:50:26,42460.00,50,406725
20221115,11:50:34,42463.40,25,406725
20221115,11:51:50,42460.00,25,406750
20221115,11:51:52,42455.00,250,406750
20221115,11:52:00,42451.00,25,406750
20221115,11:52:03,42453.15,25,406750
20221115,11:52:27,42463.95,50,406750
20221115,11:52:34,42460.70,25,406750
20221115,11:53:21,42455.00,25,406750
20221115,11:53:51,42455.00,25,406750
20221115,11:54:02,42453.15,25,406750
20221115,11:54:10,42453.00,25,407050
20221115,11:54:55,42465.95,25,407050
20221115,11:55:57,42465.05,25,407050
20221115,11:56:19,42465.00,25,407050
20221115,11:57:08,42469.90,50,407075
20221115,11:57:15,42465.00,250,407075
20221115,11:57:18,42464.00,25,407075
20221115,11:57:34,42463.55,25,407075
20221115,11:57:51,42457.30,50,407075
20221115,11:58:53,42454.00,25,407075
20221115,11:59:02,42458.30,25,407075
20221115,11:59:57,42454.55,100,407075
20221115,11:59:59,42450.95,175,407075
20221115,12:00:04,42450.00,800,406975
20221115,12:00:05,42448.00,100,406975
20221115,12:00:12,42448.00,25,406975
20221115,12:00:16,42446.15,50,406975
20221115,12:00:23,42450.65,25,406975
20221115,12:00:24,42455.70,50,406975
20221115,12:00:26,42454.70,25,406975
20221115,12:00:28,42454.70,50,406975
20221115,12:00:29,42455.00,25,406975
20221115,12:00:32,42459.90,50,406975
20221115,12:00:36,42459.90,25,406975
20221115,12:00:39,42460.40,25,406975
20221115,12:00:41,42460.40,25,406975
20221115,12:00:50,42460.00,25,406975
20221115,12:01:37,42460.00,25,406975
20221115,12:01:38,42469.90,25,406975
20221115,12:01:45,42469.90,25,406975
20221115,12:01:51,42469.90,25,406975
20221115,12:01:56,42469.90,25,406975
20221115,12:02:01,42469.90,25,406975
20221115,12:02:04,42468.60,25,406975
20221115,12:02:07,42468.60,25,406975
20221115,12:02:15,42468.60,25,406975
20221115,12:02:20,42468.60,25,406975
20221115,12:02:58,42464.00,25,406975
20221115,12:03:20,42465.00,25,406725
20221115,12:03:29,42466.00,25,406725
20221115,12:03:39,42466.00,25,406725
20221115,12:03:43,42470.65,100,406725
20221115,12:04:19,42464.95,25,406725
20221115,12:05:05,42460.05,25,406725
20221115,12:06:02,42457.05,125,406725
20221115,12:06:05,42461.90,25,400950
20221115,12:06:30,42460.00,25,400950
20221115,12:07:50,42450.00,300,400950
20221115,12:09:17,42459.10,25,401000
20221115,12:09:20,42461.20,50,401000
20221115,12:09:42,42461.20,25,401000
20221115,12:09:53,42457.55,50,401000
20221115,12:10:56,42458.00,25,401000
20221115,12:11:13,42457.10,25,401000
20221115,12:11:38,42453.00,25,401000
20221115,12:11:55,42449.15,25,401000
20221115,12:12:06,42451.35,75,401050
20221115,12:12:09,42444.00,125,401050
20221115,12:12:29,42444.10,25,401050
20221115,12:13:06,42449.05,50,401050
20221115,12:13:17,42457.30,25,401050
20221115,12:13:45,42451.05,100,401050
20221115,12:14:04,42450.00,25,401050
20221115,12:14:27,42450.05,25,401050
20221115,12:14:40,42450.10,25,401050
20221115,12:14:45,42451.05,25,401050
20221115,12:15:04,42450.05,50,401050
20221115,12:15:28,42450.00,50,401075
20221115,12:15:53,42430.30,375,401075
20221115,12:16:03,42432.90,25,401075
20221115,12:16:11,42437.75,25,401075
20221115,12:16:43,42445.00,75,401075
20221115,12:17:34,42438.95,25,401075
20221115,12:17:59,42444.95,25,401075
20221115,12:18:20,42438.35,25,401175
20221115,12:18:21,42438.70,25,401175
20221115,12:18:49,42438.30,25,401175
20221115,12:19:11,42438.70,25,401175
20221115,12:19:45,42440.00,25,401175
20221115,12:19:54,42436.00,25,401175
20221115,12:20:03,42435.00,50,401175
20221115,12:20:08,42435.00,25,401175
20221115,12:20:11,42436.00,25,401175
20221115,12:20:13,42434.00,50,401175
20221115,12:20:22,42437.70,25,401175
20221115,12:20:32,42432.00,25,401175
20221115,12:20:49,42431.25,25,401175
20221115,12:21:00,42431.15,25,401175
20221115,12:21:11,42431.15,250,401200
20221115,12:21:14,42439.35,100,401200
20221115,12:21:16,42439.35,150,401200
20221115,12:21:25,42433.75,25,401200
20221115,12:21:29,42439.20,25,401200
20221115,12:21:32,42440.00,25,401200
20221115,12:21:41,42444.00,25,401200
20221115,12:22:30,42447.30,25,401200
20221115,12:22:36,42449.95,100,401200
20221115,12:23:07,42456.85,25,401200
20221115,12:23:15,42450.00,25,401200
20221115,12:23:18,42446.55,100,401200
20221115,12:23:31,42455.00,25,401200
20221115,12:23:34,42455.00,25,401200
20221115,12:23:51,42461.95,125,401200
20221115,12:23:54,42461.95,25,401200
20221115,12:24:10,42461.15,25,401450
20221115,12:24:15,42460.00,25,401450
20221115,12:25:08,42462.80,250,401450
20221115,12:25:35,42463.00,50,401450
20221115,12:25:42,42465.00,50,401450
20221115,12:25:48,42475.00,25,401450
20221115,12:25:53,42466.05,25,401450
20221115,12:26:01,42475.00,100,401450
20221115,12:26:11,42480.00,50,401450
20221115,12:26:12,42480.70,25,401450
20221115,12:26:22,42485.85,25,401450
20221115,12:26:30,42484.70,25,401450
20221115,12:26:34,42484.15,25,401450
20221115,12:26:41,42484.45,25,401450
20221115,12:26:45,42485.00,75,401450
20221115,12:26:50,42486.90,25,401450
20221115,12:26:52,42486.90,200,401450
20221115,12:26:54,42486.05,25,401450
20221115,12:26:55,42487.45,150,401450
20221115,12:27:02,42486.05,25,401450
20221115,12:27:05,42485.00,25,401450
20221115,12:27:18,42485.00,25,401450
20221115,12:27:35,42485.00,25,401250
20221115,12:27:51,42480.00,25,401250
20221115,12:27:53,42478.25,50,401250
20221115,12:28:35,42486.00,25,401250
20221115,12:28:57,42488.65,25,401250
20221115,12:29:00,42489.00,25,401250
20221115,12:29:04,42489.00,25,401250
20221115,12:29:10,42492.70,50,401250
20221115,12:29:12,42495.00,25,401250
20221115,12:29:13,42499.10,100,401250
20221115,12:29:17,42500.00,100,401250
20221115,12:29:18,42502.40,25,401250
20221115,12:29:23,42498.15,25,401250
20221115,12:29:28,42497.85,50,401250
20221115,12:29:30,42497.65,25,401250
20221115,12:29:39,42499.35,25,401250
20221115,12:29:41,42499.60,25,401250
20221115,12:29:42,42499.60,25,401250
20221115,12:29:44,42499.60,50,401250
20221115,12:29:53,42499.60,25,401250
20221115,12:30:11,42499.00,50,401150
20221115,12:30:15,42500.00,25,401150
20221115,12:30:22,42507.90,150,401150
20221115,12:30:23,42508.00,25,401150
20221115,12:30:28,42510.00,50,401150
20221115,12:30:30,42511.40,50,401150
20221115,12:30:36,42511.70,25,401150
20221115,12:30:46,42507.00,25,401150
20221115,12:30:47,42507.00,25,401150
20221115,12:30:49,42503.05,25,401150
20221115,12:30:52,42510.00,25,401150
20221115,12:31:03,42505.50,25,401150
20221115,12:31:33,42505.50,25,401150
20221115,12:31:37,42506.00,25,401150
20221115,12:31:45,42510.00,25,401150
20221115,12:31:47,42510.00,25,401150
20221115,12:31:53,42504.60,100,401150
20221115,12:32:10,42505.30,25,401150
20221115,12:32:14,42505.40,50,401150
20221115,12:32:33,42503.65,25,401150
20221115,12:32:50,42504.95,25,401150
20221115,12:33:48,42498.80,25,401450
20221115,12:34:01,42493.60,25,401450
20221115,12:34:18,42493.80,50,401450
20221115,12:34:19,42494.45,25,401450
20221115,12:34:56,42500.00,25,401450
20221115,12:34:59,42497.20,25,401450
20221115,12:35:26,42497.70,25,401450
20221115,12:35:32,42500.00,25,401450
20221115,12:35:50,42500.00,50,401450
20221115,12:36:09,42506.85,75,401450
20221115,12:36:31,42497.80,25,401525
20221115,12:36:34,42500.00,25,401525
20221115,12:36:54,42493.10,25,401525
20221115,12:37:03,42501.10,75,401525
20221115,12:37:12,42494.55,50,401525
20221115,12:37:17,42496.40,25,401525
20221115,12:37:25,42500.00,25,401525
20221115,12:38:08,42506.00,25,401525
20221115,12:38:11,42510.00,450,401525
20221115,12:38:16,42510.00,200,401525
20221115,12:38:18,42510.00,100,401525
20221115,12:38:20,42510.00,50,401525
20221115,12:38:23,42510.00,25,401525
20221115,12:38:25,42511.00,25,401525
20221115,12:38:26,42509.15,75,401525
20221115,12:38:30,42512.40,25,401525
20221115,12:38:31,42512.10,75,401525
20221115,12:38:36,42516.60,25,401525
20221115,12:38:41,42520.00,50,401525
20221115,12:38:43,42520.00,50,401525
20221115,12:38:49,42523.00,350,401525
20221115,12:38:54,42523.95,25,401525
20221115,12:38:56,42523.95,75,401525
20221115,12:38:59,42524.00,50,401525
20221115,12:39:01,42523.00,25,401525
20221115,12:39:02,42525.00,25,401525
20221115,12:39:04,42525.00,50,401525
20221115,12:39:06,42525.00,25,401525
20221115,12:39:07,42524.80,25,401525
20221115,12:39:12,42525.00,75,402075
20221115,12:39:17,42525.00,25,402075
20221115,12:39:19,42525.00,25,402075
20221115,12:39:21,42525.40,25,402075
20221115,12:39:27,42526.65,100,402075
20221115,12:39:29,42526.40,50,402075
20221115,12:39:35,42527.00,175,402075
20221115,12:39:37,42527.00,50,402075
20221115,12:39:45,42527.75,50,402075
20221115,12:39:58,42527.00,125,402075
20221115,12:40:06,42527.00,25,402075
20221115,12:40:08,42526.10,25,402075
20221115,12:40:11,42524.35,25,402075
20221115,12:40:13,42527.00,250,402075
20221115,12:40:22,42522.50,50,402075
20221115,12:40:24,42527.00,25,402075
20221115,12:40:40,42527.00,50,402075
20221115,12:40:49,42521.50,25,402075
20221115,12:40:54,42521.20,50,402075
20221115,12:41:12,42517.05,500,402075
20221115,12:41:13,42517.45,25,402075
20221115,12:41:15,42521.70,25,402075
20221115,12:41:18,42520.00,25,402075
20221115,12:41:32,42520.00,50,402075
20221115,12:41:37,42518.20,25,402075
20221115,12:41:43,42521.65,25,402075
20221115,12:42:03,42522.00,25,402075
20221115,12:42:09,42527.00,50,402075
20221115,12:42:13,42527.00,300,403325
20221115,12:42:16,42529.95,50,403325
20221115,12:42:19,42527.15,25,403325
20221115,12:42:24,42530.00,25,403325
20221115,12:42:33,42529.90,25,403325
20221115,12:42:36,42529.95,25,403325
20221115,12:42:43,42530.00,25,403325
20221115,12:42:44,42537.70,500,403325
20221115,12:42:48,42535.05,50,403325
20221115,12:42:49,42535.10,25,403325
20221115,12:42:57,42534.30,75,403325
20221115,12:43:17,42524.95,25,403325
20221115,12:43:31,42524.50,25,403325
20221115,12:44:00,42522.00,25,403325
20221115,12:44:01,42528.60,125,403325
20221115,12:44:03,42525.45,25,403325
20221115,12:44:12,42526.00,200,403325
20221115,12:44:28,42520.00,50,403325
20221115,12:44:35,42519.15,25,403325
20221115,12:44:52,42516.10,25,403325
20221115,12:45:00,42517.00,25,403325
20221115,12:45:01,42517.00,50,403325
20221115,12:45:15,42516.15,25,403950
20221115,12:45:22,42518.20,25,403950
20221115,12:45:24,42517.45,25,403950
20221115,12:45:25,42518.30,25,403950
20221115,12:45:27,42519.00,50,403950
20221115,12:45:28,42514.75,100,403950
20221115,12:45:32,42517.20,50,403950
20221115,12:45:35,42513.80,25,403950
20221115,12:45:38,42514.00,25,403950
20221115,12:45:39,42516.30,25,403950
20221115,12:46:15,42511.85,25,403950
20221115,12:46:37,42508.70,25,403950
20221115,12:46:39,42508.10,25,403950
20221115,12:46:43,42511.00,25,403950
20221115,12:46:45,42515.25,25,403950
20221115,12:46:56,42511.00,25,403950
20221115,12:47:02,42516.30,50,403950
20221115,12:47:22,42520.00,25,403950
20221115,12:47:33,42519.60,75,403950
20221115,12:47:53,42519.15,50,403950
20221115,12:48:04,42520.00,25,403950
20221115,12:48:09,42525.00,25,403950
20221115,12:48:10,42524.15,50,403950
20221115,12:48:14,42524.10,50,404050
20221115,12:48:19,42527.40,25,404050
20221115,12:48:40,42527.40,50,404050
20221115,12:48:44,42525.10,25,404050
20221115,12:48:54,42520.00,75,404050
20221115,12:49:14,42525.00,50,404050
20221115,12:49:40,42525.00,25,404050
20221115,12:49:55,42520.00,25,404050
20221115,12:50:07,42525.00,25,404050
20221115,12:50:25,42524.80,50,404050
20221115,12:50:38,42523.00,50,404050
20221115,12:50:39,42517.90,25,404050
20221115,12:50:58,42523.00,25,404050
20221115,12:51:08,42523.00,50,404050
20221115,12:51:23,42519.55,25,404450
20221115,12:51:33,42520.00,25,404450
20221115,12:51:35,42519.00,400,404450
20221115,12:51:41,42517.40,25,404450
20221115,12:51:50,42517.05,25,404450
20221115,12:52:01,42520.00,50,404450
20221115,12:53:03,42520.00,75,404450
20221115,12:53:16,42520.00,25,404450
20221115,12:53:29,42521.00,25,404450
20221115,12:53:32,42523.00,25,404450
20221115,12:53:40,42525.00,275,404450
20221115,12:53:41,42527.75,125,404450
20221115,12:53:43,42528.85,50,404450
20221115,12:53:46,42530.00,75,404450
20221115,12:53:49,42540.00,300,404450
20221115,12:54:11,42540.00,25,404450
20221115,12:54:12,42540.05,25,404450
20221115,12:54:14,42540.05,25,404450
20221115,12:54:16,42540.05,25,404650
20221115,12:54:19,42543.00,25,404650
20221115,12:54:20,42544.00,50,404650
20221115,12:54:22,42546.40,75,404650
20221115,12:54:29,42544.10,25,404650
20221115,12:54:34,42544.05,25,404650
20221115,12:54:35,42547.40,25,404650
20221115,12:54:38,42547.70,25,404650
20221115,12:54:49,42547.40,50,404650
20221115,12:54:51,42547.70,25,404650
20221115,12:54:54,42544.20,25,404650
20221115,12:54:57,42548.40,150,404650
20221115,12:54:59,42550.00,75,404650
20221115,12:55:02,42550.00,200,404650
20221115,12:55:07,42550.05,450,404650
20221115,12:55:10,42550.00,25,404650
20221115,12:55:17,42550.00,75,404650
20221115,12:55:19,42550.00,25,404650
20221115,12:55:20,42548.00,25,404650
20221115,12:55:25,42543.00,25,404650
20221115,12:55:33,42540.85,125,404650
20221115,12:55:36,42542.80,25,404650
20221115,12:55:46,42547.70,25,404650
20221115,12:55:51,42548.35,25,404650
20221115,12:55:54,42547.85,75,404650
20221115,12:55:56,42550.00,200,404650
20221115,12:56:03,42547.85,25,404650
20221115,12:56:12,42547.10,25,404650
20221115,12:56:13,42547.80,25,404650
20221115,12:56:27,42547.95,25,404650
20221115,12:56:28,42547.75,25,404650
20221115,12:56:34,42547.35,25,404650
20221115,12:56:37,42550.00,75,404650
20221115,12:56:39,42552.00,25,404650
20221115,12:56:41,42552.70,75,404650
20221115,12:56:42,42552.65,100,404650
20221115,12:56:46,42552.00,50,404650
20221115,12:56:49,42552.00,25,404650
20221115,12:56:52,42562.55,1450,404650
20221115,12:56:54,42561.60,75,404650
20221115,12:56:55,42560.00,50,404650
20221115,12:56:57,42554.55,100,404650
20221115,12:56:59,42562.00,25,404650
20221115,12:57:12,42551.70,50,404650
20221115,12:57:13,42557.50,25,404650
20221115,12:57:15,42556.45,50,404650
20221115,12:57:33,42551.90,25,404650
20221115,12:57:34,42542.15,125,404650
20221115,12:57:39,42541.10,25,404650
20221115,12:57:42,42540.10,25,404650
20221115,12:58:03,42541.10,25,404650
20221115,12:58:06,42541.15,25,404650
20221115,12:58:09,42541.00,25,404650
20221115,12:58:12,42544.00,50,404650
20221115,12:58:17,42544.35,225,404650
20221115,12:58:36,42544.35,25,404650
20221115,12:58:51,42544.35,150,404650
20221115,12:58:53,42543.00,50,404650
20221115,12:59:12,42540.00,25,404650
20221115,12:59:14,42544.00,25,404650
20221115,12:59:18,42534.75,125,404650
20221115,12:59:33,42543.65,25,404650
20221115,12:59:39,42540.25,50,404650
20221115,12:59:56,42540.05,25,404650
20221115,12:59:58,42540.25,25,404650
20221115,13:00:02,42540.30,100,404650
20221115,13:00:04,42545.95,25,404650
20221115,13:00:05,42546.00,25,404650
20221115,13:00:09,42540.25,25,404650
20221115,13:00:16,42547.00,25,405250
20221115,13:00:21,42548.75,25,405250
20221115,13:00:22,42548.75,25,405250
20221115,13:00:24,42547.50,25,405250
20221115,13:00:25,42547.45,50,405250
20221115,13:00:27,42548.00,25,405250
20221115,13:00:32,42548.20,50,405250
20221115,13:00:35,42547.70,25,405250
20221115,13:00:37,42547.30,250,405250
20221115,13:00:38,42543.75,25,405250
20221115,13:00:40,42546.55,25,405250
20221115,13:00:51,42543.00,50,405250
20221115,13:01:24,42540.25,25,405250
20221115,13:01:40,42540.25,25,405250
20221115,13:01:53,42540.25,200,405250
20221115,13:01:56,42540.25,25,405250
20221115,13:02:07,42540.25,25,405250
20221115,13:02:09,42540.25,50,405250
20221115,13:02:10,42536.50,25,405250
20221115,13:02:14,42535.00,25,405250
20221115,13:02:20,42535.00,50,405250
20221115,13:02:22,42536.20,25,405250
20221115,13:02:44,42529.05,25,405250
20221115,13:03:17,42529.05,25,405600
20221115,13:03:28,42524.20,25,405600
20221115,13:03:44,42529.00,25,405600
20221115,13:03:49,42525.30,25,405600
20221115,13:03:54,42524.05,75,405600
20221115,13:04:08,42525.25,125,405600
20221115,13:04:54,42524.00,75,405600
20221115,13:04:58,42521.00,25,405600
20221115,13:05:04,42520.15,25,405600
20221115,13:05:06,42522.40,25,405600
20221115,13:05:11,42520.05,25,405600
20221115,13:05:19,42520.05,25,405600
20221115,13:05:32,42520.00,25,405600
20221115,13:05:34,42520.00,50,405600
20221115,13:05:39,42521.00,150,405600
20221115,13:05:46,42520.00,25,405600
20221115,13:06:11,42513.35,25,405600
20221115,13:06:28,42515.05,25,405825
20221115,13:06:39,42521.95,50,405825
20221115,13:06:42,42521.05,50,405825
20221115,13:06:55,42524.35,25,405825
20221115,13:06:58,42527.40,25,405825
20221115,13:07:23,42533.00,50,405825
20221115,13:07:25,42535.00,25,405825
20221115,13:07:28,42537.40,25,405825
20221115,13:07:55,42537.65,50,405825
20221115,13:07:59,42537.80,50,405825
20221115,13:08:01,42540.00,100,405825
20221115,13:08:12,42537.10,25,405825
20221115,13:09:02,42542.15,225,405825
20221115,13:09:30,42540.80,50,406000
20221115,13:09:55,42542.00,25,406000
20221115,13:09:59,42542.25,25,406000
20221115,13:10:04,42541.65,25,406000
20221115,13:10:10,42542.60,100,406000
20221115,13:10:15,42545.00,100,406000
20221115,13:10:21,42542.30,25,406000
20221115,13:10:22,42546.00,25,406000
20221115,13:10:24,42549.00,25,406000
20221115,13:10:30,42549.00,50,406000
20221115,13:10:32,42549.00,25,406000
20221115,13:10:48,42549.00,50,406000
20221115,13:10:53,42548.65,25,406000
20221115,13:11:11,42538.30,50,406000
20221115,13:11:12,42543.15,50,406000
20221115,13:11:17,42538.00,25,406000
20221115,13:11:28,42548.95,50,406000
20221115,13:11:38,42539.65,50,406000
20221115,13:12:31,42533.50,25,406025
20221115,13:13:09,42536.60,25,406025
20221115,13:13:37,42529.10,25,406025
20221115,13:14:34,42532.30,25,406025
20221115,13:15:18,42532.30,150,406075
20221115,13:15:47,42531.75,25,406075
20221115,13:16:15,42523.10,25,406075
20221115,13:16:29,42522.50,25,406075
20221115,13:16:34,42527.10,25,406075
20221115,13:16:35,42520.00,50,406075
20221115,13:16:40,42522.70,25,406075
20221115,13:16:43,42529.30,25,406075
20221115,13:17:12,42530.00,25,406075
20221115,13:17:23,42532.30,25,406075
20221115,13:17:42,42533.00,50,406075
20221115,13:17:44,42529.10,50,406075
20221115,13:17:52,42533.10,25,406075
20221115,13:18:28,42534.20,25,406000
20221115,13:19:18,42530.40,50,406000
20221115,13:19:19,42530.40,75,406000
20221115,13:19:28,42530.30,25,406000
20221115,13:19:44,42530.00,75,406000
20221115,13:20:00,42530.00,25,406000
20221115,13:20:02,42530.80,125,406000
20221115,13:22:05,42529.00,75,405975
20221115,13:22:24,42531.55,25,405975
20221115,13:22:46,42535.00,25,405975
20221115,13:22:48,42536.40,25,405975
20221115,13:22:56,42540.00,25,405975
20221115,13:22:59,42543.55,200,405975
20221115,13:23:38,42548.75,125,405975
20221115,13:23:47,42547.30,25,405975
20221115,13:23:49,42543.60,25,405975
20221115,13:23:52,42543.60,50,405975
20221115,13:23:56,42543.55,25,405975
20221115,13:24:00,42540.05,200,405975
20221115,13:24:13,42540.15,50,405975
20221115,13:24:15,42542.45,25,405975
20221115,13:25:19,42535.00,375,406500
20221115,13:25:33,42538.85,25,406500
20221115,13:25:42,42531.20,25,406500
20221115,13:25:47,42540.10,25,406500
20221115,13:26:12,42541.40,25,406500
20221115,13:26:51,42537.65,25,406500
20221115,13:26:54,42541.35,50,406500
20221115,13:27:30,42535.85,25,406275
20221115,13:27:51,42531.80,50,406275
20221115,13:28:10,42531.30,25,406275
20221115,13:28:17,42531.80,25,406275
20221115,13:28:31,42530.95,50,406275
20221115,13:29:22,42533.40,50,406275
20221115,13:29:39,42527.75,50,406275
20221115,13:29:54,42529.40,25,406275
20221115,13:30:04,42530.00,125,406275
20221115,13:30:18,42521.15,25,406275
20221115,13:30:26,42522.15,125,406350
20221115,13:30:29,42522.10,25,406350
20221115,13:31:00,42526.80,25,406350
20221115,13:31:13,42524.30,50,406350
20221115,13:31:20,42522.00,25,406350
20221115,13:31:28,42520.00,50,406350
20221115,13:31:51,42519.95,25,406350
20221115,13:32:10,42503.45,225,406350
20221115,13:32:20,42500.15,100,406350
20221115,13:32:28,42502.70,75,406350
20221115,13:33:00,42504.95,25,406350
20221115,13:33:05,42502.95,25,406350
20221115,13:33:07,42502.80,25,406350
20221115,13:33:08,42501.00,50,406350
20221115,13:33:15,42500.00,300,406350
20221115,13:33:16,42495.00,300,406350
20221115,13:33:26,42490.00,150,406825
20221115,13:33:30,42493.65,25,406825
20221115,13:33:31,42490.00,500,406825
20221115,13:33:46,42490.00,500,406825
20221115,13:34:37,42499.95,50,406825
20221115,13:34:49,42499.00,75,406825
20221115,13:34:51,42499.00,25,406825
20221115,13:34:52,42499.00,150,406825
20221115,13:34:54,42499.00,75,406825
20221115,13:34:55,42499.00,175,406825
20221115,13:35:05,42499.05,50,406825
20221115,13:35:06,42499.00,25,406825
20221115,13:35:36,42500.00,175,406825
20221115,13:35:46,42500.00,50,406825
20221115,13:36:15,42493.05,25,406825
20221115,13:36:26,42500.00,25,405650
20221115,13:36:43,42500.00,25,405650
20221115,13:36:44,42493.00,50,405650
20221115,13:36:46,42500.00,25,405650
20221115,13:37:12,42494.00,25,405650
20221115,13:38:19,42494.00,50,405650
20221115,13:38:38,42498.00,25,405650
20221115,13:38:40,42498.00,25,405650
20221115,13:38:46,42502.75,175,405650
20221115,13:39:05,42506.00,50,405650
20221115,13:39:58,42518.00,25,405750
20221115,13:39:59,42518.00,25,405750
20221115,13:40:04,42519.75,25,405750
20221115,13:40:06,42520.00,25,405750
20221115,13:41:31,42521.00,75,405750
20221115,13:41:34,42520.00,25,405750
20221115,13:41:43,42521.00,50,405750
20221115,13:41:48,42520.15,75,405750
20221115,13:41:52,42520.00,25,405750
20221115,13:42:07,42525.00,25,405750
20221115,13:42:10,42525.00,125,405750
20221115,13:42:16,42525.00,25,405750
20221115,13:42:44,42533.40,25,405950
20221115,13:42:45,42534.40,25,405950
20221115,13:43:07,42544.00,200,405950
20221115,13:43:08,42544.70,50,405950
20221115,13:43:10,42545.40,25,405950
20221115,13:43:13,42544.45,25,405950
20221115,13:43:21,42544.45,50,405950
20221115,13:43:28,42539.05,50,405950
20221115,13:43:37,42545.65,75,405950
20221115,13:44:07,42545.75,125,405950
20221115,13:44:09,42545.75,150,405950
20221115,13:44:10,42547.70,100,405950
20221115,13:44:12,42547.15,25,405950
20221115,13:44:19,42549.00,50,405950
20221115,13:44:26,42548.05,50,405950
20221115,13:44:30,42549.00,25,405950
20221115,13:44:39,42549.00,25,405950
20221115,13:44:47,42549.00,25,405950
20221115,13:44:56,42547.95,50,405950
20221115,13:45:06,42547.95,75,405950
20221115,13:45:20,42539.65,25,405950
20221115,13:45:25,42542.00,25,406350
20221115,13:46:07,42542.00,50,406350
20221115,13:46:13,42537.35,25,406350
20221115,13:46:33,42537.70,25,406350
20221115,13:46:49,42540.60,250,406350
20221115,13:47:11,42532.15,25,406350
20221115,13:47:35,42529.50,25,406350
20221115,13:47:41,42530.05,50,406350
20221115,13:48:12,42535.35,50,406350
20221115,13:48:20,42526.15,25,406350
20221115,13:50:03,42530.05,100,406575
20221115,13:50:25,42524.30,25,406575
20221115,13:50:30,42524.50,50,406575
20221115,13:51:01,42524.50,75,406575
20221115,13:51:04,42524.50,25,406575
20221115,13:51:13,42525.00,75,406575
20221115,13:51:31,42525.00,25,406675
20221115,13:51:44,42519.00,75,406675
20221115,13:51:46,42517.75,50,406675
20221115,13:52:13,42509.35,25,406675
20221115,13:52:44,42509.05,125,406675
20221115,13:53:13,42509.35,25,406675
20221115,13:53:39,42509.00,100,406675
20221115,13:53:42,42505.75,125,406675
20221115,13:53:50,42500.00,25,406675
20221115,13:54:03,42500.00,50,406675
20221115,13:54:21,42500.00,225,406675
20221115,13:54:39,42500.00,25,406575
20221115,13:54:46,42507.90,75,406575
20221115,13:54:54,42500.00,50,406575
20221115,13:54:56,42500.00,200,406575
20221115,13:55:16,42508.95,50,406575
20221115,13:55:34,42509.00,25,406575
20221115,13:55:44,42511.95,25,406575
20221115,13:55:49,42512.45,25,406575
20221115,13:56:10,42512.35,25,406575
20221115,13:56:33,42509.45,25,406575
20221115,13:56:59,42508.00,50,406575
20221115,13:57:01,42505.55,25,406575
20221115,13:57:58,42515.00,50,406400
20221115,13:58:49,42510.60,50,406400
20221115,13:58:52,42505.55,25,406400
20221115,13:58:59,42505.00,25,406400
20221115,13:59:30,42502.60,50,406400
20221115,13:59:32,42501.55,25,406400
20221115,13:59:37,42500.00,75,406400
20221115,13:59:40,42500.00,25,406400
20221115,13:59:44,42500.00,175,406400
20221115,13:59:47,42497.55,100,406400
20221115,13:59:58,42489.15,75,406400
20221115,14:00:00,42487.00,50,406400
20221115,14:00:20,42488.05,25,406400
20221115,14:00:22,42488.00,25,406400
20221115,14:00:24,42487.15,25,406400
20221115,14:00:25,42487.15,50,406400
20221115,14:00:27,42490.00,25,406225
20221115,14:00:28,42499.05,50,406225
20221115,14:00:34,42487.15,25,406225
20221115,14:00:37,42488.05,25,406225
20221115,14:00:39,42488.05,25,406225
20221115,14:00:40,42497.35,50,406225
20221115,14:01:03,42493.05,25,406225
20221115,14:01:16,42500.00,25,406225
20221115,14:01:23,42501.25,100,406225
20221115,14:01:36,42508.80,50,406225
20221115,14:02:17,42505.75,50,406225
20221115,14:02:45,42500.65,50,406225
20221115,14:03:09,42492.00,25,406225
20221115,14:03:45,42490.25,100,406350
20221115,14:03:57,42490.00,25,406350
20221115,14:04:05,42496.45,50,406350
20221115,14:04:11,42498.80,25,406350
20221115,14:04:28,42490.10,25,406350
20221115,14:04:31,42497.35,50,406350
20221115,14:04:51,42499.50,25,406350
20221115,14:05:08,42501.50,50,406350
20221115,14:05:11,42504.25,100,406350
20221115,14:05:21,42499.10,100,406350
20221115,14:05:42,42510.45,200,406350
20221115,14:06:31,42506.00,25,406450
20221115,14:06:41,42504.75,25,406450
20221115,14:07:05,42510.45,50,406450
20221115,14:07:30,42511.10,50,406450
20221115,14:07:54,42504.10,25,406450
20221115,14:07:58,42508.05,50,406450
20221115,14:08:14,42509.05,25,406450
20221115,14:08:24,42510.45,25,406450
20221115,14:08:44,42509.80,125,406450
20221115,14:08:51,42504.20,75,406450
20221115,14:08:54,42504.05,25,406450
20221115,14:09:15,42511.80,50,406450
20221115,14:09:18,42511.75,100,406450
20221115,14:09:32,42504.10,100,406525
20221115,14:10:26,42508.95,25,406525
20221115,14:10:51,42511.85,25,406525
20221115,14:11:21,42518.00,25,406525
20221115,14:12:12,42516.25,75,406525
20221115,14:12:21,42510.05,100,406525
20221115,14:12:22,42510.05,50,406525
20221115,14:12:31,42510.00,25,406425
20221115,14:12:59,42505.15,25,406425
20221115,14:13:40,42505.10,25,406425
20221115,14:13:47,42505.00,50,406425
20221115,14:13:49,42505.00,125,406425
20221115,14:13:53,42502.00,125,406425
20221115,14:14:14,42508.95,25,406425
20221115,14:14:32,42500.00,25,406425
20221115,14:15:21,42508.85,25,406425
20221115,14:16:01,42500.00,50,406425
20221115,14:16:18,42498.50,25,406725
20221115,14:16:30,42504.95,75,406725
20221115,14:16:32,42504.95,500,406725
20221115,14:16:35,42498.35,25,406725
20221115,14:16:53,42494.80,25,406725
20221115,14:17:09,42490.30,25,406725
20221115,14:17:20,42490.00,75,406725
20221115,14:17:25,42490.30,50,406725
20221115,14:17:36,42496.95,25,406725
20221115,14:17:39,42490.15,25,406725
20221115,14:17:44,42490.00,25,406725
20221115,14:17:46,42490.00,25,406725
20221115,14:18:00,42488.10,100,406725
20221115,14:18:08,42488.30,25,406725
20221115,14:18:13,42494.95,25,406725
20221115,14:18:45,42493.00,25,406800
20221115,14:18:47,42494.30,25,406800
20221115,14:18:58,42501.95,150,406800
20221115,14:19:04,42499.50,25,406800
20221115,14:19:11,42502.55,25,406800
20221115,14:19:14,42501.35,25,406800
20221115,14:19:17,42503.10,25,406800
20221115,14:19:36,42502.55,25,406800
20221115,14:19:46,42517.00,550,406800
20221115,14:19:48,42520.00,50,406800
20221115,14:19:57,42531.00,150,406800
20221115,14:20:01,42528.05,50,406800
20221115,14:20:02,42531.00,225,406800
20221115,14:20:09,42531.90,50,406800
20221115,14:20:28,42526.05,50,406800
20221115,14:20:48,42529.95,25,406800
20221115,14:21:07,42524.70,25,406800
20221115,14:21:23,42535.00,25,406800
20221115,14:21:28,42535.00,25,406800
20221115,14:21:36,42533.35,50,406800
20221115,14:21:48,42535.00,25,406800
20221115,14:21:50,42544.85,475,406800
20221115,14:22:05,42544.90,100,406800
20221115,14:22:10,42547.80,150,406800
20221115,14:22:11,42550.00,375,406800
20221115,14:22:13,42550.00,50,406800
20221115,14:22:21,42546.95,100,406800
20221115,14:22:25,42538.05,25,406800
20221115,14:22:38,42548.00,25,406800
20221115,14:22:52,42541.10,200,406800
20221115,14:22:57,42540.20,25,406800
20221115,14:23:12,42540.40,50,406800
20221115,14:23:23,42549.00,25,406800
20221115,14:23:25,42550.00,250,406800
20221115,14:23:28,42550.00,25,406800
20221115,14:23:31,42550.00,25,406800
20221115,14:23:33,42553.25,375,406800
20221115,14:23:42,42554.00,300,406800
20221115,14:23:52,42551.00,50,406800
20221115,14:23:55,42550.40,100,406800
20221115,14:23:58,42553.95,250,406800
20221115,14:24:02,42550.00,25,406800
20221115,14:24:07,42554.00,25,406800
20221115,14:24:10,42555.00,50,406800
20221115,14:24:12,42556.00,25,406800
20221115,14:24:13,42567.00,875,406800
20221115,14:24:17,42570.00,150,406800
20221115,14:24:25,42570.00,75,406800
20221115,14:24:28,42565.00,275,406800
20221115,14:24:30,42566.00,25,406800
20221115,14:24:31,42569.80,25,408900
20221115,14:24:33,42570.00,100,408900
20221115,14:24:38,42570.00,900,408900
20221115,14:24:39,42566.55,25,408900
20221115,14:24:41,42563.15,25,408900
20221115,14:24:51,42569.80,25,408900
20221115,14:24:59,42570.00,50,408900
20221115,14:25:02,42570.00,25,408900
20221115,14:25:04,42575.00,50,408900
20221115,14:25:05,42580.00,300,408900
20221115,14:25:07,42580.00,375,408900
20221115,14:25:09,42590.70,375,408900
20221115,14:25:12,42590.70,25,408900
20221115,14:25:14,42592.45,75,408900
20221115,14:25:15,42592.45,25,408900
20221115,14:25:17,42588.50,100,408900
20221115,14:25:19,42595.00,25,408900
20221115,14:25:20,42595.00,75,408900
20221115,14:25:24,42595.00,25,408900
20221115,14:25:30,42593.85,25,408900
20221115,14:25:32,42593.30,75,408900
20221115,14:25:34,42592.95,25,408900
20221115,14:25:35,42595.00,25,408900
20221115,14:25:37,42592.65,25,408900
20221115,14:25:38,42591.10,25,408900
20221115,14:25:42,42590.85,75,408900
20221115,14:25:45,42588.70,125,408900
20221115,14:25:52,42588.75,50,408900
20221115,14:25:57,42590.65,25,408900
20221115,14:26:03,42595.00,25,408900
20221115,14:26:05,42603.55,1700,408900
20221115,14:26:07,42614.40,475,408900
20221115,14:26:08,42605.30,25,408900
20221115,14:26:23,42613.20,100,408900
20221115,14:26:25,42608.10,100,408900
20221115,14:26:30,42609.15,75,408900
20221115,14:26:33,42608.95,50,408900
20221115,14:26:36,42615.90,225,408900
20221115,14:26:40,42616.00,100,408900
20221115,14:26:48,42616.00,25,408900
20221115,14:26:55,42610.20,75,408900
20221115,14:26:56,42610.00,75,408900
20221115,14:26:58,42605.30,25,408900
20221115,14:27:00,42606.80,50,408900
20221115,14:27:03,42605.00,25,408900
20221115,14:27:05,42602.45,75,408900
20221115,14:27:08,42605.00,300,408900
20221115,14:27:10,42606.55,75,408900
20221115,14:27:11,42601.70,25,408900
20221115,14:27:15,42605.00,25,408900
20221115,14:27:16,42605.00,75,408900
20221115,14:27:21,42601.95,25,408900
20221115,14:27:23,42610.20,25,408900
20221115,14:27:25,42608.95,125,408900
20221115,14:27:28,42609.10,25,408900
20221115,14:27:31,42612.75,50,408950
20221115,14:27:33,42609.20,25,408950
20221115,14:27:36,42609.10,50,408950
20221115,14:27:43,42609.00,125,408950
20221115,14:27:51,42607.05,75,408950
20221115,14:27:58,42600.00,225,408950
20221115,14:28:03,42598.55,100,408950
20221115,14:28:06,42596.65,25,408950
20221115,14:28:11,42602.95,50,408950
20221115,14:28:13,42598.55,25,408950
20221115,14:28:14,42596.55,100,408950
20221115,14:28:16,42598.55,25,408950
20221115,14:28:18,42597.30,25,408950
20221115,14:28:19,42597.10,50,408950
20221115,14:28:26,42595.55,25,408950
20221115,14:28:29,42597.10,25,408950
20221115,14:28:36,42600.00,325,408950
20221115,14:28:37,42593.90,125,408950
20221115,14:28:51,42597.10,25,408950
20221115,14:28:54,42599.80,25,408950
20221115,14:28:56,42595.65,25,408950
20221115,14:28:57,42595.10,125,408950
20221115,14:28:59,42596.00,75,408950
20221115,14:29:05,42590.65,50,408950
20221115,14:29:14,42594.05,25,408950
20221115,14:29:18,42594.00,25,408950
20221115,14:29:22,42600.00,25,408950
20221115,14:29:29,42600.00,350,408950
20221115,14:29:32,42600.00,25,408950
20221115,14:29:34,42596.05,25,408950
20221115,14:29:53,42600.00,75,408950
20221115,14:29:55,42599.05,25,408950
20221115,14:30:01,42600.00,75,408950
20221115,14:30:06,42600.40,50,408950
20221115,14:30:09,42602.00,75,408950
20221115,14:30:16,42600.00,100,408950
20221115,14:30:18,42601.10,25,408950
20221115,14:30:19,42599.05,25,408950
20221115,14:30:21,42599.00,50,408950
20221115,14:30:22,42596.85,50,408950
20221115,14:30:24,42594.95,50,408950
20221115,14:30:26,42595.95,75,408950
20221115,14:30:32,42580.00,575,409950
20221115,14:30:34,42580.30,50,409950
20221115,14:30:37,42585.00,100,409950
20221115,14:30:39,42585.00,25,409950
20221115,14:30:45,42585.00,400,409950
20221115,14:31:03,42594.05,25,409950
20221115,14:31:18,42593.00,25,409950
20221115,14:31:20,42597.40,25,409950
20221115,14:31:39,42583.55,150,409950
20221115,14:31:52,42587.00,50,409950
20221115,14:31:53,42587.00,50,409950
20221115,14:31:55,42587.45,25,409950
20221115,14:31:56,42587.45,25,409950
20221115,14:31:58,42586.25,100,409950
20221115,14:32:15,42586.05,25,409950
20221115,14:32:17,42586.00,25,409950
20221115,14:32:23,42587.00,50,409950
20221115,14:32:28,42590.25,25,409950
20221115,14:32:31,42595.00,75,409950
20221115,14:32:32,42592.30,25,409950
20221115,14:32:34,42595.75,25,409950
20221115,14:32:39,42595.05,225,409950
20221115,14:32:42,42594.40,25,409950
20221115,14:32:44,42594.40,25,409950
20221115,14:32:49,42600.00,200,409950
20221115,14:32:51,42596.85,25,409950
20221115,14:32:52,42599.00,50,409950
20221115,14:32:57,42602.00,125,409950
20221115,14:32:59,42602.00,25,409950
20221115,14:33:04,42602.40,25,409950
20221115,14:33:12,42602.00,100,409950
20221115,14:33:17,42600.95,100,409950
20221115,14:33:20,42601.70,50,409950
20221115,14:33:26,42601.30,25,409950
20221115,14:33:35,42600.95,75,409800
20221115,14:33:39,42600.95,50,409800
20221115,14:33:41,42599.95,25,409800
20221115,14:33:46,42601.00,25,409800
20221115,14:33:48,42600.95,25,409800
20221115,14:33:51,42601.00,50,409800
20221115,14:33:54,42598.25,50,409800
20221115,14:33:56,42603.00,250,409800
20221115,14:34:03,42603.00,25,409800
20221115,14:34:04,42607.40,50,409800
20221115,14:34:06,42604.10,25,409800
20221115,14:34:09,42610.00,75,409800
20221115,14:34:14,42610.00,125,409800
20221115,14:34:16,42610.00,25,409800
20221115,14:34:19,42610.00,75,409800
20221115,14:34:21,42612.00,225,409800
20221115,14:34:27,42602.70,50,409800
20221115,14:34:37,42609.95,25,409800
20221115,14:34:54,42604.95,25,409800
20221115,14:34:55,42600.00,50,409800
20221115,14:34:57,42599.00,25,409800
20221115,14:35:00,42594.65,75,409800
20221115,14:35:14,42598.10,25,409800
20221115,14:35:20,42597.00,375,409800
20221115,14:35:22,42602.40,25,409800
20221115,14:35:30,42591.90,25,409800
20221115,14:35:47,42593.50,25,409800
20221115,14:35:50,42593.15,25,409800
20221115,14:35:58,42593.60,75,409800
20221115,14:35:59,42593.50,25,409800
20221115,14:36:01,42597.95,25,409800
20221115,14:36:06,42593.00,25,409800
20221115,14:36:09,42593.00,25,409800
20221115,14:36:13,42593.00,25,409800
20221115,14:36:16,42593.10,25,409800
20221115,14:36:26,42593.00,125,409800
20221115,14:36:27,42593.00,50,409800
20221115,14:36:35,42595.00,25,410350
20221115,14:36:37,42597.75,50,410350
20221115,14:36:47,42587.95,150,410350
20221115,14:36:52,42592.70,25,410350
20221115,14:37:00,42586.05,50,410350
20221115,14:37:05,42585.20,25,410350
20221115,14:37:06,42586.05,25,410350
20221115,14:37:14,42585.70,25,410350
20221115,14:37:16,42583.55,125,410350
20221115,14:37:25,42584.80,25,410350
20221115,14:37:33,42580.00,75,410350
20221115,14:37:53,42586.85,25,410350
20221115,14:38:11,42580.00,50,410350
20221115,14:38:19,42580.05,25,410350
20221115,14:38:39,42580.05,25,410350
20221115,14:38:49,42582.05,50,410350
20221115,14:39:00,42580.50,50,410350
20221115,14:39:05,42580.00,25,410350
20221115,14:39:14,42579.30,25,410350
20221115,14:39:27,42580.95,25,410350
20221115,14:39:37,42581.80,350,410425
20221115,14:39:48,42580.00,25,410425
20221115,14:40:15,42589.85,25,410425
20221115,14:40:16,42588.80,25,410425
20221115,14:40:29,42588.30,25,410425
20221115,14:40:38,42580.05,50,410425
20221115,14:40:48,42588.65,50,410425
20221115,14:40:53,42580.00,25,410425
20221115,14:40:56,42575.00,125,410425
20221115,14:41:00,42575.00,200,410425
20221115,14:41:01,42575.00,650,410425
20221115,14:41:15,42570.05,75,410425
20221115,14:41:18,42574.95,25,410425
20221115,14:41:24,42565.00,50,410425
20221115,14:41:26,42565.00,25,410425
20221115,14:41:38,42566.15,50,410425
20221115,14:41:48,42580.95,25,410425
20221115,14:41:51,42570.15,50,410425
20221115,14:41:54,42581.60,900,410425
20221115,14:42:12,42586.20,25,410425
20221115,14:42:22,42580.45,100,410425
20221115,14:42:27,42587.40,25,410425
20221115,14:42:29,42580.90,25,410425
20221115,14:42:32,42589.95,175,410425
20221115,14:42:47,42587.05,25,411175
20221115,14:43:13,42598.05,100,411175
20221115,14:43:15,42595.25,50,411175
20221115,14:43:17,42595.25,50,411175
20221115,14:43:18,42600.00,75,411175
20221115,14:43:20,42603.00,25,411175
20221115,14:43:40,42604.05,50,411175
20221115,14:43:43,42600.00,150,411175
20221115,14:43:45,42601.05,200,411175
20221115,14:44:09,42598.15,25,411175
20221115,14:44:49,42595.20,100,411175
20221115,14:45:05,42600.00,25,411175
20221115,14:45:17,42603.00,50,411175
20221115,14:45:27,42600.05,75,411175
20221115,14:45:28,42600.05,25,411175
20221115,14:45:30,42600.05,25,411175
20221115,14:45:39,42600.05,25,411625
20221115,14:45:41,42600.05,25,411625
20221115,14:45:43,42600.05,25,411625
20221115,14:45:52,42600.00,25,411625
20221115,14:45:57,42602.95,75,411625
20221115,14:46:05,42594.00,100,411625
20221115,14:46:09,42593.60,50,411625
20221115,14:46:17,42593.05,25,411625
20221115,14:46:20,42600.00,25,411625
20221115,14:46:21,42594.40,25,411625
20221115,14:46:28,42595.00,25,411625
20221115,14:46:31,42595.60,25,411625
20221115,14:46:32,42600.00,50,411625
20221115,14:46:36,42600.00,25,411625
20221115,14:46:40,42597.10,25,411625
20221115,14:46:42,42600.00,25,411625
20221115,14:46:44,42606.60,225,411625
20221115,14:46:49,42601.00,25,411625
20221115,14:46:58,42606.60,50,411625
20221115,14:47:00,42607.00,25,411625
20221115,14:47:05,42607.40,25,411625
20221115,14:47:10,42609.00,100,411625
20221115,14:47:12,42609.00,25,411625
20221115,14:47:17,42607.45,25,411625
20221115,14:47:18,42609.00,125,411625
20221115,14:47:22,42609.00,25,411625
20221115,14:47:25,42602.10,50,411625
20221115,14:47:41,42609.55,25,411625
20221115,14:47:43,42610.00,25,411625
20221115,14:47:46,42610.00,25,411625
20221115,14:47:58,42612.40,75,411625
20221115,14:47:59,42612.70,25,411625
20221115,14:48:03,42614.00,50,411625
20221115,14:48:04,42610.45,75,411625
20221115,14:48:06,42610.45,25,411625
20221115,14:48:09,42616.00,25,411625
20221115,14:48:12,42611.40,125,411625
20221115,14:48:17,42616.70,50,411625
20221115,14:48:21,42616.70,75,411625
20221115,14:48:26,42616.75,75,411625
20221115,14:48:32,42611.40,25,411625
20221115,14:48:39,42621.00,375,412250
20221115,14:48:40,42622.75,50,412250
20221115,14:48:42,42625.00,75,412250
20221115,14:48:47,42625.00,75,412250
20221115,14:48:49,42625.00,150,412250
20221115,14:48:52,42626.40,100,412250
20221115,14:48:57,42629.95,225,412250
20221115,14:49:02,42629.95,25,412250
20221115,14:49:04,42626.40,225,412250
20221115,14:49:10,42627.70,25,412250
20221115,14:49:12,42627.75,550,412250
20221115,14:49:14,42627.35,175,412250
20221115,14:49:24,42620.00,250,412250
20221115,14:49:27,42626.50,25,412250
20221115,14:49:28,42625.90,50,412250
20221115,14:49:30,42620.05,25,412250
20221115,14:49:32,42629.95,50,412250
20221115,14:49:33,42625.00,25,412250
20221115,14:49:37,42623.00,75,412250
20221115,14:49:40,42621.85,100,412250
20221115,14:49:44,42629.85,100,412250
20221115,14:49:46,42625.00,25,412250
20221115,14:49:49,42629.95,25,412250
20221115,14:49:54,42621.95,25,412250
20221115,14:49:55,42627.70,75,412250
20221115,14:50:01,42622.00,50,412250
20221115,14:50:03,42626.70,25,412250
20221115,14:50:05,42627.25,50,412250
20221115,14:50:08,42625.00,25,412250
20221115,14:50:09,42625.35,25,412250
20221115,14:50:11,42623.15,25,412250
20221115,14:50:17,42627.15,25,412250
20221115,14:50:24,42627.15,25,412250
20221115,14:50:25,42630.30,325,412250
20221115,14:50:29,42627.15,25,412250
20221115,14:50:30,42627.15,25,412250
20221115,14:50:32,42632.00,25,412250
20221115,14:50:35,42632.00,50,412250
20221115,14:50:39,42629.70,25,412250
20221115,14:50:40,42629.75,75,412250
20221115,14:50:45,42629.50,25,412250
20221115,14:50:50,42627.20,25,412250
20221115,14:50:52,42628.70,275,412250
20221115,14:50:53,42618.85,450,412250
20221115,14:51:00,42627.75,25,412250
20221115,14:51:03,42618.05,175,412250
20221115,14:51:05,42622.00,25,412250
20221115,14:51:06,42625.95,50,412250
20221115,14:51:16,42630.00,25,412250
20221115,14:51:23,42630.00,25,412250
20221115,14:51:26,42630.00,25,412250
20221115,14:51:31,42631.00,25,412250
20221115,14:51:35,42631.00,50,412250
20221115,14:51:37,42624.95,25,413525
20221115,14:51:42,42630.95,50,413525
20221115,14:51:45,42633.00,100,413525
20221115,14:51:50,42633.00,75,413525
20221115,14:51:55,42630.90,50,413525
20221115,14:51:58,42632.70,150,413525
20221115,14:52:01,42633.00,50,413525
20221115,14:52:10,42632.70,25,413525
20221115,14:52:14,42629.80,50,413525
20221115,14:52:18,42635.00,50,413525
20221115,14:52:23,42635.00,100,413525
20221115,14:52:24,42637.35,75,413525
20221115,14:52:28,42637.35,50,413525
20221115,14:52:29,42630.10,50,413525
20221115,14:52:33,42635.00,50,413525
20221115,14:52:37,42634.55,150,413525
20221115,14:52:39,42633.00,50,413525
20221115,14:52:41,42635.00,200,413525
20221115,14:52:44,42632.00,50,413525
20221115,14:52:53,42630.00,50,413525
20221115,14:52:54,42632.00,25,413525
20221115,14:53:04,42634.75,25,413525
20221115,14:53:17,42634.25,25,413525
20221115,14:53:19,42634.55,25,413525
20221115,14:53:22,42630.05,75,413525
20221115,14:53:26,42622.10,75,413525
20221115,14:53:29,42622.25,200,413525
20221115,14:53:31,42622.20,25,413525
20221115,14:53:32,42629.70,25,413525
20221115,14:53:37,42622.00,25,413525
20221115,14:53:39,42616.40,50,413525
20221115,14:53:47,42616.20,25,413525
20221115,14:53:49,42616.30,50,413525
20221115,14:53:52,42616.60,50,413525
20221115,14:53:53,42615.80,25,413525
20221115,14:53:55,42615.30,25,413525
20221115,14:53:58,42615.30,25,413525
20221115,14:54:02,42621.90,125,413525
20221115,14:54:03,42613.85,350,413525
20221115,14:54:05,42620.20,50,413525
20221115,14:54:10,42619.40,150,413525
20221115,14:54:12,42615.00,75,413525
20221115,14:54:13,42609.00,50,413525
20221115,14:54:15,42603.45,50,413525
20221115,14:54:20,42607.95,25,413525
20221115,14:54:25,42610.00,25,413525
20221115,14:54:30,42608.30,25,413525
20221115,14:54:33,42606.00,25,413525
20221115,14:54:38,42601.95,50,410050
20221115,14:54:43,42609.95,200,410050
20221115,14:54:47,42609.95,25,410050
20221115,14:54:48,42610.00,75,410050
20221115,14:54:53,42605.60,100,410050
20221115,14:54:55,42602.95,250,410050
20221115,14:54:57,42603.70,175,410050
20221115,14:55:02,42608.05,25,410050
20221115,14:55:08,42609.55,125,410050
20221115,14:55:10,42610.00,25,410050
20221115,14:55:24,42617.75,100,410050
20221115,14:55:26,42611.30,75,410050
20221115,14:55:31,42616.35,25,410050
20221115,14:55:37,42614.40,25,410050
20221115,14:55:41,42616.80,25,410050
20221115,14:55:42,42618.40,25,410050
20221115,14:55:44,42617.60,25,410050
20221115,14:55:49,42616.80,25,410050
20221115,14:55:53,42618.75,25,410050
20221115,14:55:57,42610.00,25,410050
20221115,14:55:58,42610.00,25,410050
20221115,14:56:06,42613.75,25,410050
20221115,14:56:10,42615.65,25,410050
20221115,14:56:11,42611.05,25,410050
20221115,14:56:13,42611.00,50,410050
20221115,14:56:16,42612.70,25,410050
20221115,14:56:20,42618.70,75,410050
20221115,14:56:22,42616.00,25,410050
20221115,14:56:33,42618.85,75,410050
20221115,14:56:38,42612.70,175,410050
20221115,14:56:41,42612.70,25,410050
20221115,14:56:46,42611.05,50,410050
20221115,14:56:49,42611.00,50,410050
20221115,14:56:51,42611.00,25,410050
20221115,14:56:54,42611.05,25,410050
20221115,14:56:57,42610.00,50,410050
20221115,14:57:01,42610.00,25,410050
20221115,14:57:06,42610.00,75,410050
20221115,14:57:09,42609.95,25,410050
20221115,14:57:19,42608.35,50,410050
20221115,14:57:32,42605.05,25,410050
20221115,14:57:34,42605.00,50,410050
20221115,14:57:35,42604.25,125,410050
20221115,14:57:37,42600.65,25,410525
20221115,14:57:39,42606.45,275,410525
20221115,14:57:48,42606.00,50,410525
20221115,14:57:52,42606.00,25,410525
20221115,14:57:56,42606.00,25,410525
20221115,14:58:00,42606.00,900,410525
20221115,14:58:10,42606.00,100,410525
20221115,14:58:13,42606.00,25,410525
20221115,14:58:19,42606.00,25,410525
20221115,14:58:27,42606.00,25,410525
20221115,14:58:29,42609.00,25,410525
20221115,14:58:31,42616.40,100,410525
20221115,14:58:32,42616.35,25,410525
20221115,14:58:36,42620.30,100,410525
20221115,14:58:37,42620.55,200,410525
20221115,14:58:41,42625.00,50,410525
20221115,14:58:42,42627.40,25,410525
20221115,14:58:52,42624.00,75,410525
20221115,14:58:59,42626.20,25,410525
20221115,14:59:01,42620.00,25,410525
20221115,14:59:02,42618.90,25,410525
20221115,14:59:09,42608.35,275,410525
20221115,14:59:29,42627.75,75,410525
20221115,14:59:37,42630.00,175,410525
20221115,14:59:43,42629.00,75,410525
20221115,14:59:48,42627.75,50,410525
20221115,14:59:50,42627.70,25,410525
20221115,14:59:52,42630.00,50,410525
20221115,14:59:55,42622.00,100,410525
20221115,14:59:57,42620.25,25,410525
20221115,14:59:58,42633.85,125,410525
20221115,15:00:03,42633.90,25,410525
20221115,15:00:05,42635.00,700,410525
20221115,15:00:10,42635.00,75,410525
20221115,15:00:13,42634.00,25,410525
20221115,15:00:16,42638.95,100,410525
20221115,15:00:18,42638.95,25,410525
20221115,15:00:21,42633.35,25,410525
20221115,15:00:26,42639.00,25,410525
20221115,15:00:28,42639.00,50,410525
20221115,15:00:36,42623.95,50,410525
20221115,15:00:41,42618.75,25,411575
20221115,15:00:44,42619.00,75,411575
20221115,15:00:49,42622.95,125,411575
20221115,15:01:02,42623.10,25,411575
20221115,15:01:16,42633.65,25,411575
20221115,15:01:21,42636.55,50,411575
20221115,15:01:24,42629.25,25,411575
20221115,15:01:29,42630.05,25,411575
20221115,15:01:32,42637.40,25,411575
20221115,15:01:37,42636.05,75,411575
20221115,15:01:42,42642.40,200,411575
20221115,15:01:45,42642.40,25,411575
20221115,15:01:55,42640.00,25,411575
20221115,15:01:58,42635.00,25,411575
20221115,15:02:00,42627.45,25,411575
20221115,15:02:10,42633.00,75,411575
20221115,15:02:11,42640.00,25,411575
20221115,15:02:16,42633.60,25,411575
20221115,15:02:18,42642.35,75,411575
20221115,15:02:31,42640.50,75,411575
20221115,15:02:32,42637.40,50,411575
20221115,15:02:39,42637.40,125,411575
20221115,15:02:41,42639.05,900,411575
20221115,15:02:47,42639.10,25,411575
20221115,15:02:58,42638.35,25,411575
20221115,15:03:00,42630.70,50,411575
20221115,15:03:02,42637.65,25,411575
20221115,15:03:10,42630.70,25,411575
20221115,15:03:20,42630.50,25,411575
20221115,15:03:23,42630.00,50,411575
20221115,15:03:25,42632.65,250,411575
20221115,15:03:31,42632.35,25,411575
20221115,15:03:33,42621.20,75,411575
20221115,15:03:37,42631.80,25,411575
20221115,15:04:02,42627.45,175,412425
20221115,15:04:07,42633.00,25,412425
20221115,15:04:14,42630.20,25,412425
20221115,15:04:20,42632.00,25,412425
20221115,15:04:31,42633.55,50,412425
20221115,15:04:47,42637.20,25,412425
20221115,15:04:54,42633.90,25,412425
20221115,15:05:01,42635.20,50,412425
20221115,15:05:03,42635.15,25,412425
20221115,15:05:11,42640.00,75,412425
20221115,15:05:13,42640.00,25,412425
20221115,15:05:30,42640.00,25,412425
20221115,15:05:31,42640.00,25,412425
20221115,15:05:34,42638.15,25,412425
20221115,15:05:52,42640.00,175,412425
20221115,15:05:53,42642.00,25,412425
20221115,15:05:55,42647.40,150,412425
20221115,15:05:57,42648.00,25,412425
20221115,15:06:02,42648.00,25,412425
20221115,15:06:03,42644.65,75,412425
20221115,15:06:07,42644.65,25,412425
20221115,15:06:16,42638.50,50,412425
20221115,15:06:20,42644.95,25,412425
20221115,15:06:21,42645.25,75,412425
20221115,15:06:39,42647.40,50,412425
20221115,15:06:42,42643.65,25,412800
20221115,15:06:50,42644.05,275,412800
20221115,15:06:54,42643.65,100,412800
20221115,15:06:57,42638.20,75,412800
20221115,15:07:00,42638.45,175,412800
20221115,15:07:09,42632.50,25,412800
20221115,15:07:10,42634.10,200,412800
20221115,15:07:12,42627.95,275,412800
20221115,15:07:20,42628.00,25,412800
20221115,15:07:23,42629.05,100,412800
20221115,15:07:25,42630.45,25,412800
20221115,15:07:27,42639.25,25,412800
20221115,15:07:30,42641.95,50,412800
20221115,15:07:31,42638.50,100,412800
20221115,15:07:35,42642.65,25,412800
20221115,15:07:46,42642.65,25,412800
20221115,15:07:51,42642.65,25,412800
20221115,15:07:53,42645.00,25,412800
20221115,15:07:57,42645.40,25,412800
20221115,15:08:01,42636.35,150,412800
20221115,15:08:06,42640.00,25,412800
20221115,15:08:22,42641.95,25,412800
20221115,15:08:29,42643.45,200,412800
20221115,15:08:30,42640.20,25,412800
20221115,15:08:32,42640.20,50,412800
20221115,15:08:35,42641.95,25,412800
20221115,15:08:43,42641.95,150,412800
20221115,15:08:48,42641.95,50,412800
20221115,15:08:50,42641.95,25,412800
20221115,15:08:55,42643.80,50,412800
20221115,15:08:58,42649.95,125,412800
20221115,15:09:00,42650.00,50,412800
20221115,15:09:05,42650.00,25,412800
20221115,15:09:11,42650.00,25,412800
20221115,15:09:13,42650.00,100,412800
20221115,15:09:14,42650.00,125,412800
20221115,15:09:26,42648.15,25,412800
20221115,15:09:27,42648.15,25,412800
20221115,15:09:30,42647.85,150,412800
20221115,15:09:32,42647.75,325,412800
20221115,15:09:40,42648.15,25,413600
20221115,15:09:45,42650.00,50,413600
20221115,15:09:47,42650.00,100,413600
20221115,15:09:58,42650.00,50,413600
20221115,15:09:59,42650.00,50,413600
20221115,15:10:01,42650.00,50,413600
20221115,15:10:03,42648.70,50,413600
20221115,15:10:06,42648.65,100,413600
20221115,15:10:14,42646.05,100,413600
20221115,15:10:21,42646.05,100,413600
20221115,15:10:26,42646.00,75,413600
20221115,15:10:29,42649.95,25,413600
20221115,15:10:31,42645.05,50,413600
20221115,15:10:43,42645.15,25,413600
20221115,15:10:47,42645.15,25,413600
20221115,15:10:51,42649.90,25,413600
20221115,15:10:55,42645.70,25,413600
20221115,15:11:04,42648.00,25,413600
20221115,15:11:15,42645.70,25,413600
20221115,15:11:27,42648.00,50,413600
20221115,15:11:30,42646.05,25,413600
20221115,15:11:35,42650.00,100,413600
20221115,15:11:41,42650.00,50,413600
20221115,15:11:42,42650.00,75,413600
20221115,15:11:45,42651.00,400,413600
20221115,15:11:47,42652.00,175,413600
20221115,15:11:48,42656.00,150,413600
20221115,15:11:50,42658.00,150,413600
20221115,15:11:52,42658.00,25,413600
20221115,15:12:02,42658.20,50,413600
20221115,15:12:06,42659.00,75,413600
20221115,15:12:09,42659.50,25,413600
20221115,15:12:10,42666.00,175,413600
20221115,15:12:12,42666.00,25,413600
20221115,15:12:16,42666.00,25,413600
20221115,15:12:18,42666.00,25,413600
20221115,15:12:19,42666.00,25,413600
20221115,15:12:21,42666.10,50,413600
20221115,15:12:24,42666.60,50,413600
20221115,15:12:26,42666.60,75,413600
20221115,15:12:27,42667.00,25,413600
20221115,15:12:33,42670.00,75,413600
20221115,15:12:35,42667.05,100,413600
20221115,15:12:37,42671.00,125,413600
20221115,15:12:38,42675.00,50,413600
20221115,15:12:40,42675.00,25,413600
20221115,15:12:42,42677.40,50,413600
20221115,15:12:43,42678.30,750,414675
20221115,15:12:46,42678.30,50,414675
20221115,15:12:51,42682.65,150,414675
20221115,15:12:53,42682.65,25,414675
20221115,15:12:56,42682.85,25,414675
20221115,15:12:58,42684.10,50,414675
20221115,15:13:04,42684.10,75,414675
20221115,15:13:06,42686.00,75,414675
20221115,15:13:08,42686.00,150,414675
20221115,15:13:09,42675.05,175,414675
20221115,15:13:13,42675.05,25,414675
20221115,15:13:16,42680.00,50,414675
20221115,15:13:26,42679.00,50,414675
20221115,15:13:27,42681.90,125,414675
20221115,15:13:32,42675.05,125,414675
20221115,15:13:34,42675.05,50,414675
20221115,15:13:36,42675.05,100,414675
20221115,15:13:42,42676.40,100,414675
20221115,15:13:48,42672.00,25,414675
20221115,15:13:52,42675.05,25,414675
20221115,15:13:53,42674.30,100,414675
20221115,15:13:55,42674.30,50,414675
20221115,15:13:57,42669.95,325,414675
20221115,15:13:58,42670.00,25,414675
20221115,15:14:03,42670.00,100,414675
20221115,15:14:05,42670.00,25,414675
20221115,15:14:19,42669.95,25,414675
20221115,15:14:25,42669.95,25,414675
20221115,15:14:28,42670.00,75,414675
20221115,15:14:35,42670.00,25,414675
20221115,15:14:38,42666.00,75,414675
20221115,15:14:45,42666.00,25,414675
20221115,15:14:49,42666.05,25,414675
20221115,15:14:58,42666.30,25,414675
20221115,15:15:02,42669.00,25,414675
20221115,15:15:04,42666.35,75,414675
20221115,15:15:07,42668.00,25,414675
20221115,15:15:10,42671.40,400,414675
20221115,15:15:17,42666.35,25,414675
20221115,15:15:18,42662.05,275,414675
20221115,15:15:20,42669.90,675,414675
20221115,15:15:30,42671.95,100,414675
20221115,15:15:34,42669.95,100,414675
20221115,15:15:37,42669.95,100,414675
20221115,15:15:39,42669.90,100,414675
20221115,15:15:41,42663.05,25,414675
20221115,15:15:45,42663.05,25,415400
20221115,15:15:47,42663.05,25,415400
20221115,15:15:49,42668.00,75,415400
20221115,15:16:06,42665.25,25,415400
20221115,15:16:13,42670.00,50,415400
20221115,15:16:17,42670.00,50,415400
20221115,15:16:21,42665.25,25,415400
20221115,15:16:27,42665.25,25,415400
20221115,15:16:32,42665.20,75,415400
20221115,15:16:37,42667.00,100,415400
20221115,15:16:40,42670.00,75,415400
20221115,15:16:57,42665.20,25,415400
20221115,15:17:01,42665.20,75,415400
20221115,15:17:07,42666.90,25,415400
20221115,15:17:21,42666.95,25,415400
20221115,15:17:26,42666.90,25,415400
20221115,15:17:30,42670.00,50,415400
20221115,15:17:33,42667.00,75,415400
20221115,15:17:35,42667.00,75,415400
20221115,15:17:37,42666.90,25,415400
20221115,15:17:42,42667.00,75,415400
20221115,15:17:43,42665.00,225,415400
20221115,15:17:45,42667.00,200,415400
20221115,15:17:47,42667.00,175,415400
20221115,15:17:48,42667.00,150,415400
20221115,15:17:50,42667.00,25,415400
20221115,15:17:53,42670.00,275,415400
20221115,15:17:54,42670.00,275,415400
20221115,15:17:56,42670.00,325,415400
20221115,15:17:58,42675.00,25,415400
20221115,15:18:04,42677.15,25,415400
20221115,15:18:06,42680.00,25,415400
20221115,15:18:09,42680.00,75,415400
20221115,15:18:12,42677.20,50,415400
20221115,15:18:15,42680.00,75,415400
20221115,15:18:17,42680.00,25,415400
20221115,15:18:18,42679.45,75,415400
20221115,15:18:20,42682.95,100,415400
20221115,15:18:21,42677.20,25,415400
20221115,15:18:26,42683.00,25,415400
20221115,15:18:28,42683.00,25,415400
20221115,15:18:31,42685.00,100,415400
20221115,15:18:32,42685.00,50,415400
20221115,15:18:36,42687.00,125,415400
20221115,15:18:39,42687.95,25,415400
20221115,15:18:45,42687.95,25,416175
20221115,15:18:47,42688.00,25,416175
20221115,15:18:52,42688.70,200,416175
20221115,15:18:53,42685.00,75,416175
20221115,15:18:55,42685.00,125,416175
20221115,15:18:57,42685.00,25,416175
20221115,15:19:02,42685.05,75,416175
20221115,15:19:03,42684.75,25,416175
20221115,15:19:05,42685.00,50,416175
20221115,15:19:07,42685.05,225,416175
20221115,15:19:10,42689.00,25,416175
20221115,15:19:13,42690.00,25,416175
20221115,15:19:15,42690.00,25,416175
20221115,15:19:18,42690.00,275,416175
20221115,15:19:20,42691.55,25,416175
20221115,15:19:25,42695.00,50,416175
20221115,15:19:26,42695.00,25,416175
20221115,15:19:30,42695.00,25,416175
20221115,15:19:34,42698.40,50,416175
20221115,15:19:38,42692.20,350,416175
20221115,15:19:46,42692.20,75,416175
20221115,15:19:52,42695.00,100,416175
20221115,15:19:56,42698.95,25,416175
20221115,15:20:02,42699.00,50,416175
20221115,15:20:04,42699.00,100,416175
20221115,15:20:07,42694.15,25,416175
20221115,15:20:14,42696.90,75,416175
20221115,15:20:15,42694.10,250,416175
20221115,15:20:17,42696.00,225,416175
20221115,15:20:19,42696.60,125,416175
20221115,15:20:25,42696.60,50,416175
20221115,15:20:30,42696.65,25,416175
20221115,15:20:33,42696.65,75,416175
20221115,15:20:35,42696.65,50,416175
20221115,15:20:37,42697.00,50,416175
20221115,15:20:40,42696.55,25,416175
20221115,15:20:42,42697.00,25,416175
20221115,15:20:45,42696.00,25,416175
20221115,15:20:47,42696.55,225,416175
20221115,15:20:53,42690.10,50,416175
20221115,15:20:58,42691.95,25,416175
20221115,15:21:03,42692.00,25,416175
20221115,15:21:10,42692.00,125,416175
20221115,15:21:11,42691.95,25,416175
20221115,15:21:15,42697.00,50,416175
20221115,15:21:16,42697.00,25,416175
20221115,15:21:18,42691.95,50,416175
20221115,15:21:23,42695.00,25,416175
20221115,15:21:25,42691.95,25,416175
20221115,15:21:28,42691.90,25,416175
20221115,15:21:30,42690.10,50,416175
20221115,15:21:31,42691.95,25,416175
20221115,15:21:33,42691.95,50,416175
20221115,15:21:35,42692.05,75,416175
20221115,15:21:36,42691.95,50,416175
20221115,15:21:38,42691.90,50,416175
20221115,15:21:40,42691.95,25,416175
20221115,15:21:43,42692.00,50,417200
20221115,15:21:44,42692.00,25,417200
20221115,15:21:48,42692.00,25,417200
20221115,15:21:53,42692.00,125,417200
20221115,15:21:58,42692.00,75,417200
20221115,15:22:04,42691.95,25,417200
20221115,15:22:06,42692.00,25,417200
20221115,15:22:07,42692.00,25,417200
20221115,15:22:09,42692.00,25,417200
20221115,15:22:11,42691.95,50,417200
20221115,15:22:12,42692.00,75,417200
20221115,15:22:14,42691.95,50,417200
20221115,15:22:15,42692.00,25,417200
20221115,15:22:17,42692.00,75,417200
20221115,15:22:19,42695.00,25,417200
20221115,15:22:20,42692.00,25,417200
20221115,15:22:24,42692.00,125,417200
20221115,15:22:25,42691.95,75,417200
20221115,15:22:27,42695.00,25,417200
20221115,15:22:29,42690.30,425,417200
20221115,15:22:30,42695.00,50,417200
20221115,15:22:32,42695.00,25,417200
20221115,15:22:35,42698.00,75,417200
20221115,15:22:37,42696.05,50,417200
20221115,15:22:40,42698.10,125,417200
20221115,15:22:45,42699.00,75,417200
20221115,15:22:47,42699.15,50,417200
20221115,15:22:50,42699.15,150,417200
20221115,15:22:52,42699.70,50,417200
20221115,15:22:55,42699.75,175,417200
20221115,15:22:57,42700.00,725,417200
20221115,15:22:59,42700.00,275,417200
20221115,15:23:00,42702.40,175,417200
20221115,15:23:02,42705.05,550,417200
20221115,15:23:03,42700.00,75,417200
20221115,15:23:05,42699.95,50,417200
20221115,15:23:07,42699.75,25,417200
20221115,15:23:13,42700.00,25,417200
20221115,15:23:15,42701.20,25,417200
20221115,15:23:16,42701.15,125,417200
20221115,15:23:18,42702.15,25,417200
20221115,15:23:19,42706.40,50,417200
20221115,15:23:21,42707.00,25,417200
20221115,15:23:23,42707.65,50,417200
20221115,15:23:24,42708.35,50,417200
20221115,15:23:27,42709.00,25,417200
20221115,15:23:29,42710.00,175,417200
20221115,15:23:31,42717.70,275,417200
20221115,15:23:34,42717.70,25,417200
20221115,15:23:36,42712.40,25,417200
20221115,15:23:39,42712.35,50,417200
20221115,15:23:40,42713.40,25,417200
20221115,15:23:42,42717.40,25,417200
20221115,15:23:44,42717.70,75,417200
20221115,15:23:45,42717.95,25,417200
20221115,15:23:50,42719.95,100,417200
20221115,15:23:52,42721.95,275,417200
20221115,15:23:53,42720.70,25,417200
20221115,15:23:55,42717.75,100,417200
20221115,15:23:56,42723.10,25,417200
20221115,15:23:58,42725.00,75,417200
20221115,15:24:00,42725.00,75,417200
20221115,15:24:03,42721.25,25,417200
20221115,15:24:04,42725.00,50,417200
20221115,15:24:06,42725.00,75,417200
20221115,15:24:08,42725.95,100,417200
20221115,15:24:09,42725.95,25,417200
20221115,15:24:12,42725.10,25,417200
20221115,15:24:14,42729.25,250,417200
20221115,15:24:16,42725.05,100,417200
20221115,15:24:17,42730.00,325,417200
20221115,15:24:19,42725.10,50,417200
20221115,15:24:20,42727.70,25,417200
20221115,15:24:22,42729.65,75,417200
20221115,15:24:25,42725.15,50,417200
20221115,15:24:27,42725.15,25,417200
20221115,15:24:32,42727.75,50,417200
20221115,15:24:35,42730.00,225,417200
20221115,15:24:37,42732.00,100,417200
20221115,15:24:38,42732.00,25,417200
20221115,15:24:42,42733.00,25,417200
20221115,15:24:45,42733.00,50,418750
20221115,15:24:48,42730.05,25,418750
20221115,15:24:53,42730.05,50,418750
20221115,15:24:54,42733.00,25,418750
20221115,15:24:56,42730.05,150,418750
20221115,15:24:58,42730.00,300,418750
20221115,15:25:01,42727.05,50,418750
20221115,15:25:03,42727.00,300,418750
20221115,15:25:04,42725.00,125,418750
20221115,15:25:06,42720.45,25,418750
20221115,15:25:07,42720.00,100,418750
20221115,15:25:11,42726.00,100,418750
20221115,15:25:17,42723.70,75,418750
20221115,15:25:20,42722.45,250,418750
20221115,15:25:25,42728.00,50,418750
20221115,15:25:27,42731.45,325,418750
20221115,15:25:28,42725.00,25,418750
20221115,15:25:33,42720.00,150,418750
20221115,15:25:35,42720.00,25,418750
20221115,15:25:36,42718.05,25,418750
20221115,15:25:38,42713.05,125,418750
20221115,15:25:39,42713.05,25,418750
20221115,15:25:41,42715.45,125,418750
20221115,15:25:43,42723.60,100,418750
20221115,15:25:44,42720.80,25,418750
20221115,15:25:46,42721.70,75,418750
20221115,15:25:48,42713.50,25,418750
20221115,15:25:50,42721.10,25,418750
20221115,15:25:51,42713.95,50,418750
20221115,15:25:53,42715.05,125,418750
20221115,15:25:55,42715.05,50,418750
20221115,15:25:56,42715.20,25,418750
20221115,15:25:59,42715.10,25,418750
20221115,15:26:01,42716.95,25,418750
20221115,15:26:06,42715.05,25,418750
20221115,15:26:08,42715.00,100,418750
20221115,15:26:16,42717.00,75,418750
20221115,15:26:19,42717.70,100,418750
20221115,15:26:21,42722.20,275,418750
20221115,15:26:23,42716.95,200,418750
20221115,15:26:24,42717.05,250,418750
20221115,15:26:29,42717.90,25,418750
20221115,15:26:31,42720.00,75,418750
20221115,15:26:33,42717.90,225,418750
20221115,15:26:36,42718.95,50,418750
20221115,15:26:37,42719.00,50,418750
20221115,15:26:39,42719.00,50,418750
20221115,15:26:42,42720.60,150,418750
20221115,15:26:44,42724.90,25,418750
20221115,15:26:47,42724.95,25,418750
20221115,15:26:50,42725.00,50,418750
20221115,15:26:55,42724.95,25,418750
20221115,15:27:01,42725.00,625,418750
20221115,15:27:06,42720.00,325,418750
20221115,15:27:08,42715.10,100,418750
20221115,15:27:11,42724.65,100,418750
20221115,15:27:13,42716.40,75,418750
20221115,15:27:14,42716.40,25,418750
20221115,15:27:17,42724.25,50,418750
20221115,15:27:19,42716.25,25,418750
20221115,15:27:21,42720.00,25,418750
20221115,15:27:22,42718.90,350,418750
20221115,15:27:24,42715.30,50,418750
20221115,15:27:29,42716.95,25,418750
20221115,15:27:33,42716.90,25,418750
20221115,15:27:35,42716.75,100,418750
20221115,15:27:42,42719.50,50,418750
20221115,15:27:43,42724.40,75,418750
20221115,15:27:47,42722.30,25,420550
20221115,15:27:48,42722.50,100,420550
20221115,15:27:50,42722.85,125,420550
20221115,15:27:52,42724.45,100,420550
20221115,15:27:55,42723.90,50,420550
20221115,15:27:57,42724.20,25,420550
20221115,15:27:58,42726.50,75,420550
20221115,15:28:00,42727.80,200,420550
20221115,15:28:03,42724.60,50,420550
20221115,15:28:07,42724.40,75,420550
20221115,15:28:12,42724.40,50,420550
20221115,15:28:13,42732.30,325,420550
20221115,15:28:15,42727.45,25,420550
20221115,15:28:18,42727.40,25,420550
20221115,15:28:20,42725.20,75,420550
20221115,15:28:22,42724.45,50,420550
20221115,15:28:23,42724.40,25,420550
20221115,15:28:27,42727.40,100,420550
20221115,15:28:30,42727.40,25,420550
20221115,15:28:32,42727.50,25,420550
20221115,15:28:33,42733.00,25,420550
