20221115,09:15:00,42305.05,1,2446300
20221115,09:15:00,42340.00,1,2446300
20221115,09:15:00,42336.75,450,2446300
20221115,09:15:01,42295.00,1325,2446300
20221115,09:15:02,42290.05,1075,2446300
20221115,09:15:03,42316.45,1000,2446300
20221115,09:15:05,42300.15,800,2446300
20221115,09:15:06,42309.00,2125,2446300
20221115,09:15:07,42305.10,925,2446300
20221115,09:15:09,42299.95,600,2446300
20221115,09:15:10,42277.10,2125,2446300
20221115,09:15:11,42275.10,1325,2446300
20221115,09:15:13,42295.55,650,2446300
20221115,09:15:14,42305.60,1075,2446300
20221115,09:15:16,42310.00,500,2446300
20221115,09:15:17,42324.30,700,2446300
20221115,09:15:18,42315.70,650,2446300
20221115,09:15:20,42315.10,1500,2446300
20221115,09:15:21,42299.15,1275,2446300
20221115,09:15:23,42308.00,650,2446300
20221115,09:15:24,42304.40,475,2446300
20221115,09:15:26,42306.10,225,2446300
20221115,09:15:27,42309.75,825,2446300
20221115,09:15:28,42312.80,525,2446300
20221115,09:15:30,42316.55,200,2446300
20221115,09:15:31,42325.10,900,2446300
20221115,09:15:33,42324.95,950,2446300
20221115,09:15:34,42331.00,1600,2446300
20221115,09:15:36,42325.00,1150,2446300
20221115,09:15:37,42310.00,1475,2446300
20221115,09:15:39,42306.45,275,2446300
20221115,09:15:40,42300.85,1175,2446300
20221115,09:15:42,42316.00,1025,2446300
20221115,09:15:43,42318.65,625,2446300
20221115,09:15:45,42320.00,375,2446300
20221115,09:15:46,42319.70,800,2446300
20221115,09:15:48,42325.00,350,2446300
20221115,09:15:49,42322.25,1500,2446300
20221115,09:15:51,42321.05,1000,2446300
20221115,09:15:53,42331.00,950,2446300
20221115,09:15:54,42333.00,975,2446300
20221115,09:15:56,42329.20,1200,2446300
20221115,09:15:57,42334.65,1200,2446300
20221115,09:15:59,42345.00,525,2446300
20221115,09:16:00,42356.50,6375,2446300
20221115,09:16:02,42359.00,850,2446300
20221115,09:16:04,42360.00,1200,2446300
20221115,09:16:05,42365.00,825,2446300
20221115,09:16:07,42355.40,525,2446300
20221115,09:16:08,42350.05,1500,2446300
20221115,09:16:10,42352.85,500,2446300
20221115,09:16:12,42350.00,1475,2446300
20221115,09:16:13,42350.00,550,2446300
20221115,09:16:15,42356.40,1400,2446300
20221115,09:16:17,42353.85,450,2446300
20221115,09:16:18,42344.00,200,2446300
20221115,09:16:20,42339.10,475,2446300
20221115,09:16:22,42342.25,1925,2446300
20221115,09:16:23,42335.00,900,2446300
20221115,09:16:25,42334.70,1050,2446300
20221115,09:16:27,42338.05,425,2446300
20221115,09:16:28,42330.70,250,2446300
20221115,09:16:30,42325.10,525,2446300
20221115,09:16:32,42322.15,1625,2446300
20221115,09:16:33,42324.50,525,2446300
20221115,09:16:35,42321.00,300,2446300
20221115,09:16:37,42316.75,375,2446300
20221115,09:16:38,42317.40,650,2446300
20221115,09:16:40,42316.45,400,2446300
20221115,09:16:42,42315.70,1900,2446300
20221115,09:16:43,42308.70,925,2446300
20221115,09:16:45,42308.90,350,2446300
20221115,09:16:47,42308.35,2300,2446300
20221115,09:16:48,42312.30,1100,2446300
20221115,09:16:50,42313.60,225,2446300
20221115,09:16:51,42307.35,675,2446300
20221115,09:16:53,42311.80,775,2446300
20221115,09:16:55,42315.95,1025,2446300
20221115,09:16:56,42315.00,450,2446300
20221115,09:16:58,42314.30,450,2446300
20221115,09:17:00,42316.55,225,2446300
20221115,09:17:01,42320.70,700,2446300
20221115,09:17:03,42320.85,200,2446300
20221115,09:17:05,42321.80,825,2446300
20221115,09:17:06,42320.40,375,2446300
20221115,09:17:08,42320.95,150,2446300
20221115,09:17:09,42320.00,150,2446300
20221115,09:17:11,42325.00,375,2446300
20221115,09:17:13,42322.95,575,2446300
20221115,09:17:14,42320.40,375,2446300
20221115,09:17:16,42321.50,225,2446300
20221115,09:17:17,42322.95,200,2446300
20221115,09:17:19,42328.90,1300,2446300
20221115,09:17:21,42330.35,750,2446300
20221115,09:17:22,42328.00,250,2446300
20221115,09:17:24,42325.00,625,2446300
20221115,09:17:25,42322.90,450,2446300
20221115,09:17:27,42323.70,50,2440550
20221115,09:17:29,42328.00,100,2440550
20221115,09:17:30,42329.95,250,2440550
20221115,09:17:32,42325.15,175,2440550
20221115,09:17:33,42323.70,100,2440550
20221115,09:17:35,42330.10,875,2440550
20221115,09:17:38,42321.65,275,2440550
20221115,09:17:40,42327.55,100,2440550
20221115,09:17:42,42326.75,175,2440550
20221115,09:17:43,42327.55,100,2440550
20221115,09:17:45,42327.35,350,2440550
20221115,09:17:46,42321.00,175,2440550
20221115,09:17:48,42320.00,50,2440550
20221115,09:17:50,42320.15,100,2440550
20221115,09:17:51,42325.65,475,2440550
20221115,09:17:53,42329.25,175,2440550
20221115,09:17:54,42331.00,2200,2440550
20221115,09:17:56,42330.95,550,2440550
20221115,09:17:58,42339.80,1200,2440550
20221115,09:17:59,42339.75,250,2440550
20221115,09:18:01,42338.85,200,2440550
20221115,09:18:02,42338.95,525,2440550
20221115,09:18:04,42350.10,2250,2440550
20221115,09:18:06,42350.00,875,2440550
20221115,09:18:07,42350.90,350,2440550
20221115,09:18:09,42358.00,450,2440550
20221115,09:18:11,42349.65,150,2440550
20221115,09:18:12,42357.90,425,2440550
20221115,09:18:14,42350.95,275,2440550
20221115,09:18:15,42350.60,525,2440550
20221115,09:18:17,42355.00,575,2440550
20221115,09:18:19,42348.25,325,2440550
20221115,09:18:20,42350.95,475,2440550
20221115,09:18:22,42339.75,900,2440550
20221115,09:18:24,42343.20,300,2440550
20221115,09:18:25,42340.00,125,2440550
20221115,09:18:27,42344.90,975,2440550
20221115,09:18:28,42340.00,275,2440550
20221115,09:18:30,42340.45,150,2440550
20221115,09:18:32,42340.00,50,2440550
20221115,09:18:33,42340.00,125,2440550
20221115,09:18:35,42340.00,100,2440550
20221115,09:18:36,42337.30,675,2440550
20221115,09:18:38,42331.25,375,2440550
20221115,09:18:40,42333.35,75,2440550
20221115,09:18:41,42336.30,75,2440550
20221115,09:18:43,42339.75,25,2440550
20221115,09:18:45,42333.35,100,2440550
20221115,09:18:46,42339.75,75,2440550
20221115,09:18:48,42340.00,225,2440550
20221115,09:18:50,42335.00,50,2440550
20221115,09:18:51,42323.35,900,2440550
20221115,09:18:53,42328.05,175,2440550
20221115,09:18:54,42324.80,175,2440550
20221115,09:18:56,42320.60,1500,2440550
20221115,09:18:58,42320.15,475,2440550
20221115,09:18:59,42325.40,125,2440550
20221115,09:19:01,42328.00,250,2440550
20221115,09:19:03,42325.00,225,2440550
20221115,09:19:04,42329.65,100,2440550
20221115,09:19:06,42325.00,1975,2440550
20221115,09:19:09,42320.15,400,2440550
20221115,09:19:11,42321.75,150,2440550
20221115,09:19:12,42322.45,550,2440550
20221115,09:19:14,42321.75,75,2440550
20221115,09:19:16,42323.35,450,2440550
20221115,09:19:17,42322.25,325,2440550
20221115,09:19:19,42322.65,75,2440550
20221115,09:19:21,42324.40,100,2440550
20221115,09:19:22,42327.95,525,2440550
20221115,09:19:24,42330.00,375,2440550
20221115,09:19:26,42325.30,175,2440550
20221115,09:19:27,42332.05,25,2440550
20221115,09:19:29,42323.25,350,2440550
20221115,09:19:30,42325.10,100,2440550
20221115,09:19:32,42327.10,25,2440550
20221115,09:19:34,42330.00,25,2440550
20221115,09:19:35,42324.40,175,2440550
20221115,09:19:37,42324.35,50,2440550
20221115,09:19:39,42322.75,225,2440550
20221115,09:19:40,42324.95,50,2440550
20221115,09:19:42,42325.00,250,2440550
20221115,09:19:44,42328.00,75,2440550
20221115,09:19:45,42322.55,25,2440550
20221115,09:19:47,42325.00,225,2440550
20221115,09:19:49,42321.00,100,2440550
20221115,09:19:50,42320.10,50,2440550
20221115,09:19:52,42322.00,100,2440550
20221115,09:19:54,42326.60,250,2440550
20221115,09:19:55,42325.00,125,2440550
20221115,09:19:57,42328.95,450,2440550
20221115,09:19:59,42330.00,350,2440550
20221115,09:20:00,42324.20,300,2440550
20221115,09:20:02,42330.00,175,2440550
20221115,09:20:04,42325.60,250,2440550
20221115,09:20:05,42312.00,3675,2440550
20221115,09:20:07,42314.35,825,2440550
20221115,09:20:09,42315.05,175,2440550
20221115,09:20:10,42321.30,425,2440550
20221115,09:20:12,42323.65,200,2440550
20221115,09:20:14,42326.75,150,2440550
20221115,09:20:15,42322.30,100,2440550
20221115,09:20:17,42323.70,375,2440550
20221115,09:20:19,42323.90,125,2440550
20221115,09:20:20,42335.00,350,2440550
20221115,09:20:22,42340.00,325,2440550
20221115,09:20:24,42329.35,250,2440550
20221115,09:20:25,42333.00,475,2440550
20221115,09:20:27,42335.50,150,2440550
20221115,09:20:29,42336.30,400,2445925
20221115,09:20:30,42330.30,475,2445925
20221115,09:20:32,42340.00,225,2445925
20221115,09:20:34,42340.00,125,2445925
20221115,09:20:35,42339.80,325,2445925
20221115,09:20:37,42339.00,25,2445925
20221115,09:20:39,42335.45,75,2445925
20221115,09:20:40,42338.75,400,2445925
20221115,09:20:42,42341.85,250,2445925
20221115,09:20:44,42341.00,25,2445925
20221115,09:20:45,42342.45,150,2445925
20221115,09:20:47,42336.45,75,2445925
20221115,09:20:48,42340.95,225,2445925
20221115,09:20:50,42339.25,475,2445925
20221115,09:20:52,42338.95,75,2445925
20221115,09:20:53,42336.60,200,2445925
20221115,09:20:55,42332.00,1225,2445925
20221115,09:20:57,42330.00,100,2445925
20221115,09:20:58,42337.75,50,2445925
20221115,09:21:00,42337.95,175,2445925
20221115,09:21:03,42336.60,125,2445925
20221115,09:21:05,42338.45,75,2445925
20221115,09:21:06,42336.75,225,2445925
20221115,09:21:08,42333.50,200,2445925
20221115,09:21:10,42333.50,100,2445925
20221115,09:21:11,42333.50,175,2445925
20221115,09:21:13,42333.50,100,2445925
20221115,09:21:14,42333.50,25,2445925
20221115,09:21:16,42333.00,50,2445925
20221115,09:21:18,42330.70,125,2445925
20221115,09:21:19,42330.00,175,2445925
20221115,09:21:21,42332.60,600,2445925
20221115,09:21:22,42321.85,50,2445925
20221115,09:21:24,42323.05,200,2445925
20221115,09:21:26,42319.50,150,2445925
20221115,09:21:28,42319.45,275,2445925
20221115,09:21:29,42319.50,350,2445925
20221115,09:21:31,42313.10,150,2445925
20221115,09:21:33,42313.85,125,2445925
20221115,09:21:34,42312.00,450,2445925
20221115,09:21:36,42305.35,625,2445925
20221115,09:21:38,42305.00,275,2445925
20221115,09:21:39,42304.00,300,2445925
20221115,09:21:41,42307.15,325,2445925
20221115,09:21:43,42304.30,100,2445925
20221115,09:21:44,42302.00,975,2445925
20221115,09:21:46,42300.05,100,2445925
20221115,09:21:48,42300.05,1075,2445925
20221115,09:21:49,42308.00,900,2445925
20221115,09:21:51,42303.65,200,2445925
20221115,09:21:52,42307.15,100,2445925
20221115,09:21:54,42309.20,175,2445925
20221115,09:21:56,42312.00,100,2445925
20221115,09:21:57,42312.70,250,2445925
20221115,09:21:59,42314.95,100,2445925
20221115,09:22:01,42309.95,375,2445925
20221115,09:22:02,42301.00,100,2445925
20221115,09:22:04,42303.30,150,2445925
20221115,09:22:06,42306.25,175,2445925
20221115,09:22:07,42305.10,150,2445925
20221115,09:22:09,42304.45,150,2445925
20221115,09:22:10,42306.95,150,2445925
20221115,09:22:12,42302.30,150,2445925
20221115,09:22:14,42305.30,150,2445925
20221115,09:22:15,42306.05,150,2445925
20221115,09:22:17,42308.00,75,2445925
20221115,09:22:18,42308.05,125,2445925
20221115,09:22:20,42301.00,150,2445925
20221115,09:22:22,42301.00,50,2445925
20221115,09:22:23,42300.25,150,2445925
20221115,09:22:25,42300.00,150,2445925
20221115,09:22:27,42298.00,625,2445925
20221115,09:22:28,42300.20,75,2445925
20221115,09:22:30,42302.60,325,2445925
20221115,09:22:32,42308.05,500,2445925
20221115,09:22:33,42302.15,25,2445925
20221115,09:22:35,42301.85,125,2445925
20221115,09:22:36,42309.95,25,2445925
20221115,09:22:38,42301.90,50,2445925
20221115,09:22:40,42301.60,25,2445925
20221115,09:22:41,42300.05,100,2445925
20221115,09:22:43,42300.00,100,2445925
20221115,09:22:44,42306.70,100,2445925
20221115,09:22:46,42301.65,125,2445925
20221115,09:22:48,42308.25,75,2445925
20221115,09:22:49,42302.75,175,2445925
20221115,09:22:51,42306.10,100,2445925
20221115,09:22:52,42309.50,100,2445925
20221115,09:22:54,42309.00,150,2445925
20221115,09:22:56,42306.35,150,2445925
20221115,09:22:57,42307.10,175,2445925
20221115,09:22:59,42307.05,200,2445925
20221115,09:23:01,42306.65,125,2445925
20221115,09:23:02,42308.85,150,2445925
20221115,09:23:04,42308.00,275,2445925
20221115,09:23:05,42309.00,200,2445925
20221115,09:23:07,42303.75,275,2445925
20221115,09:23:09,42303.75,75,2445925
20221115,09:23:12,42301.30,750,2445925
20221115,09:23:14,42304.05,100,2445925
20221115,09:23:15,42304.10,25,2445925
20221115,09:23:17,42307.60,100,2445925
20221115,09:23:18,42310.05,725,2445925
20221115,09:23:20,42308.05,25,2445925
20221115,09:23:22,42309.05,75,2445925
20221115,09:23:23,42316.95,300,2445925
20221115,09:23:25,42311.05,25,2445925
20221115,09:23:26,42314.95,550,2445925
20221115,09:23:28,42316.60,25,2449775
20221115,09:23:30,42314.95,75,2449775
20221115,09:23:31,42314.95,425,2449775
20221115,09:23:33,42313.15,25,2449775
20221115,09:23:35,42306.20,475,2449775
20221115,09:23:36,42315.15,400,2449775
20221115,09:23:39,42308.50,25,2449775
20221115,09:23:41,42307.35,25,2449775
20221115,09:23:43,42308.00,50,2449775
20221115,09:23:44,42312.00,75,2449775
20221115,09:23:46,42312.00,75,2449775
20221115,09:23:48,42305.00,375,2449775
20221115,09:23:49,42302.25,1025,2449775
20221115,09:23:51,42302.60,50,2449775
20221115,09:23:52,42306.95,275,2449775
20221115,09:23:54,42303.05,25,2449775
20221115,09:23:57,42303.10,100,2449775
20221115,09:23:59,42303.40,450,2449775
20221115,09:24:01,42308.60,225,2449775
20221115,09:24:02,42302.55,500,2449775
20221115,09:24:04,42304.35,150,2449775
20221115,09:24:06,42301.80,50,2449775
20221115,09:24:07,42301.80,25,2449775
20221115,09:24:09,42301.70,50,2449775
20221115,09:24:10,42305.00,100,2449775
20221115,09:24:12,42308.25,100,2449775
20221115,09:24:14,42307.00,150,2449775
20221115,09:24:15,42316.00,600,2449775
20221115,09:24:17,42319.00,100,2449775
20221115,09:24:19,42313.50,25,2449775
20221115,09:24:20,42314.20,125,2449775
20221115,09:24:22,42320.20,375,2449775
20221115,09:24:24,42319.40,225,2449775
20221115,09:24:25,42316.75,450,2449775
20221115,09:24:27,42310.00,300,2449775
20221115,09:24:29,42314.25,225,2449775
20221115,09:24:30,42315.50,75,2449775
20221115,09:24:32,42311.75,150,2449775
20221115,09:24:33,42310.00,100,2449775
20221115,09:24:35,42310.00,200,2449775
20221115,09:24:36,42310.00,25,2449775
20221115,09:24:38,42310.00,175,2449775
20221115,09:24:40,42311.30,375,2449775
20221115,09:24:41,42309.50,75,2449775
20221115,09:24:43,42311.90,125,2449775
20221115,09:24:45,42308.40,1950,2449775
20221115,09:24:46,42310.00,50,2449775
20221115,09:24:48,42308.90,50,2449775
20221115,09:24:50,42307.00,75,2449775
20221115,09:24:51,42308.40,25,2449775
20221115,09:24:53,42308.15,25,2449775
20221115,09:24:54,42307.30,25,2449775
20221115,09:24:58,42307.05,25,2449775
20221115,09:24:59,42305.45,25,2449775
20221115,09:25:01,42302.00,150,2449775
20221115,09:25:03,42301.60,175,2449775
20221115,09:25:04,42301.00,150,2449775
20221115,09:25:06,42300.00,75,2449775
20221115,09:25:08,42300.00,225,2449775
20221115,09:25:09,42300.00,375,2449775
20221115,09:25:11,42297.15,50,2449775
20221115,09:25:12,42296.75,475,2449775
20221115,09:25:14,42295.00,175,2449775
20221115,09:25:16,42296.30,50,2449775
20221115,09:25:17,42292.30,200,2449775
20221115,09:25:19,42300.00,925,2449775
20221115,09:25:21,42294.95,100,2449775
20221115,09:25:22,42301.00,450,2449775
20221115,09:25:24,42301.00,100,2449775
20221115,09:25:26,42301.00,450,2449775
20221115,09:25:27,42304.95,50,2449775
20221115,09:25:29,42300.95,100,2449775
20221115,09:25:31,42298.20,225,2449775
20221115,09:25:32,42301.75,50,2449775
20221115,09:25:34,42305.70,950,2449775
20221115,09:25:35,42306.10,75,2449775
20221115,09:25:39,42306.45,25,2449775
20221115,09:25:40,42306.00,25,2449775
20221115,09:25:42,42310.00,75,2449775
20221115,09:25:44,42308.90,50,2449775
20221115,09:25:45,42308.90,25,2449775
20221115,09:25:47,42309.95,25,2449775
20221115,09:25:48,42308.90,100,2449775
20221115,09:25:50,42305.00,175,2449775
20221115,09:25:52,42301.80,50,2449775
20221115,09:25:54,42301.65,150,2449775
20221115,09:25:58,42302.80,125,2449775
20221115,09:26:00,42302.55,150,2449775
20221115,09:26:02,42301.85,275,2449775
20221115,09:26:03,42308.85,50,2449775
20221115,09:26:05,42301.70,725,2449775
20221115,09:26:07,42309.00,25,2449775
20221115,09:26:08,42302.70,50,2449775
20221115,09:26:10,42305.00,25,2449775
20221115,09:26:11,42309.75,75,2449775
20221115,09:26:13,42308.65,25,2449775
20221115,09:26:15,42307.45,100,2449775
20221115,09:26:16,42302.30,25,2449775
20221115,09:26:18,42308.10,25,2449775
20221115,09:26:20,42309.10,100,2449775
20221115,09:26:21,42304.40,175,2449775
20221115,09:26:23,42302.05,125,2449775
20221115,09:26:24,42302.30,200,2449775
20221115,09:26:26,42305.30,50,2449775
20221115,09:26:28,42304.25,50,2450250
20221115,09:26:36,42310.00,1150,2450250
20221115,09:26:39,42309.00,125,2450250
20221115,09:26:40,42304.35,75,2450250
20221115,09:26:42,42312.00,50,2450250
20221115,09:26:44,42312.00,75,2450250
20221115,09:26:45,42310.00,225,2450250
20221115,09:26:47,42309.95,200,2450250
20221115,09:26:49,42310.10,50,2450250
20221115,09:26:50,42304.35,50,2450250
20221115,09:26:53,42303.55,25,2450250
20221115,09:26:55,42304.35,25,2450250
20221115,09:26:58,42304.35,75,2450250
20221115,09:27:00,42302.00,200,2450250
20221115,09:27:02,42301.75,4300,2450250
20221115,09:27:03,42298.65,1850,2450250
20221115,09:27:05,42303.30,375,2450250
20221115,09:27:06,42301.60,200,2450250
20221115,09:27:08,42301.55,50,2450250
20221115,09:27:10,42310.00,175,2450250
20221115,09:27:11,42300.15,525,2450250
20221115,09:27:13,42300.00,25,2450250
20221115,09:27:14,42306.25,25,2450250
20221115,09:27:18,42300.00,25,2450250
20221115,09:27:19,42300.00,25,2450250
20221115,09:27:21,42303.55,775,2450250
20221115,09:27:22,42305.60,700,2450250
20221115,09:27:24,42296.55,25,2450250
20221115,09:27:27,42303.90,175,2450250
20221115,09:27:29,42295.45,175,2450250
20221115,09:27:30,42298.00,125,2450250
20221115,09:27:32,42300.75,250,2450250
20221115,09:27:35,42295.00,50,2450250
20221115,09:27:37,42295.00,25,2450250
20221115,09:27:38,42293.00,225,2450250
20221115,09:27:40,42292.00,100,2450250
20221115,09:27:42,42294.25,25,2450250
20221115,09:27:45,42292.00,175,2450250
20221115,09:27:47,42293.75,25,2450250
20221115,09:27:48,42298.00,75,2450250
20221115,09:27:50,42298.35,50,2450250
20221115,09:27:52,42294.00,25,2450250
20221115,09:27:53,42294.90,175,2450250
20221115,09:27:55,42294.25,100,2450250
20221115,09:27:57,42292.40,175,2450250
20221115,09:27:58,42293.15,25,2450250
20221115,09:28:00,42293.00,75,2450250
20221115,09:28:02,42290.50,2150,2450250
20221115,09:28:04,42281.10,275,2450250
20221115,09:28:05,42280.00,275,2450250
20221115,09:28:07,42284.90,200,2450250
20221115,09:28:09,42279.85,450,2450250
20221115,09:28:10,42276.65,350,2450250
20221115,09:28:12,42276.15,75,2450250
20221115,09:28:14,42282.50,150,2450250
20221115,09:28:15,42276.00,250,2450250
20221115,09:28:17,42271.30,1625,2450250
20221115,09:28:18,42270.55,1450,2450250
20221115,09:28:20,42280.00,475,2450250
20221115,09:28:22,42275.10,175,2450250
20221115,09:28:23,42269.05,1325,2450250
20221115,09:28:25,42282.60,225,2450250
20221115,09:28:27,42279.95,200,2450250
20221115,09:28:28,42279.40,225,2450250
20221115,09:28:30,42282.60,150,2450250
20221115,09:28:32,42283.55,125,2450250
20221115,09:28:33,42271.05,525,2450250
20221115,09:28:35,42277.85,75,2450250
20221115,09:28:36,42272.15,225,2450250
20221115,09:28:38,42271.00,175,2450250
20221115,09:28:40,42271.00,50,2450250
20221115,09:28:41,42275.00,150,2450250
20221115,09:28:43,42271.00,350,2450250
20221115,09:28:44,42273.15,100,2450250
20221115,09:28:46,42273.00,25,2450250
20221115,09:28:47,42275.45,25,2450250
20221115,09:28:49,42275.90,325,2450250
20221115,09:28:51,42280.00,175,2450250
20221115,09:28:52,42273.00,400,2450250
20221115,09:28:54,42273.90,975,2450250
20221115,09:28:56,42275.90,200,2450250
20221115,09:28:57,42273.00,75,2450250
20221115,09:28:59,42266.80,400,2450250
20221115,09:29:01,42265.00,625,2450250
20221115,09:29:02,42261.00,1475,2450250
20221115,09:29:04,42261.00,25,2450250
20221115,09:29:06,42255.00,2075,2450250
20221115,09:29:07,42255.70,625,2450250
20221115,09:29:09,42253.05,800,2450250
20221115,09:29:11,42253.05,350,2450250
20221115,09:29:12,42258.90,125,2450250
20221115,09:29:14,42261.15,850,2450250
20221115,09:29:16,42265.95,50,2450250
20221115,09:29:17,42264.00,100,2450250
20221115,09:29:19,42260.45,250,2450250
20221115,09:29:21,42260.45,250,2450250
20221115,09:29:22,42262.40,225,2450250
20221115,09:29:24,42265.90,100,2450250
20221115,09:29:25,42267.00,75,2450250
20221115,09:29:27,42263.40,150,2450250
20221115,09:29:29,42268.65,550,2451575
20221115,09:29:30,42268.50,225,2451575
20221115,09:29:32,42265.00,75,2451575
20221115,09:29:34,42270.00,250,2451575
20221115,09:29:35,42269.00,350,2451575
20221115,09:29:37,42269.00,50,2451575
20221115,09:29:38,42268.00,725,2451575
20221115,09:29:40,42263.65,200,2451575
20221115,09:29:42,42265.90,100,2451575
20221115,09:29:43,42260.45,200,2451575
20221115,09:29:45,42260.00,550,2451575
20221115,09:29:47,42263.50,225,2451575
20221115,09:29:48,42262.80,50,2451575
20221115,09:29:50,42261.70,25,2451575
20221115,09:29:52,42255.20,50,2451575
20221115,09:29:53,42260.00,275,2451575
20221115,09:29:55,42264.80,200,2451575
20221115,09:29:56,42260.00,125,2451575
20221115,09:29:58,42260.00,150,2451575
20221115,09:30:00,42260.80,850,2451575
20221115,09:30:01,42260.00,300,2451575
20221115,09:30:03,42260.20,500,2451575
20221115,09:30:05,42266.95,575,2451575
20221115,09:30:06,42265.15,400,2451575
20221115,09:30:08,42261.75,1525,2451575
20221115,09:30:10,42269.95,200,2451575
20221115,09:30:11,42261.80,25,2451575
20221115,09:30:13,42267.70,175,2451575
20221115,09:30:14,42274.15,150,2451575
20221115,09:30:18,42266.85,350,2451575
20221115,09:30:19,42270.20,275,2451575
20221115,09:30:21,42265.50,450,2451575
20221115,09:30:23,42267.85,175,2451575
20221115,09:30:24,42269.90,25,2451575
20221115,09:30:26,42261.75,350,2451575
20221115,09:30:28,42261.60,200,2451575
20221115,09:30:29,42256.60,475,2451575
20221115,09:30:31,42251.25,1800,2451575
20221115,09:30:33,42251.30,125,2451575
20221115,09:30:34,42251.10,450,2451575
20221115,09:30:36,42251.10,400,2451575
20221115,09:30:38,42256.55,250,2451575
20221115,09:30:39,42257.25,275,2451575
20221115,09:30:41,42253.30,175,2451575
20221115,09:30:42,42254.20,150,2451575
20221115,09:30:46,42256.50,500,2451575
20221115,09:30:47,42258.00,250,2451575
20221115,09:30:49,42259.80,100,2451575
20221115,09:30:50,42255.05,425,2451575
20221115,09:30:54,42255.05,150,2451575
20221115,09:30:55,42255.65,175,2451575
20221115,09:30:57,42259.25,175,2451575
20221115,09:30:58,42259.95,175,2451575
20221115,09:31:00,42259.45,25,2451575
20221115,09:31:02,42255.00,175,2451575
20221115,09:31:03,42260.00,600,2451575
20221115,09:31:05,42265.00,175,2451575
20221115,09:31:06,42261.45,50,2451575
20221115,09:31:08,42260.00,75,2451575
20221115,09:31:09,42259.00,100,2451575
20221115,09:31:11,42263.50,225,2451575
20221115,09:31:13,42265.00,200,2451575
20221115,09:31:14,42263.65,175,2451575
20221115,09:31:16,42265.30,175,2451575
20221115,09:31:17,42264.95,250,2451575
20221115,09:31:19,42260.00,150,2451575
20221115,09:31:20,42262.75,150,2451575
20221115,09:31:22,42256.60,125,2451575
20221115,09:31:24,42258.95,875,2451575
20221115,09:31:25,42262.75,125,2451575
20221115,09:31:27,42264.90,25,2451575
20221115,09:31:28,42262.85,25,2451575
20221115,09:31:30,42263.45,25,2451575
20221115,09:31:31,42263.45,25,2451575
20221115,09:31:33,42264.00,25,2451575
20221115,09:31:34,42268.00,100,2451575
20221115,09:31:36,42267.50,75,2451575
20221115,09:31:37,42266.45,225,2451575
20221115,09:31:41,42269.50,75,2451575
20221115,09:31:42,42265.20,100,2451575
20221115,09:31:44,42266.00,600,2451575
20221115,09:31:45,42270.00,75,2451575
20221115,09:31:47,42268.90,275,2451575
20221115,09:31:50,42270.00,75,2451575
20221115,09:31:51,42266.95,25,2451575
20221115,09:31:53,42270.00,50,2451575
20221115,09:31:55,42268.90,25,2451575
20221115,09:31:56,42271.70,25,2451575
20221115,09:31:58,42266.45,350,2451575
20221115,09:31:59,42273.90,100,2451575
20221115,09:32:01,42266.45,250,2451575
20221115,09:32:02,42268.30,50,2451575
20221115,09:32:04,42270.40,100,2451575
20221115,09:32:06,42271.40,2025,2451575
20221115,09:32:07,42279.95,75,2451575
20221115,09:32:09,42279.90,225,2451575
20221115,09:32:10,42276.25,50,2451575
20221115,09:32:12,42280.00,400,2451575
20221115,09:32:14,42274.60,775,2451575
20221115,09:32:15,42278.35,50,2451575
20221115,09:32:17,42276.30,75,2451575
20221115,09:32:20,42278.05,25,2451575
20221115,09:32:23,42280.00,125,2451575
20221115,09:32:25,42280.00,50,2451575
20221115,09:32:26,42275.40,75,2451575
20221115,09:32:28,42279.95,25,2451575
20221115,09:32:30,42280.00,100,2452275
20221115,09:32:31,42277.00,100,2452275
20221115,09:32:33,42289.00,800,2452275
20221115,09:32:34,42290.15,1025,2452275
20221115,09:32:36,42291.55,100,2452275
20221115,09:32:38,42294.60,750,2452275
20221115,09:32:39,42294.00,175,2452275
20221115,09:32:41,42294.00,225,2452275
20221115,09:32:42,42292.65,450,2452275
20221115,09:32:44,42301.65,1950,2452275
20221115,09:32:46,42303.80,675,2452275
20221115,09:32:47,42303.60,500,2452275
20221115,09:32:49,42302.50,125,2452275
20221115,09:32:51,42302.30,325,2452275
20221115,09:32:52,42299.75,200,2452275
20221115,09:32:54,42300.00,100,2452275
20221115,09:32:56,42300.55,125,2452275
20221115,09:32:57,42299.75,200,2452275
20221115,09:32:59,42300.50,125,2452275
20221115,09:33:01,42302.65,400,2452275
20221115,09:33:02,42303.75,75,2452275
20221115,09:33:04,42307.00,850,2452275
20221115,09:33:06,42301.25,225,2452275
20221115,09:33:07,42303.80,175,2452275
20221115,09:33:09,42302.70,25,2452275
20221115,09:33:11,42303.80,75,2452275
20221115,09:33:12,42304.90,125,2452275
20221115,09:33:14,42309.05,75,2452275
20221115,09:33:16,42309.20,25,2452275
20221115,09:33:17,42307.95,2175,2452275
20221115,09:33:19,42304.40,75,2452275
20221115,09:33:21,42309.70,1250,2452275
20221115,09:33:22,42306.00,650,2452275
20221115,09:33:24,42300.10,200,2452275
20221115,09:33:26,42296.30,200,2452275
20221115,09:33:27,42293.25,325,2452275
20221115,09:33:29,42295.30,50,2452275
20221115,09:33:31,42292.50,50,2452275
20221115,09:33:32,42292.05,225,2452275
20221115,09:33:34,42298.55,50,2452275
20221115,09:33:35,42293.95,575,2452275
20221115,09:33:37,42298.95,600,2452275
20221115,09:33:38,42294.05,125,2452275
20221115,09:33:40,42292.05,50,2452275
20221115,09:33:42,42292.75,150,2452275
20221115,09:33:43,42290.00,200,2452275
20221115,09:33:45,42290.00,525,2452275
20221115,09:33:47,42290.00,50,2452275
20221115,09:33:48,42289.80,400,2452275
20221115,09:33:51,42287.05,50,2452275
20221115,09:33:53,42298.90,475,2452275
20221115,09:33:55,42294.25,125,2452275
20221115,09:33:56,42298.15,25,2452275
20221115,09:33:58,42299.00,50,2452275
20221115,09:33:59,42296.35,50,2452275
20221115,09:34:01,42290.45,225,2452275
20221115,09:34:03,42294.40,250,2452275
20221115,09:34:04,42291.75,100,2452275
20221115,09:34:06,42282.20,275,2452275
20221115,09:34:07,42286.00,175,2452275
20221115,09:34:11,42280.05,975,2452275
20221115,09:34:12,42280.60,750,2452275
20221115,09:34:14,42287.45,25,2452275
20221115,09:34:15,42281.25,150,2452275
20221115,09:34:19,42283.35,925,2452275
20221115,09:34:24,42289.05,150,2452275
20221115,09:34:27,42285.95,75,2452275
20221115,09:34:30,42298.90,225,2452275
20221115,09:34:32,42295.15,25,2452275
20221115,09:34:33,42292.35,25,2452275
20221115,09:34:35,42291.00,100,2452275
20221115,09:34:40,42286.00,75,2452275
20221115,09:34:42,42291.20,275,2452275
20221115,09:34:43,42291.10,25,2452275
20221115,09:34:45,42286.45,25,2452275
20221115,09:34:47,42285.40,50,2452275
20221115,09:34:48,42282.80,125,2452275
20221115,09:34:50,42285.05,100,2452275
20221115,09:34:52,42290.35,450,2452275
20221115,09:34:55,42286.10,75,2452275
20221115,09:34:58,42285.80,50,2452275
20221115,09:35:01,42289.95,75,2452275
20221115,09:35:03,42291.20,175,2452275
20221115,09:35:05,42290.40,150,2452275
20221115,09:35:06,42289.95,100,2452275
20221115,09:35:08,42290.65,25,2452275
20221115,09:35:10,42295.15,25,2452275
20221115,09:35:11,42295.15,200,2452275
20221115,09:35:13,42295.15,75,2452275
20221115,09:35:16,42296.05,125,2452275
20221115,09:35:18,42295.00,150,2452275
20221115,09:35:20,42299.00,225,2452275
20221115,09:35:21,42299.65,50,2452275
20221115,09:35:23,42296.35,25,2452275
20221115,09:35:25,42300.00,250,2452275
20221115,09:35:26,42299.70,75,2452275
20221115,09:35:28,42299.00,575,2452275
20221115,09:35:30,42290.00,175,2452275
20221115,09:35:31,42290.00,325,2448900
20221115,09:35:33,42291.30,125,2448900
20221115,09:35:35,42292.75,75,2448900
20221115,09:35:36,42291.95,300,2448900
20221115,09:35:38,42289.95,300,2448900
20221115,09:35:39,42291.25,50,2448900
20221115,09:35:41,42293.15,25,2448900
20221115,09:35:43,42289.90,200,2448900
20221115,09:35:44,42289.60,300,2448900
20221115,09:35:48,42290.05,25,2448900
20221115,09:35:49,42299.00,125,2448900
20221115,09:35:51,42297.10,25,2448900
20221115,09:35:53,42294.55,25,2448900
20221115,09:35:54,42291.50,50,2448900
20221115,09:35:56,42291.35,100,2448900
20221115,09:35:58,42289.25,25,2448900
20221115,09:35:59,42296.30,75,2448900
20221115,09:36:01,42292.90,225,2448900
20221115,09:36:03,42290.25,75,2448900
20221115,09:36:04,42292.60,25,2448900
20221115,09:36:06,42291.50,100,2448900
20221115,09:36:08,42299.45,500,2448900
20221115,09:36:09,42294.10,50,2448900
20221115,09:36:11,42294.85,125,2448900
20221115,09:36:13,42293.10,125,2448900
20221115,09:36:14,42294.25,125,2448900
20221115,09:36:16,42294.70,175,2448900
20221115,09:36:18,42295.15,175,2448900
20221115,09:36:19,42290.00,275,2448900
20221115,09:36:23,42292.05,150,2448900
20221115,09:36:26,42293.55,25,2448900
20221115,09:36:28,42295.00,100,2448900
20221115,09:36:29,42299.00,50,2448900
20221115,09:36:31,42297.80,100,2448900
20221115,09:36:34,42291.80,100,2448900
20221115,09:36:36,42291.80,225,2448900
20221115,09:36:37,42295.10,75,2448900
20221115,09:36:39,42292.65,100,2448900
20221115,09:36:41,42299.00,50,2448900
20221115,09:36:42,42294.00,25,2448900
20221115,09:36:44,42299.90,75,2448900
20221115,09:36:46,42290.00,1275,2448900
20221115,09:36:47,42290.05,175,2448900
20221115,09:36:49,42290.60,25,2448900
20221115,09:36:51,42289.80,50,2448900
20221115,09:36:54,42295.50,50,2448900
20221115,09:36:55,42296.00,25,2448900
20221115,09:36:57,42290.05,50,2448900
20221115,09:37:02,42296.00,25,2448900
20221115,09:37:04,42290.85,75,2448900
20221115,09:37:07,42294.70,25,2448900
20221115,09:37:08,42290.95,2125,2448900
20221115,09:37:10,42293.85,25,2448900
20221115,09:37:13,42296.20,400,2448900
20221115,09:37:15,42294.90,50,2448900
20221115,09:37:16,42295.00,150,2448900
20221115,09:37:18,42296.95,50,2448900
20221115,09:37:20,42296.80,150,2448900
20221115,09:37:21,42290.05,1275,2448900
20221115,09:37:23,42290.05,100,2448900
20221115,09:37:24,42292.70,75,2448900
20221115,09:37:28,42290.05,25,2448900
20221115,09:37:29,42290.05,325,2448900
20221115,09:37:31,42291.95,225,2448900
20221115,09:37:33,42293.45,50,2448900
20221115,09:37:34,42293.65,225,2448900
20221115,09:37:36,42291.65,300,2448900
20221115,09:37:39,42290.00,25,2448900
20221115,09:37:41,42290.00,25,2448900
20221115,09:37:42,42285.05,675,2448900
20221115,09:37:44,42290.00,125,2448900
20221115,09:37:46,42289.10,100,2448900
20221115,09:37:47,42285.00,250,2448900
20221115,09:37:49,42286.65,75,2448900
20221115,09:37:51,42285.00,325,2448900
20221115,09:37:52,42282.00,200,2448900
20221115,09:37:54,42286.80,50,2448900
20221115,09:37:56,42285.00,75,2448900
20221115,09:37:57,42280.00,750,2448900
20221115,09:37:59,42280.50,25,2448900
20221115,09:38:01,42280.00,250,2448900
20221115,09:38:04,42277.00,175,2448900
20221115,09:38:06,42280.50,150,2448900
20221115,09:38:07,42282.05,100,2448900
20221115,09:38:09,42285.00,175,2448900
20221115,09:38:14,42279.35,25,2448900
20221115,09:38:16,42280.00,25,2448900
20221115,09:38:17,42277.25,75,2448900
20221115,09:38:19,42280.00,100,2448900
20221115,09:38:21,42280.00,100,2448900
20221115,09:38:22,42279.95,750,2448900
20221115,09:38:24,42282.75,275,2448900
20221115,09:38:26,42285.00,200,2448900
20221115,09:38:27,42285.00,25,2448900
20221115,09:38:29,42277.60,300,2448900
20221115,09:38:34,42283.90,50,2456525
20221115,09:38:36,42281.00,50,2456525
20221115,09:38:37,42277.90,75,2456525
20221115,09:38:39,42282.75,25,2456525
20221115,09:38:41,42280.00,75,2456525
20221115,09:38:42,42277.05,125,2456525
20221115,09:38:44,42280.00,100,2456525
20221115,09:38:46,42285.20,200,2456525
20221115,09:38:47,42290.90,150,2456525
20221115,09:38:49,42288.95,200,2456525
20221115,09:38:51,42288.90,25,2456525
20221115,09:38:54,42290.00,575,2456525
20221115,09:38:56,42295.10,150,2456525
20221115,09:38:59,42289.80,250,2456525
20221115,09:39:01,42287.00,525,2456525
20221115,09:39:02,42282.75,125,2456525
20221115,09:39:04,42282.00,475,2456525
20221115,09:39:06,42287.90,200,2456525
20221115,09:39:07,42290.00,200,2456525
20221115,09:39:09,42293.50,25,2456525
20221115,09:39:11,42290.00,50,2456525
20221115,09:39:12,42295.05,150,2456525
20221115,09:39:14,42290.00,275,2456525
20221115,09:39:16,42290.00,125,2456525
20221115,09:39:17,42290.00,75,2456525
20221115,09:39:19,42290.00,150,2456525
20221115,09:39:21,42290.00,75,2456525
20221115,09:39:22,42290.75,125,2456525
20221115,09:39:24,42283.55,2325,2456525
20221115,09:39:26,42281.05,75,2456525
20221115,09:39:27,42286.20,25,2456525
20221115,09:39:29,42286.50,50,2456525
20221115,09:39:31,42283.80,150,2456525
20221115,09:39:32,42283.60,25,2456525
20221115,09:39:34,42290.75,100,2456525
20221115,09:39:35,42288.20,575,2456525
20221115,09:39:37,42283.95,25,2456525
20221115,09:39:39,42281.55,100,2456525
20221115,09:39:40,42281.30,25,2456525
20221115,09:39:42,42281.00,75,2456525
20221115,09:39:43,42288.05,225,2456525
20221115,09:39:45,42290.00,25,2456525
20221115,09:39:47,42289.10,25,2456525
20221115,09:39:48,42284.15,25,2456525
20221115,09:39:50,42288.05,200,2456525
20221115,09:39:51,42281.55,75,2456525
20221115,09:39:53,42288.60,125,2456525
20221115,09:39:56,42289.85,100,2456525
20221115,09:39:58,42291.00,975,2456525
20221115,09:40:00,42291.90,200,2456525
20221115,09:40:01,42289.10,100,2456525
20221115,09:40:03,42291.60,25,2456525
20221115,09:40:04,42284.15,50,2456525
20221115,09:40:06,42286.20,25,2456525
20221115,09:40:08,42282.50,50,2456525
20221115,09:40:11,42283.35,50,2456525
20221115,09:40:13,42287.20,25,2456525
20221115,09:40:14,42285.00,25,2456525
20221115,09:40:16,42285.00,100,2456525
20221115,09:40:17,42287.20,50,2456525
20221115,09:40:19,42282.45,25,2456525
20221115,09:40:21,42289.00,75,2456525
20221115,09:40:22,42291.60,425,2456525
20221115,09:40:24,42291.60,100,2456525
20221115,09:40:25,42290.00,25,2456525
20221115,09:40:27,42291.00,25,2456525
20221115,09:40:29,42288.05,150,2456525
20221115,09:40:32,42294.00,100,2456525
20221115,09:40:34,42292.05,25,2456525
20221115,09:40:35,42292.45,25,2456525
20221115,09:40:37,42297.40,100,2456525
20221115,09:40:38,42291.65,75,2456525
20221115,09:40:45,42295.00,25,2456525
20221115,09:40:47,42298.00,50,2456525
20221115,09:40:48,42298.00,50,2456525
20221115,09:40:50,42296.05,200,2456525
20221115,09:40:51,42295.15,25,2456525
20221115,09:40:53,42292.95,50,2456525
20221115,09:40:55,42299.85,300,2456525
20221115,09:40:56,42298.60,75,2456525
20221115,09:41:00,42298.05,25,2456525
20221115,09:41:01,42300.00,125,2456525
20221115,09:41:03,42298.05,150,2456525
20221115,09:41:04,42302.00,1425,2456525
20221115,09:41:06,42304.00,150,2456525
20221115,09:41:08,42307.30,475,2456525
20221115,09:41:09,42307.15,250,2456525
20221115,09:41:11,42308.45,100,2456525
20221115,09:41:13,42298.00,300,2456525
20221115,09:41:14,42307.95,125,2456525
20221115,09:41:16,42306.05,75,2456525
20221115,09:41:18,42305.60,25,2456525
20221115,09:41:19,42307.65,150,2456525
20221115,09:41:21,42303.50,25,2456525
20221115,09:41:23,42302.15,50,2456525
20221115,09:41:24,42308.55,100,2456525
20221115,09:41:26,42309.00,150,2456525
20221115,09:41:27,42307.50,125,2456525
20221115,09:41:29,42308.60,25,2456525
20221115,09:41:31,42309.00,100,2456525
20221115,09:41:32,42309.95,75,2459600
20221115,09:41:34,42306.30,100,2459600
20221115,09:41:36,42306.30,150,2459600
20221115,09:41:37,42301.35,50,2459600
20221115,09:41:39,42308.70,200,2459600
20221115,09:41:42,42307.50,50,2459600
20221115,09:41:44,42306.00,50,2459600
20221115,09:41:45,42309.95,200,2459600
20221115,09:41:47,42309.95,25,2459600
20221115,09:41:49,42309.80,100,2459600
20221115,09:41:52,42303.55,250,2459600
20221115,09:41:53,42305.10,50,2459600
20221115,09:41:55,42306.00,350,2459600
20221115,09:42:00,42310.00,350,2459600
20221115,09:42:01,42307.25,175,2459600
20221115,09:42:03,42309.95,50,2459600
20221115,09:42:05,42316.00,1425,2459600
20221115,09:42:06,42320.00,1300,2459600
20221115,09:42:08,42320.00,1250,2459600
20221115,09:42:09,42317.00,300,2459600
20221115,09:42:11,42319.75,325,2459600
20221115,09:42:14,42320.00,225,2459600
20221115,09:42:16,42317.00,100,2459600
20221115,09:42:17,42317.00,125,2459600
20221115,09:42:19,42325.75,2975,2459600
20221115,09:42:21,42327.00,25,2459600
20221115,09:42:22,42327.00,150,2459600
20221115,09:42:24,42328.40,575,2459600
20221115,09:42:25,42328.95,100,2459600
20221115,09:42:27,42329.00,125,2459600
20221115,09:42:29,42329.00,700,2459600
20221115,09:42:30,42328.60,300,2459600
20221115,09:42:32,42326.00,75,2459600
20221115,09:42:34,42327.75,275,2459600
20221115,09:42:35,42317.10,750,2459600
20221115,09:42:37,42317.65,525,2459600
20221115,09:42:38,42326.00,25,2459600
20221115,09:42:40,42317.10,25,2459600
20221115,09:42:42,42323.40,50,2459600
20221115,09:42:43,42321.45,100,2459600
20221115,09:42:45,42321.15,525,2459600
20221115,09:42:46,42318.15,100,2459600
20221115,09:42:48,42320.00,575,2459600
20221115,09:42:50,42319.90,100,2459600
20221115,09:42:51,42319.15,200,2459600
20221115,09:42:53,42319.30,850,2459600
20221115,09:42:55,42318.95,125,2459600
20221115,09:42:56,42315.90,150,2459600
20221115,09:42:58,42316.55,50,2459600
20221115,09:43:00,42314.00,150,2459600
20221115,09:43:01,42317.80,200,2459600
20221115,09:43:03,42313.80,175,2459600
20221115,09:43:04,42312.50,125,2459600
20221115,09:43:06,42309.80,1250,2459600
20221115,09:43:08,42317.95,50,2459600
20221115,09:43:09,42315.00,25,2459600
20221115,09:43:12,42318.25,100,2459600
20221115,09:43:16,42313.35,125,2459600
20221115,09:43:17,42318.90,25,2459600
20221115,09:43:20,42312.00,25,2459600
20221115,09:43:22,42317.80,75,2459600
20221115,09:43:23,42316.60,100,2459600
20221115,09:43:25,42316.90,175,2459600
20221115,09:43:27,42315.00,200,2459600
20221115,09:43:28,42310.00,25,2459600
20221115,09:43:31,42310.00,100,2459600
20221115,09:43:33,42310.00,275,2459600
20221115,09:43:35,42305.35,725,2459600
20221115,09:43:36,42301.95,125,2459600
20221115,09:43:38,42300.10,175,2459600
20221115,09:43:40,42302.30,25,2459600
20221115,09:43:41,42300.45,50,2459600
20221115,09:43:43,42307.60,50,2459600
20221115,09:43:44,42301.30,25,2459600
20221115,09:43:46,42301.00,25,2459600
20221115,09:43:48,42307.30,725,2459600
20221115,09:43:49,42300.65,100,2459600
20221115,09:43:51,42305.40,75,2459600
20221115,09:43:52,42300.45,50,2459600
20221115,09:43:54,42306.95,250,2459600
20221115,09:43:56,42309.20,50,2459600
20221115,09:43:57,42311.80,75,2459600
20221115,09:43:59,42307.55,25,2459600
20221115,09:44:01,42310.00,75,2459600
20221115,09:44:02,42305.85,75,2459600
20221115,09:44:04,42307.50,75,2459600
20221115,09:44:05,42312.70,250,2459600
20221115,09:44:09,42310.00,100,2459600
20221115,09:44:10,42305.70,25,2459600
20221115,09:44:11,42310.00,50,2459600
20221115,09:44:13,42310.00,25,2459600
20221115,09:44:15,42302.00,50,2459600
20221115,09:44:18,42308.00,325,2459600
20221115,09:44:19,42305.00,25,2459600
20221115,09:44:21,42305.40,50,2459600
20221115,09:44:23,42305.00,125,2459600
20221115,09:44:24,42305.05,225,2459600
20221115,09:44:26,42302.00,100,2459600
20221115,09:44:29,42301.00,825,2459600
20221115,09:44:30,42305.00,25,2459600
20221115,09:44:32,42301.00,100,2468200
20221115,09:44:34,42301.00,75,2468200
20221115,09:44:35,42300.65,75,2468200
20221115,09:44:37,42303.35,50,2468200
20221115,09:44:41,42302.00,25,2468200
20221115,09:44:43,42302.90,50,2468200
20221115,09:44:46,42304.10,75,2468200
20221115,09:44:49,42307.50,75,2468200
20221115,09:44:51,42302.90,75,2468200
20221115,09:44:53,42301.55,50,2468200
20221115,09:44:54,42306.65,100,2468200
20221115,09:44:56,42300.95,125,2468200
20221115,09:45:00,42300.25,100,2468200
20221115,09:45:04,42301.25,125,2468200
20221115,09:45:05,42301.80,50,2468200
20221115,09:45:07,42300.85,25,2468200
20221115,09:45:10,42305.95,100,2468200
20221115,09:45:11,42301.80,175,2468200
20221115,09:45:13,42307.55,25,2468200
20221115,09:45:14,42307.85,150,2468200
20221115,09:45:16,42307.45,100,2468200
20221115,09:45:21,42300.85,150,2468200
20221115,09:45:22,42300.85,25,2468200
20221115,09:45:24,42305.00,150,2468200
20221115,09:45:25,42305.00,50,2468200
20221115,09:45:29,42306.80,75,2468200
20221115,09:45:30,42302.40,75,2468200
20221115,09:45:32,42305.00,25,2468200
20221115,09:45:33,42303.15,50,2468200
20221115,09:45:35,42303.50,50,2468200
20221115,09:45:36,42302.55,50,2468200
20221115,09:45:38,42301.80,75,2468200
20221115,09:45:39,42300.10,150,2468200
20221115,09:45:41,42300.00,175,2468200
20221115,09:45:43,42301.50,50,2468200
20221115,09:45:44,42300.00,200,2468200
20221115,09:45:48,42300.00,50,2468200
20221115,09:45:50,42306.00,50,2468200
20221115,09:45:51,42306.00,100,2468200
20221115,09:45:53,42306.10,50,2468200
20221115,09:45:54,42300.00,50,2468200
20221115,09:45:56,42300.00,50,2468200
20221115,09:45:58,42300.00,200,2468200
20221115,09:45:59,42303.95,25,2468200
20221115,09:46:03,42304.00,25,2468200
20221115,09:46:04,42304.00,100,2468200
20221115,09:46:06,42299.35,225,2468200
20221115,09:46:09,42304.00,100,2468200
20221115,09:46:11,42298.30,125,2468200
20221115,09:46:13,42299.55,25,2468200
20221115,09:46:14,42291.30,1100,2468200
20221115,09:46:16,42290.50,25,2468200
20221115,09:46:18,42292.70,50,2468200
20221115,09:46:19,42290.00,200,2468200
20221115,09:46:21,42290.00,125,2468200
20221115,09:46:22,42288.00,250,2468200
20221115,09:46:24,42287.05,450,2468200
20221115,09:46:26,42292.00,75,2468200
20221115,09:46:27,42297.95,100,2468200
20221115,09:46:29,42291.00,50,2468200
20221115,09:46:31,42297.00,25,2468200
20221115,09:46:32,42299.60,125,2468200
20221115,09:46:34,42292.50,75,2468200
20221115,09:46:35,42296.00,25,2468200
20221115,09:46:37,42291.50,25,2468200
20221115,09:46:39,42291.00,25,2468200
20221115,09:46:40,42298.35,50,2468200
20221115,09:46:42,42290.00,225,2468200
20221115,09:46:44,42290.00,50,2468200
20221115,09:46:45,42290.00,25,2468200
20221115,09:46:48,42288.20,50,2468200
20221115,09:46:52,42288.55,25,2468200
20221115,09:46:53,42287.75,100,2468200
20221115,09:46:55,42288.05,100,2468200
20221115,09:46:56,42282.00,425,2468200
20221115,09:46:58,42282.00,100,2468200
20221115,09:47:00,42282.00,50,2468200
20221115,09:47:03,42282.00,25,2468200
20221115,09:47:04,42285.05,50,2468200
20221115,09:47:06,42280.00,100,2468200
20221115,09:47:09,42282.00,25,2468200
20221115,09:47:11,42282.95,175,2468200
20221115,09:47:12,42281.55,275,2468200
20221115,09:47:14,42280.00,25,2468200
20221115,09:47:16,42280.00,50,2468200
20221115,09:47:17,42278.60,400,2468200
20221115,09:47:19,42284.00,300,2468200
20221115,09:47:20,42280.10,100,2468200
20221115,09:47:22,42280.10,100,2468200
20221115,09:47:24,42282.00,100,2468200
20221115,09:47:25,42276.20,150,2468200
20221115,09:47:27,42278.45,25,2468200
20221115,09:47:28,42281.00,725,2468200
20221115,09:47:30,42283.35,250,2468200
20221115,09:47:32,42282.00,425,2467700
20221115,09:47:33,42275.25,25,2467700
20221115,09:47:36,42275.55,50,2467700
20221115,09:47:38,42275.60,25,2467700
20221115,09:47:41,42274.60,725,2467700
20221115,09:47:43,42272.95,225,2467700
20221115,09:47:45,42270.10,150,2467700
20221115,09:47:46,42270.00,300,2467700
20221115,09:47:48,42270.00,100,2467700
20221115,09:47:50,42275.00,225,2467700
20221115,09:47:51,42271.00,25,2467700
20221115,09:47:53,42274.30,25,2467700
20221115,09:47:54,42270.75,50,2467700
20221115,09:47:56,42270.35,200,2467700
20221115,09:47:58,42273.60,600,2467700
20221115,09:47:59,42270.00,25,2467700
20221115,09:48:01,42270.00,175,2467700
20221115,09:48:03,42270.00,75,2467700
20221115,09:48:04,42270.00,100,2467700
20221115,09:48:06,42270.00,1675,2467700
20221115,09:48:07,42271.05,100,2467700
20221115,09:48:09,42269.20,450,2467700
20221115,09:48:11,42273.35,25,2467700
20221115,09:48:12,42273.35,75,2467700
20221115,09:48:14,42278.95,25,2467700
20221115,09:48:15,42278.95,50,2467700
20221115,09:48:17,42278.00,625,2467700
20221115,09:48:20,42279.80,50,2467700
20221115,09:48:22,42273.80,75,2467700
20221115,09:48:25,42273.80,75,2467700
20221115,09:48:26,42278.00,25,2467700
20221115,09:48:28,42271.90,50,2467700
20221115,09:48:34,42270.50,50,2467700
20221115,09:48:36,42270.45,175,2467700
20221115,09:48:37,42273.15,25,2467700
20221115,09:48:39,42273.30,25,2467700
20221115,09:48:41,42278.95,200,2467700
20221115,09:48:42,42274.70,125,2467700
20221115,09:48:44,42283.15,2250,2467700
20221115,09:48:46,42273.65,125,2467700
20221115,09:48:49,42273.00,25,2467700
20221115,09:48:50,42275.00,25,2467700
20221115,09:48:54,42273.65,25,2467700
20221115,09:48:55,42273.00,100,2467700
20221115,09:48:59,42271.00,25,2467700
20221115,09:49:00,42270.45,125,2467700
20221115,09:49:02,42274.15,150,2467700
20221115,09:49:04,42270.00,75,2467700
20221115,09:49:05,42270.00,50,2467700
20221115,09:49:08,42270.00,375,2467700
20221115,09:49:12,42270.00,125,2467700
20221115,09:49:13,42270.00,25,2467700
20221115,09:49:15,42271.75,150,2467700
20221115,09:49:16,42270.00,200,2467700
20221115,09:49:18,42265.00,150,2467700
20221115,09:49:21,42264.35,225,2467700
20221115,09:49:23,42265.00,250,2467700
20221115,09:49:25,42260.00,1025,2467700
20221115,09:49:26,42260.00,600,2467700
20221115,09:49:28,42251.05,2850,2467700
20221115,09:49:30,42255.00,75,2467700
20221115,09:49:31,42255.00,225,2467700
20221115,09:49:33,42255.35,225,2467700
20221115,09:49:35,42264.95,50,2467700
20221115,09:49:36,42265.70,25,2467700
20221115,09:49:38,42265.00,175,2467700
20221115,09:49:39,42268.40,25,2467700
20221115,09:49:41,42264.00,50,2467700
20221115,09:49:43,42260.00,25,2467700
20221115,09:49:44,42260.00,50,2467700
20221115,09:49:46,42263.55,50,2467700
20221115,09:49:47,42263.60,150,2467700
20221115,09:49:49,42263.70,50,2467700
20221115,09:49:51,42251.65,350,2467700
20221115,09:49:52,42255.35,50,2467700
20221115,09:49:54,42253.40,75,2467700
20221115,09:49:56,42260.40,100,2467700
20221115,09:49:57,42254.25,200,2467700
20221115,09:49:59,42256.45,125,2467700
20221115,09:50:02,42252.65,200,2467700
20221115,09:50:04,42251.00,275,2467700
20221115,09:50:05,42255.40,325,2467700
20221115,09:50:07,42254.10,250,2467700
20221115,09:50:09,42252.95,125,2467700
20221115,09:50:10,42253.45,275,2467700
20221115,09:50:12,42256.05,375,2467700
20221115,09:50:14,42260.40,275,2467700
20221115,09:50:15,42255.85,150,2467700
20221115,09:50:17,42262.45,100,2467700
20221115,09:50:19,42261.00,100,2467700
20221115,09:50:20,42254.75,300,2467700
20221115,09:50:22,42260.20,100,2467700
20221115,09:50:23,42260.00,100,2467700
20221115,09:50:25,42253.00,200,2467700
20221115,09:50:27,42253.00,175,2467700
20221115,09:50:28,42257.75,150,2467700
20221115,09:50:30,42253.55,50,2467700
20221115,09:50:32,42260.00,50,2467700
20221115,09:50:33,42252.00,100,2467875
20221115,09:50:35,42256.15,150,2467875
20221115,09:50:36,42254.95,300,2467875
20221115,09:50:38,42256.00,25,2467875
20221115,09:50:40,42254.00,50,2467875
20221115,09:50:41,42253.40,150,2467875
20221115,09:50:44,42253.00,575,2467875
20221115,09:50:46,42247.45,4500,2467875
20221115,09:50:48,42241.00,1925,2467875
20221115,09:50:49,42241.00,150,2467875
20221115,09:50:51,42240.00,1075,2467875
20221115,09:50:53,42250.00,675,2467875
20221115,09:50:54,42243.80,400,2467875
20221115,09:50:56,42245.95,250,2467875
20221115,09:50:57,42250.00,75,2467875
20221115,09:50:59,42246.70,75,2467875
20221115,09:51:00,42245.25,150,2467875
20221115,09:51:02,42242.40,450,2467875
20221115,09:51:04,42242.50,1025,2467875
20221115,09:51:05,42242.95,650,2467875
20221115,09:51:07,42242.85,175,2467875
20221115,09:51:08,42243.60,100,2467875
20221115,09:51:10,42246.20,200,2467875
20221115,09:51:11,42254.00,150,2467875
20221115,09:51:13,42248.75,275,2467875
20221115,09:51:15,42254.00,75,2467875
20221115,09:51:16,42255.00,100,2467875
20221115,09:51:21,42258.30,50,2467875
20221115,09:51:23,42259.00,875,2467875
20221115,09:51:24,42255.80,275,2467875
20221115,09:51:26,42254.05,25,2467875
20221115,09:51:27,42255.90,50,2467875
20221115,09:51:30,42259.00,100,2467875
20221115,09:51:32,42260.95,200,2467875
20221115,09:51:35,42266.00,175,2467875
20221115,09:51:37,42260.50,125,2467875
20221115,09:51:38,42261.20,150,2467875
20221115,09:51:40,42265.00,125,2467875
20221115,09:51:42,42262.40,275,2467875
20221115,09:51:43,42270.00,125,2467875
20221115,09:51:45,42267.40,100,2467875
20221115,09:51:46,42266.50,50,2467875
20221115,09:51:48,42266.40,175,2467875
20221115,09:51:50,42261.10,100,2467875
20221115,09:51:51,42265.00,150,2467875
20221115,09:51:53,42263.75,225,2467875
20221115,09:51:56,42271.10,2100,2467875
20221115,09:51:58,42269.85,50,2467875
20221115,09:51:59,42269.55,25,2467875
20221115,09:52:01,42267.05,150,2467875
20221115,09:52:03,42266.40,50,2467875
20221115,09:52:06,42265.00,75,2467875
20221115,09:52:07,42270.00,50,2467875
20221115,09:52:09,42266.60,75,2467875
20221115,09:52:12,42270.00,400,2467875
20221115,09:52:14,42265.00,75,2467875
20221115,09:52:19,42265.30,75,2467875
20221115,09:52:20,42270.00,50,2467875
20221115,09:52:22,42266.40,25,2467875
20221115,09:52:23,42270.00,100,2467875
20221115,09:52:25,42269.00,50,2467875
20221115,09:52:27,42269.95,75,2467875
20221115,09:52:28,42266.30,900,2467875
20221115,09:52:31,42271.15,150,2467875
20221115,09:52:35,42268.05,75,2467875
20221115,09:52:36,42265.00,400,2467875
20221115,09:52:38,42264.60,50,2467875
20221115,09:52:44,42262.00,25,2467875
20221115,09:52:46,42265.65,75,2467875
20221115,09:52:53,42265.00,25,2467875
20221115,09:52:54,42265.65,100,2467875
20221115,09:52:56,42265.00,75,2467875
20221115,09:52:59,42265.65,25,2467875
20221115,09:53:01,42269.00,25,2467875
20221115,09:53:03,42266.05,75,2467875
20221115,09:53:04,42270.00,50,2467875
20221115,09:53:07,42266.00,75,2467875
20221115,09:53:09,42270.00,100,2467875
20221115,09:53:11,42271.95,25,2467875
20221115,09:53:12,42275.00,225,2467875
20221115,09:53:14,42274.00,50,2467875
20221115,09:53:17,42270.80,75,2467875
20221115,09:53:19,42276.15,700,2467875
20221115,09:53:24,42278.00,125,2467875
20221115,09:53:27,42275.00,75,2467875
20221115,09:53:31,42274.30,25,2467875
20221115,09:53:32,42274.55,50,2467875
20221115,09:53:34,42274.00,25,2461775
20221115,09:53:36,42270.00,200,2461775
20221115,09:53:37,42267.35,225,2461775
20221115,09:53:41,42272.55,25,2461775
20221115,09:53:44,42266.65,50,2461775
20221115,09:53:45,42266.65,100,2461775
20221115,09:53:50,42269.70,225,2461775
20221115,09:53:52,42274.55,50,2461775
20221115,09:53:53,42270.75,25,2461775
20221115,09:53:55,42275.00,125,2461775
20221115,09:53:57,42271.55,75,2461775
20221115,09:54:00,42275.00,125,2461775
20221115,09:54:02,42275.35,50,2461775
20221115,09:54:03,42282.00,1750,2461775
20221115,09:54:05,42279.60,825,2461775
20221115,09:54:07,42281.00,125,2461775
20221115,09:54:08,42273.65,275,2461775
20221115,09:54:10,42282.20,125,2461775
20221115,09:54:12,42276.95,150,2461775
20221115,09:54:13,42272.00,25,2461775
20221115,09:54:17,42275.80,25,2461775
20221115,09:54:22,42273.05,25,2461775
20221115,09:54:23,42277.35,225,2461775
20221115,09:54:25,42273.10,75,2461775
20221115,09:54:26,42273.05,150,2461775
20221115,09:54:28,42275.70,75,2461775
20221115,09:54:29,42276.40,125,2461775
20221115,09:54:31,42277.25,25,2461775
20221115,09:54:33,42275.70,75,2461775
20221115,09:54:34,42275.70,125,2461775
20221115,09:54:36,42273.00,125,2461775
20221115,09:54:37,42276.95,225,2461775
20221115,09:54:41,42271.55,50,2461775
20221115,09:54:42,42271.00,50,2461775
20221115,09:54:44,42270.00,75,2461775
20221115,09:54:46,42272.50,50,2461775
20221115,09:54:47,42268.25,300,2461775
20221115,09:54:49,42266.80,200,2461775
20221115,09:54:51,42272.05,100,2461775
20221115,09:54:52,42266.65,75,2461775
20221115,09:54:54,42266.00,75,2461775
20221115,09:54:56,42265.00,175,2461775
20221115,09:54:57,42265.00,75,2461775
20221115,09:54:59,42261.00,125,2461775
20221115,09:55:01,42263.50,200,2461775
20221115,09:55:02,42258.05,175,2461775
20221115,09:55:04,42256.70,425,2461775
20221115,09:55:06,42255.00,575,2461775
20221115,09:55:07,42255.10,125,2461775
20221115,09:55:09,42255.40,225,2461775
20221115,09:55:12,42256.15,200,2461775
20221115,09:55:14,42257.25,25,2461775
20221115,09:55:15,42256.15,75,2461775
20221115,09:55:17,42254.95,200,2461775
20221115,09:55:19,42255.00,50,2461775
20221115,09:55:24,42255.90,50,2461775
20221115,09:55:25,42253.60,150,2461775
20221115,09:55:29,42259.60,150,2461775
20221115,09:55:30,42261.00,250,2461775
20221115,09:55:32,42265.00,25,2461775
20221115,09:55:33,42261.65,25,2461775
20221115,09:55:36,42267.60,25,2461775
20221115,09:55:38,42266.00,25,2461775
20221115,09:55:40,42270.00,50,2461775
20221115,09:55:43,42272.70,75,2461775
20221115,09:55:44,42272.70,25,2461775
20221115,09:55:46,42267.30,150,2461775
20221115,09:55:48,42274.55,25,2461775
20221115,09:55:49,42273.50,25,2461775
20221115,09:55:54,42265.40,125,2461775
20221115,09:55:56,42265.00,75,2461775
20221115,09:55:58,42269.95,100,2461775
20221115,09:56:01,42266.20,100,2461775
20221115,09:56:02,42269.95,25,2461775
20221115,09:56:07,42275.05,125,2461775
20221115,09:56:11,42273.70,100,2461775
20221115,09:56:12,42267.30,150,2461775
20221115,09:56:14,42274.00,25,2461775
20221115,09:56:16,42277.80,425,2461775
20221115,09:56:17,42275.10,150,2461775
20221115,09:56:19,42273.90,150,2461775
20221115,09:56:22,42278.65,100,2461775
20221115,09:56:24,42275.90,25,2461775
20221115,09:56:25,42275.05,75,2461775
20221115,09:56:27,42279.00,25,2461775
20221115,09:56:29,42273.15,50,2461775
20221115,09:56:30,42278.15,25,2461775
20221115,09:56:33,42270.75,75,2458075
20221115,09:56:35,42271.60,50,2458075
20221115,09:56:38,42279.20,100,2458075
20221115,09:56:40,42277.50,25,2458075
20221115,09:56:42,42277.80,75,2458075
20221115,09:56:43,42272.55,50,2458075
20221115,09:56:50,42274.95,25,2458075
20221115,09:56:53,42281.00,200,2458075
20221115,09:56:54,42280.90,75,2458075
20221115,09:56:58,42275.00,275,2458075
20221115,09:56:59,42280.60,125,2458075
20221115,09:57:01,42272.45,25,2458075
20221115,09:57:03,42273.40,175,2458075
20221115,09:57:04,42280.15,75,2458075
20221115,09:57:06,42280.90,25,2458075
20221115,09:57:07,42278.00,100,2458075
20221115,09:57:09,42281.00,25,2458075
20221115,09:57:11,42277.65,25,2458075
20221115,09:57:12,42281.00,300,2458075
20221115,09:57:14,42276.00,100,2458075
20221115,09:57:15,42278.75,125,2458075
20221115,09:57:17,42273.00,25,2458075
20221115,09:57:19,42274.95,125,2458075
20221115,09:57:20,42274.10,25,2458075
20221115,09:57:22,42271.75,25,2458075
20221115,09:57:23,42271.00,25,2458075
20221115,09:57:27,42270.00,25,2458075
20221115,09:57:28,42270.00,25,2458075
20221115,09:57:30,42270.00,25,2458075
20221115,09:57:33,42275.95,25,2458075
20221115,09:57:36,42270.50,75,2458075
20221115,09:57:37,42276.95,100,2458075
20221115,09:57:39,42273.40,50,2458075
20221115,09:57:42,42279.00,50,2458075
20221115,09:57:46,42279.80,25,2458075
20221115,09:57:47,42279.60,200,2458075
20221115,09:57:49,42274.60,150,2458075
20221115,09:57:52,42279.35,50,2458075
20221115,09:57:55,42279.95,75,2458075
20221115,09:58:00,42279.90,50,2458075
20221115,09:58:03,42271.20,1275,2458075
20221115,09:58:05,42275.65,100,2458075
20221115,09:58:06,42279.80,50,2458075
20221115,09:58:08,42280.00,75,2458075
20221115,09:58:09,42280.00,25,2458075
20221115,09:58:11,42277.65,50,2458075
20221115,09:58:13,42281.00,25,2458075
20221115,09:58:14,42280.00,650,2458075
20221115,09:58:16,42284.00,250,2458075
20221115,09:58:19,42284.00,75,2458075
20221115,09:58:21,42279.00,25,2458075
20221115,09:58:27,42274.50,50,2458075
20221115,09:58:29,42274.50,25,2458075
20221115,09:58:31,42273.00,25,2458075
20221115,09:58:32,42276.35,25,2458075
20221115,09:58:37,42271.25,25,2458075
20221115,09:58:47,42270.50,100,2458075
20221115,09:58:49,42274.95,150,2458075
20221115,09:58:52,42277.20,25,2458075
20221115,09:58:53,42280.00,25,2458075
20221115,09:58:57,42283.00,125,2458075
20221115,09:58:58,42278.80,25,2458075
20221115,09:59:00,42279.30,300,2458075
20221115,09:59:02,42278.80,125,2458075
20221115,09:59:03,42284.15,550,2458075
20221115,09:59:07,42275.05,25,2458075
20221115,09:59:10,42276.70,25,2458075
20221115,09:59:14,42278.10,100,2458075
20221115,09:59:15,42279.05,150,2458075
20221115,09:59:17,42279.70,425,2458075
20221115,09:59:18,42283.85,25,2458075
20221115,09:59:20,42283.95,50,2458075
20221115,09:59:23,42281.10,50,2458075
20221115,09:59:25,42283.95,50,2458075
20221115,09:59:26,42279.40,100,2458075
20221115,09:59:28,42279.45,50,2458075
20221115,09:59:30,42280.70,75,2458075
20221115,09:59:31,42283.95,25,2458075
20221115,09:59:33,42285.00,125,2458075
20221115,09:59:35,42289.00,500,2456125
20221115,09:59:36,42289.00,50,2456125
20221115,09:59:38,42289.00,175,2456125
20221115,09:59:39,42291.00,1250,2456125
20221115,09:59:41,42291.10,25,2456125
20221115,09:59:44,42289.40,175,2456125
20221115,09:59:46,42291.00,225,2456125
20221115,09:59:49,42288.00,25,2456125
20221115,09:59:54,42292.00,125,2456125
20221115,09:59:55,42291.00,25,2456125
20221115,09:59:57,42294.95,300,2456125
20221115,10:00:00,42300.85,2775,2456125
20221115,10:00:02,42291.25,325,2456125
20221115,10:00:04,42300.80,75,2456125
20221115,10:00:05,42295.50,125,2456125
20221115,10:00:07,42300.80,25,2456125
20221115,10:00:08,42299.00,200,2456125
20221115,10:00:10,42295.50,25,2456125
20221115,10:00:12,42297.40,25,2456125
20221115,10:00:13,42295.25,975,2456125
20221115,10:00:15,42291.00,75,2456125
20221115,10:00:16,42293.95,25,2456125
20221115,10:00:19,42287.00,400,2456125
20221115,10:00:21,42285.10,25,2456125
20221115,10:00:23,42283.95,50,2456125
20221115,10:00:26,42281.65,50,2456125
20221115,10:00:27,42288.00,25,2456125
20221115,10:00:31,42285.00,275,2456125
20221115,10:00:32,42287.35,25,2456125
20221115,10:00:34,42285.00,25,2456125
20221115,10:00:36,42284.55,75,2456125
20221115,10:00:37,42285.00,25,2456125
20221115,10:00:39,42281.50,50,2456125
20221115,10:00:40,42280.85,25,2456125
20221115,10:00:47,42280.60,100,2456125
20221115,10:00:49,42280.95,75,2456125
20221115,10:00:50,42288.00,250,2456125
20221115,10:00:52,42281.05,75,2456125
20221115,10:00:57,42281.50,25,2456125
20221115,10:01:02,42281.50,175,2456125
20221115,10:01:03,42285.95,175,2456125
20221115,10:01:07,42280.85,250,2456125
20221115,10:01:08,42279.95,75,2456125
20221115,10:01:10,42276.05,25,2456125
20221115,10:01:16,42275.45,350,2456125
20221115,10:01:18,42275.80,75,2456125
20221115,10:01:23,42279.45,25,2456125
20221115,10:01:27,42280.25,600,2456125
20221115,10:01:36,42271.00,25,2456125
20221115,10:01:38,42275.00,25,2456125
20221115,10:01:40,42275.00,75,2456125
20221115,10:01:43,42277.05,25,2456125
20221115,10:01:46,42275.25,25,2456125
20221115,10:01:50,42274.35,25,2456125
20221115,10:01:51,42274.30,25,2456125
20221115,10:01:53,42275.00,25,2456125
20221115,10:01:54,42277.05,75,2456125
20221115,10:01:56,42279.40,175,2456125
20221115,10:02:01,42272.45,75,2456125
20221115,10:02:04,42272.10,925,2456125
20221115,10:02:12,42275.00,50,2456125
20221115,10:02:14,42274.40,25,2456125
20221115,10:02:15,42272.60,200,2456125
20221115,10:02:17,42275.00,50,2456125
20221115,10:02:19,42273.50,375,2456125
20221115,10:02:20,42272.55,50,2456125
20221115,10:02:23,42272.70,25,2456125
20221115,10:02:25,42275.00,275,2456125
20221115,10:02:28,42275.40,25,2456125
20221115,10:02:30,42275.85,125,2456125
20221115,10:02:34,42275.00,50,2456775
20221115,10:02:39,42280.00,75,2456775
20221115,10:02:41,42283.00,175,2456775
20221115,10:02:44,42285.70,25,2456775
20221115,10:02:47,42285.00,75,2456775
20221115,10:02:51,42281.55,100,2456775
20221115,10:02:54,42277.20,125,2456775
20221115,10:02:59,42276.50,50,2456775
20221115,10:03:00,42276.20,50,2456775
20221115,10:03:02,42282.55,150,2456775
20221115,10:03:04,42276.55,100,2456775
20221115,10:03:07,42276.95,25,2456775
20221115,10:03:13,42282.80,25,2456775
20221115,10:03:15,42282.80,25,2456775
20221115,10:03:18,42282.80,75,2456775
20221115,10:03:24,42284.15,25,2456775
20221115,10:03:26,42286.90,25,2456775
20221115,10:03:29,42282.80,25,2456775
20221115,10:03:32,42282.80,75,2456775
20221115,10:03:34,42282.90,50,2456775
20221115,10:03:36,42278.00,100,2456775
20221115,10:03:39,42278.20,25,2456775
20221115,10:03:44,42280.00,25,2456775
20221115,10:03:45,42282.85,225,2456775
20221115,10:03:47,42274.20,250,2456775
20221115,10:03:53,42281.95,50,2456775
20221115,10:03:55,42275.15,25,2456775
20221115,10:04:03,42273.00,500,2456775
20221115,10:04:06,42272.05,125,2456775
20221115,10:04:07,42271.85,50,2456775
20221115,10:04:12,42273.05,100,2456775
20221115,10:04:14,42278.90,25,2456775
20221115,10:04:23,42273.80,25,2456775
20221115,10:04:33,42277.00,25,2456775
20221115,10:04:35,42278.00,25,2456775
20221115,10:04:36,42274.40,25,2456775
20221115,10:04:39,42273.90,25,2456775
20221115,10:04:41,42278.00,25,2456775
20221115,10:04:42,42275.00,25,2456775
20221115,10:04:44,42273.05,150,2456775
20221115,10:04:48,42273.00,50,2456775
20221115,10:04:50,42280.00,50,2456775
20221115,10:04:51,42280.00,75,2456775
20221115,10:04:53,42280.00,75,2456775
20221115,10:04:54,42280.00,125,2456775
20221115,10:04:56,42278.20,50,2456775
20221115,10:04:57,42282.00,450,2456775
20221115,10:04:59,42284.20,25,2456775
20221115,10:05:02,42282.10,100,2456775
20221115,10:05:04,42287.85,325,2456775
20221115,10:05:05,42289.70,850,2456775
20221115,10:05:08,42286.35,25,2456775
20221115,10:05:10,42289.95,25,2456775
20221115,10:05:12,42289.25,50,2456775
20221115,10:05:15,42289.70,800,2456775
20221115,10:05:18,42280.60,250,2456775
20221115,10:05:29,42288.40,75,2456775
20221115,10:05:32,42282.35,25,2456775
20221115,10:05:33,42288.60,25,2456775
20221115,10:05:35,42282.25,50,2456775
20221115,10:05:44,42280.60,25,2459025
20221115,10:05:49,42280.05,100,2459025
20221115,10:05:50,42283.90,200,2459025
20221115,10:05:52,42283.90,50,2459025
20221115,10:05:53,42284.85,50,2459025
20221115,10:05:55,42282.45,25,2459025
20221115,10:06:04,42282.45,25,2459025
20221115,10:06:11,42282.45,125,2459025
20221115,10:06:12,42285.00,50,2459025
20221115,10:06:14,42290.00,125,2459025
20221115,10:06:16,42291.00,75,2459025
20221115,10:06:17,42286.55,25,2459025
20221115,10:06:19,42291.00,25,2459025
20221115,10:06:21,42286.50,25,2459025
20221115,10:06:22,42285.70,25,2459025
20221115,10:06:25,42291.00,375,2459025
20221115,10:06:27,42291.00,300,2459025
20221115,10:06:30,42291.00,50,2459025
20221115,10:06:33,42291.00,300,2459025
20221115,10:06:35,42295.00,350,2459025
20221115,10:06:36,42295.15,50,2459025
20221115,10:06:38,42295.90,75,2459025
20221115,10:06:40,42296.70,225,2459025
20221115,10:06:41,42296.70,50,2459025
20221115,10:06:43,42295.55,75,2459025
20221115,10:06:44,42300.00,500,2459025
20221115,10:06:46,42300.00,125,2459025
20221115,10:06:48,42300.10,400,2459025
20221115,10:06:49,42300.85,150,2459025
20221115,10:06:51,42302.00,125,2459025
20221115,10:06:52,42304.00,250,2459025
20221115,10:06:54,42303.70,250,2459025
20221115,10:06:56,42299.00,175,2459025
20221115,10:06:59,42299.05,25,2459025
20221115,10:07:00,42296.90,25,2459025
20221115,10:07:02,42295.60,50,2459025
20221115,10:07:05,42299.05,50,2459025
20221115,10:07:06,42302.60,50,2459025
20221115,10:07:08,42299.05,25,2459025
20221115,10:07:09,42300.00,75,2459025
20221115,10:07:14,42299.25,100,2459025
20221115,10:07:15,42300.00,425,2459025
20221115,10:07:17,42300.00,50,2459025
20221115,10:07:22,42303.75,475,2459025
20221115,10:07:23,42298.05,850,2459025
20221115,10:07:25,42300.00,75,2459025
20221115,10:07:26,42303.75,25,2459025
20221115,10:07:28,42302.05,50,2459025
20221115,10:07:29,42304.00,4000,2459025
20221115,10:07:31,42304.00,825,2459025
20221115,10:07:33,42307.95,1750,2459025
20221115,10:07:34,42310.00,325,2459025
20221115,10:07:36,42310.00,100,2459025
20221115,10:07:38,42310.00,100,2459025
20221115,10:07:39,42310.00,75,2459025
20221115,10:07:41,42312.60,700,2459025
20221115,10:07:43,42314.00,200,2459025
20221115,10:07:44,42314.00,375,2459025
20221115,10:07:47,42314.20,125,2459025
20221115,10:07:49,42314.25,50,2459025
20221115,10:07:54,42310.00,25,2459025
20221115,10:07:56,42311.95,25,2459025
20221115,10:07:57,42311.30,25,2459025
20221115,10:07:59,42314.00,25,2459025
20221115,10:08:01,42320.00,1725,2459025
20221115,10:08:06,42320.00,225,2459025
20221115,10:08:07,42317.25,550,2459025
20221115,10:08:09,42317.05,25,2459025
20221115,10:08:11,42323.85,1100,2459025
20221115,10:08:12,42321.65,100,2459025
20221115,10:08:16,42321.20,175,2459025
20221115,10:08:17,42317.00,475,2459025
20221115,10:08:19,42315.00,1025,2459025
20221115,10:08:21,42310.00,200,2459025
20221115,10:08:22,42310.40,25,2459025
20221115,10:08:24,42315.95,125,2459025
20221115,10:08:25,42310.40,25,2459025
20221115,10:08:27,42313.55,50,2459025
20221115,10:08:32,42310.00,400,2459025
20221115,10:08:34,42310.00,50,2459025
20221115,10:08:35,42310.40,50,2463350
20221115,10:08:37,42310.00,25,2463350
20221115,10:08:40,42314.35,125,2463350
20221115,10:08:42,42313.25,25,2463350
20221115,10:08:43,42310.45,250,2463350
20221115,10:08:45,42310.00,175,2463350
20221115,10:08:47,42301.45,1300,2463350
20221115,10:08:48,42310.00,75,2463350
20221115,10:08:50,42310.00,200,2463350
20221115,10:08:51,42310.00,75,2463350
20221115,10:08:53,42308.75,75,2463350
20221115,10:08:55,42304.10,175,2463350
20221115,10:08:56,42309.30,25,2463350
20221115,10:08:58,42302.15,50,2463350
20221115,10:09:01,42300.20,125,2463350
20221115,10:09:03,42300.20,200,2463350
20221115,10:09:04,42303.30,450,2463350
20221115,10:09:06,42300.65,175,2463350
20221115,10:09:07,42307.00,50,2463350
20221115,10:09:09,42307.35,25,2463350
20221115,10:09:11,42304.90,50,2463350
20221115,10:09:12,42307.00,25,2463350
20221115,10:09:14,42307.25,25,2463350
20221115,10:09:15,42309.90,925,2463350
20221115,10:09:17,42307.00,225,2463350
20221115,10:09:18,42304.90,75,2463350
20221115,10:09:22,42306.90,25,2463350
20221115,10:09:23,42306.45,100,2463350
20221115,10:09:25,42306.40,50,2463350
20221115,10:09:26,42303.35,150,2463350
20221115,10:09:28,42301.20,75,2463350
20221115,10:09:31,42303.10,25,2463350
20221115,10:09:32,42301.10,25,2463350
20221115,10:09:34,42305.80,75,2463350
20221115,10:09:35,42302.60,100,2463350
20221115,10:09:39,42301.20,25,2463350
20221115,10:09:43,42307.25,75,2463350
20221115,10:09:45,42307.25,50,2463350
20221115,10:09:47,42306.00,225,2463350
20221115,10:09:48,42308.00,75,2463350
20221115,10:09:50,42305.85,50,2463350
20221115,10:09:51,42306.45,100,2463350
20221115,10:09:53,42305.50,125,2463350
20221115,10:09:55,42305.00,100,2463350
20221115,10:09:56,42301.30,100,2463350
20221115,10:09:58,42302.00,50,2463350
20221115,10:09:59,42306.45,200,2463350
20221115,10:10:01,42307.65,150,2463350
20221115,10:10:03,42308.50,100,2463350
20221115,10:10:04,42309.90,50,2463350
20221115,10:10:06,42310.10,175,2463350
20221115,10:10:07,42310.70,250,2463350
20221115,10:10:09,42310.00,250,2463350
20221115,10:10:11,42310.00,75,2463350
20221115,10:10:13,42309.80,325,2463350
20221115,10:10:14,42310.50,175,2463350
20221115,10:10:16,42306.40,75,2463350
20221115,10:10:21,42306.25,50,2463350
20221115,10:10:22,42305.65,100,2463350
20221115,10:10:24,42305.00,50,2463350
20221115,10:10:27,42304.45,25,2463350
20221115,10:10:29,42303.00,25,2463350
20221115,10:10:34,42305.00,25,2463350
20221115,10:10:35,42303.00,75,2463350
20221115,10:10:39,42302.50,50,2463350
20221115,10:10:40,42302.00,50,2463350
20221115,10:10:43,42302.00,50,2463350
20221115,10:10:47,42303.00,75,2463350
20221115,10:10:50,42302.35,75,2463350
20221115,10:10:51,42302.00,50,2463350
20221115,10:10:53,42301.65,25,2463350
20221115,10:10:54,42305.00,75,2463350
20221115,10:10:56,42301.00,25,2463350
20221115,10:10:59,42301.00,75,2463350
20221115,10:11:01,42303.00,25,2463350
20221115,10:11:04,42301.00,25,2463350
20221115,10:11:05,42301.90,75,2463350
20221115,10:11:07,42303.15,25,2463350
20221115,10:11:08,42300.00,450,2463350
20221115,10:11:18,42302.65,950,2463350
20221115,10:11:20,42301.60,25,2463350
20221115,10:11:21,42302.10,25,2463350
20221115,10:11:26,42297.55,100,2463350
20221115,10:11:27,42300.00,50,2463350
20221115,10:11:31,42300.60,25,2463350
20221115,10:11:32,42300.00,75,2463350
20221115,10:11:34,42305.00,75,2463350
20221115,10:11:37,42310.00,975,2465300
20221115,10:11:39,42302.95,25,2465300
20221115,10:11:41,42302.95,25,2465300
20221115,10:11:42,42302.65,125,2465300
20221115,10:11:45,42303.15,100,2465300
20221115,10:11:47,42296.40,175,2465300
20221115,10:11:49,42296.00,50,2465300
20221115,10:11:50,42294.00,200,2465300
20221115,10:11:52,42298.45,125,2465300
20221115,10:11:54,42297.25,125,2465300
20221115,10:11:55,42300.55,150,2465300
20221115,10:11:57,42305.00,25,2465300
20221115,10:11:59,42305.00,250,2465300
20221115,10:12:00,42308.00,50,2465300
20221115,10:12:02,42305.85,75,2465300
20221115,10:12:04,42299.95,25,2465300
20221115,10:12:05,42299.20,75,2465300
20221115,10:12:10,42300.00,25,2465300
20221115,10:12:14,42298.45,25,2465300
20221115,10:12:17,42300.00,25,2465300
20221115,10:12:18,42299.75,25,2465300
20221115,10:12:20,42299.80,75,2465300
20221115,10:12:22,42299.80,75,2465300
20221115,10:12:25,42304.00,25,2465300
20221115,10:12:28,42304.70,925,2465300
20221115,10:12:30,42299.80,950,2465300
20221115,10:12:32,42299.00,50,2465300
20221115,10:12:33,42298.75,275,2465300
20221115,10:12:37,42298.55,50,2465300
20221115,10:12:38,42297.90,75,2465300
20221115,10:12:40,42297.90,50,2465300
20221115,10:12:43,42297.90,25,2465300
20221115,10:12:46,42293.45,25,2465300
20221115,10:12:50,42295.85,25,2465300
20221115,10:12:51,42298.55,75,2465300
20221115,10:12:53,42298.00,75,2465300
20221115,10:12:56,42300.65,300,2465300
20221115,10:12:58,42305.00,50,2465300
20221115,10:12:59,42300.60,25,2465300
20221115,10:13:01,42300.00,250,2465300
20221115,10:13:04,42305.00,150,2465300
20221115,10:13:06,42307.00,75,2465300
20221115,10:13:11,42305.70,50,2465300
20221115,10:13:12,42309.90,75,2465300
20221115,10:13:14,42314.95,325,2465300
20221115,10:13:17,42315.00,75,2465300
20221115,10:13:19,42311.15,75,2465300
20221115,10:13:20,42311.00,25,2465300
20221115,10:13:24,42304.90,75,2465300
20221115,10:13:29,42306.50,25,2465300
20221115,10:13:30,42311.25,25,2465300
20221115,10:13:32,42306.50,225,2465300
20221115,10:13:33,42314.95,50,2465300
20221115,10:13:35,42315.00,50,2465300
20221115,10:13:36,42310.80,25,2465300
20221115,10:13:38,42305.45,25,2465300
20221115,10:13:43,42308.00,50,2465300
20221115,10:13:44,42311.00,50,2465300
20221115,10:13:46,42306.00,25,2465300
20221115,10:13:47,42304.90,25,2465300
20221115,10:13:51,42304.00,100,2465300
20221115,10:13:55,42304.00,100,2465300
20221115,10:13:57,42300.00,350,2465300
20221115,10:13:59,42304.10,50,2465300
20221115,10:14:02,42300.45,25,2465300
20221115,10:14:04,42306.60,25,2465300
20221115,10:14:08,42311.15,100,2465300
20221115,10:14:10,42310.00,100,2465300
20221115,10:14:12,42305.20,25,2465300
20221115,10:14:13,42306.60,25,2465300
20221115,10:14:15,42303.80,25,2465300
20221115,10:14:17,42309.30,75,2465300
20221115,10:14:18,42309.35,25,2465300
20221115,10:14:20,42306.00,25,2465300
20221115,10:14:23,42308.00,200,2465300
20221115,10:14:25,42304.35,25,2465300
20221115,10:14:28,42309.35,75,2465300
20221115,10:14:29,42310.00,75,2465300
20221115,10:14:31,42310.00,75,2465300
20221115,10:14:33,42310.80,100,2465300
20221115,10:14:34,42308.00,75,2465300
20221115,10:14:36,42311.15,125,2465300
20221115,10:14:38,42308.00,50,2467525
20221115,10:14:39,42309.85,75,2467525
20221115,10:14:41,42310.00,50,2467525
20221115,10:14:44,42310.00,50,2467525
20221115,10:14:46,42310.00,50,2467525
20221115,10:14:49,42311.85,75,2467525
20221115,10:14:50,42312.45,100,2467525
20221115,10:14:54,42312.50,25,2467525
20221115,10:14:58,42313.00,150,2467525
20221115,10:15:00,42305.00,300,2467525
20221115,10:15:01,42311.70,450,2467525
20221115,10:15:03,42310.50,1000,2467525
20221115,10:15:05,42310.60,100,2467525
20221115,10:15:06,42310.65,25,2467525
20221115,10:15:11,42306.35,175,2467525
20221115,10:15:12,42308.70,125,2467525
20221115,10:15:14,42309.00,25,2467525
20221115,10:15:17,42304.65,250,2467525
20221115,10:15:19,42304.80,25,2467525
20221115,10:15:20,42301.55,25,2467525
20221115,10:15:24,42301.10,25,2467525
20221115,10:15:27,42306.75,50,2467525
20221115,10:15:29,42300.00,200,2467525
20221115,10:15:30,42301.10,50,2467525
20221115,10:15:32,42300.20,25,2467525
20221115,10:15:33,42303.05,25,2467525
20221115,10:15:35,42301.00,25,2467525
20221115,10:15:36,42303.05,100,2467525
20221115,10:15:39,42303.05,75,2467525
20221115,10:15:41,42301.50,75,2467525
20221115,10:15:42,42301.35,75,2467525
20221115,10:15:44,42300.00,225,2467525
20221115,10:15:46,42300.00,25,2467525
20221115,10:15:49,42299.15,75,2467525
20221115,10:15:50,42306.00,75,2467525
20221115,10:15:54,42308.00,25,2467525
20221115,10:15:58,42304.35,25,2467525
20221115,10:16:02,42303.70,25,2467525
20221115,10:16:03,42304.35,25,2467525
20221115,10:16:05,42307.95,25,2467525
20221115,10:16:06,42307.95,25,2467525
20221115,10:16:08,42302.00,50,2467525
20221115,10:16:11,42305.80,100,2467525
20221115,10:16:13,42301.00,25,2467525
20221115,10:16:15,42302.00,50,2467525
20221115,10:16:16,42307.60,125,2467525
20221115,10:16:18,42307.65,25,2467525
20221115,10:16:19,42307.50,125,2467525
20221115,10:16:24,42304.30,25,2467525
20221115,10:16:27,42301.10,50,2467525
20221115,10:16:29,42301.10,50,2467525
20221115,10:16:31,42301.00,125,2467525
20221115,10:16:32,42304.30,25,2467525
20221115,10:16:39,42300.40,75,2467525
20221115,10:16:40,42305.00,75,2467525
20221115,10:16:42,42305.00,200,2467525
20221115,10:16:44,42306.25,225,2467525
20221115,10:16:45,42304.30,25,2467525
20221115,10:16:50,42304.30,50,2467525
20221115,10:16:52,42300.00,200,2467525
20221115,10:16:57,42300.00,250,2467525
20221115,10:16:58,42304.30,25,2467525
20221115,10:17:00,42304.30,75,2467525
20221115,10:17:02,42304.30,150,2467525
20221115,10:17:03,42306.00,25,2467525
20221115,10:17:05,42306.00,25,2467525
20221115,10:17:07,42310.00,325,2467525
20221115,10:17:10,42310.00,300,2467525
20221115,10:17:11,42311.00,25,2467525
20221115,10:17:13,42311.00,50,2467525
20221115,10:17:16,42304.30,375,2467525
20221115,10:17:21,42300.05,100,2467525
20221115,10:17:23,42306.60,75,2467525
20221115,10:17:26,42307.10,125,2467525
20221115,10:17:28,42306.50,50,2467525
20221115,10:17:29,42300.00,25,2467525
20221115,10:17:33,42306.55,75,2467525
20221115,10:17:36,42303.30,25,2467525
20221115,10:17:37,42301.70,75,2467875
20221115,10:17:40,42301.00,75,2467875
20221115,10:17:43,42300.75,50,2467875
20221115,10:17:51,42301.05,150,2467875
20221115,10:17:54,42301.65,50,2467875
20221115,10:17:55,42306.55,50,2467875
20221115,10:18:03,42306.00,25,2467875
20221115,10:18:05,42307.90,25,2467875
20221115,10:18:06,42307.90,100,2467875
20221115,10:18:08,42309.80,25,2467875
20221115,10:18:09,42303.25,100,2467875
20221115,10:18:11,42306.00,50,2467875
20221115,10:18:13,42302.25,25,2467875
20221115,10:18:14,42304.05,25,2467875
20221115,10:18:20,42302.50,100,2467875
20221115,10:18:21,42302.50,25,2467875
20221115,10:18:23,42306.00,50,2467875
20221115,10:18:26,42301.00,100,2467875
20221115,10:18:29,42302.10,25,2467875
20221115,10:18:34,42300.30,75,2467875
20221115,10:18:35,42305.00,75,2467875
20221115,10:18:37,42302.50,25,2467875
20221115,10:18:40,42301.25,75,2467875
20221115,10:18:41,42305.00,25,2467875
20221115,10:18:43,42306.00,50,2467875
20221115,10:18:46,42302.05,75,2467875
20221115,10:18:49,42306.00,50,2467875
20221115,10:18:52,42302.10,25,2467875
20221115,10:18:55,42306.00,25,2467875
20221115,10:18:57,42304.15,275,2467875
20221115,10:18:59,42305.00,125,2467875
20221115,10:19:01,42305.00,200,2467875
20221115,10:19:02,42309.05,150,2467875
20221115,10:19:04,42304.80,225,2467875
20221115,10:19:05,42305.25,125,2467875
20221115,10:19:07,42308.00,475,2467875
20221115,10:19:09,42306.75,50,2467875
20221115,10:19:10,42306.15,75,2467875
20221115,10:19:12,42306.25,25,2467875
20221115,10:19:15,42309.10,25,2467875
20221115,10:19:16,42313.00,75,2467875
20221115,10:19:18,42313.20,125,2467875
20221115,10:19:20,42314.00,400,2467875
20221115,10:19:21,42318.25,50,2467875
20221115,10:19:24,42317.10,25,2467875
20221115,10:19:26,42317.95,50,2467875
20221115,10:19:27,42318.25,50,2467875
20221115,10:19:29,42319.00,100,2467875
20221115,10:19:30,42318.00,25,2467875
20221115,10:19:32,42319.00,75,2467875
20221115,10:19:33,42317.95,50,2467875
20221115,10:19:35,42316.35,300,2467875
20221115,10:19:37,42318.80,2950,2467875
20221115,10:19:38,42319.40,300,2467875
20221115,10:19:40,42323.95,1275,2467875
20221115,10:19:41,42321.90,150,2467875
20221115,10:19:43,42330.00,700,2467875
20221115,10:19:45,42328.05,125,2467875
20221115,10:19:46,42330.00,175,2467875
20221115,10:19:48,42329.70,100,2467875
20221115,10:19:49,42329.90,150,2467875
20221115,10:19:51,42328.90,200,2467875
20221115,10:19:52,42325.00,325,2467875
20221115,10:19:54,42337.70,5000,2467875
20221115,10:19:55,42337.90,825,2467875
20221115,10:19:57,42336.35,425,2467875
20221115,10:19:59,42336.95,125,2467875
20221115,10:20:00,42333.90,175,2467875
20221115,10:20:02,42334.10,300,2467875
20221115,10:20:03,42333.60,225,2467875
20221115,10:20:05,42335.05,200,2467875
20221115,10:20:06,42330.00,350,2467875
20221115,10:20:08,42336.95,5100,2467875
20221115,10:20:10,42331.30,300,2467875
20221115,10:20:11,42330.00,350,2467875
20221115,10:20:13,42334.70,775,2467875
20221115,10:20:14,42330.10,400,2467875
20221115,10:20:16,42334.00,100,2467875
20221115,10:20:17,42330.75,175,2467875
20221115,10:20:19,42330.00,150,2467875
20221115,10:20:20,42329.50,50,2467875
20221115,10:20:22,42329.05,100,2467875
20221115,10:20:23,42334.30,100,2467875
20221115,10:20:25,42334.90,25,2467875
20221115,10:20:26,42331.00,150,2467875
20221115,10:20:28,42330.80,150,2467875
20221115,10:20:30,42334.75,275,2467875
20221115,10:20:31,42330.00,50,2467875
20221115,10:20:33,42331.00,175,2467875
20221115,10:20:34,42330.00,50,2467875
20221115,10:20:36,42328.75,775,2467875
20221115,10:20:37,42325.80,75,2479575
20221115,10:20:39,42325.40,150,2479575
20221115,10:20:41,42327.35,25,2479575
20221115,10:20:42,42327.35,100,2479575
20221115,10:20:44,42325.25,100,2479575
20221115,10:20:46,42321.25,500,2479575
20221115,10:20:47,42327.35,50,2479575
20221115,10:20:49,42324.90,50,2479575
20221115,10:20:50,42326.45,50,2479575
20221115,10:20:52,42326.95,175,2479575
20221115,10:20:54,42326.00,75,2479575
20221115,10:20:55,42329.75,50,2479575
20221115,10:20:57,42330.00,400,2479575
20221115,10:20:58,42326.45,375,2479575
20221115,10:21:02,42325.95,100,2479575
20221115,10:21:03,42331.00,50,2479575
20221115,10:21:05,42331.15,250,2479575
20221115,10:21:07,42325.00,225,2479575
20221115,10:21:08,42321.00,225,2479575
20221115,10:21:12,42321.60,125,2479575
20221115,10:21:13,42322.10,50,2479575
20221115,10:21:15,42321.35,50,2479575
20221115,10:21:16,42321.95,2625,2479575
20221115,10:21:18,42328.85,75,2479575
20221115,10:21:20,42321.15,25,2479575
20221115,10:21:21,42323.65,25,2479575
20221115,10:21:23,42321.70,125,2479575
20221115,10:21:28,42322.10,25,2479575
20221115,10:21:31,42322.40,50,2479575
20221115,10:21:32,42321.00,200,2479575
20221115,10:21:34,42321.00,200,2479575
20221115,10:21:35,42321.95,125,2479575
20221115,10:21:37,42320.00,175,2479575
20221115,10:21:39,42325.00,225,2479575
20221115,10:21:40,42325.90,125,2479575
20221115,10:21:42,42326.40,225,2479575
20221115,10:21:44,42327.25,175,2479575
20221115,10:21:45,42322.10,50,2479575
20221115,10:21:47,42322.10,100,2479575
20221115,10:21:49,42324.90,2625,2479575
20221115,10:21:50,42332.00,3875,2479575
20221115,10:21:52,42324.50,200,2479575
20221115,10:21:55,42325.35,225,2479575
20221115,10:22:00,42327.00,50,2479575
20221115,10:22:02,42329.60,3725,2479575
20221115,10:22:05,42327.25,525,2479575
20221115,10:22:07,42329.00,50,2479575
20221115,10:22:08,42331.30,75,2479575
20221115,10:22:10,42329.30,50,2479575
20221115,10:22:12,42328.30,75,2479575
20221115,10:22:15,42325.00,25,2479575
20221115,10:22:16,42324.50,150,2479575
20221115,10:22:18,42324.50,150,2479575
20221115,10:22:20,42325.00,25,2479575
20221115,10:22:21,42327.25,75,2479575
20221115,10:22:23,42330.00,50,2479575
20221115,10:22:25,42328.15,50,2479575
20221115,10:22:26,42330.15,100,2479575
20221115,10:22:31,42330.00,100,2479575
20221115,10:22:34,42331.00,50,2479575
20221115,10:22:35,42332.00,100,2479575
20221115,10:22:37,42331.00,50,2479575
20221115,10:22:39,42329.05,100,2479575
20221115,10:22:42,42331.00,25,2479575
20221115,10:22:45,42329.10,75,2479575
20221115,10:22:46,42327.55,3975,2479575
20221115,10:22:48,42328.10,125,2479575
20221115,10:22:50,42326.45,150,2479575
20221115,10:22:51,42327.05,50,2479575
20221115,10:22:53,42327.45,75,2479575
20221115,10:22:55,42329.20,2575,2479575
20221115,10:22:56,42327.60,150,2479575
20221115,10:22:58,42327.10,200,2479575
20221115,10:22:59,42328.40,125,2479575
20221115,10:23:01,42328.25,150,2479575
20221115,10:23:03,42328.60,200,2479575
20221115,10:23:04,42327.65,25,2479575
20221115,10:23:06,42327.55,25,2479575
20221115,10:23:07,42326.05,75,2479575
20221115,10:23:09,42327.70,2900,2479575
20221115,10:23:10,42332.65,3800,2479575
20221115,10:23:12,42329.15,2650,2479575
20221115,10:23:14,42332.20,125,2479575
20221115,10:23:17,42326.05,100,2479575
20221115,10:23:19,42334.15,2900,2479575
20221115,10:23:20,42331.35,25,2479575
20221115,10:23:24,42325.25,100,2479575
20221115,10:23:27,42326.20,25,2479575
20221115,10:23:28,42323.30,325,2479575
20221115,10:23:30,42322.95,25,2479575
20221115,10:23:32,42322.90,75,2479575
20221115,10:23:33,42325.00,325,2479575
20221115,10:23:35,42321.05,125,2479575
20221115,10:23:36,42321.00,75,2479575
20221115,10:23:38,42320.10,100,2479575
20221115,10:23:39,42321.20,50,2504650
20221115,10:23:41,42320.00,75,2504650
20221115,10:23:43,42319.00,325,2504650
20221115,10:23:44,42320.20,25,2504650
20221115,10:23:46,42320.10,50,2504650
20221115,10:23:49,42319.00,100,2504650
20221115,10:23:50,42319.15,75,2504650
20221115,10:23:52,42320.15,150,2504650
20221115,10:23:54,42320.35,150,2504650
20221115,10:23:55,42321.00,150,2504650
20221115,10:23:57,42320.10,50,2504650
20221115,10:23:58,42320.40,25,2504650
20221115,10:24:01,42325.00,200,2504650
20221115,10:24:03,42319.85,200,2504650
20221115,10:24:05,42324.10,125,2504650
20221115,10:24:06,42324.10,250,2504650
20221115,10:24:08,42320.00,300,2504650
20221115,10:24:09,42324.25,525,2504650
20221115,10:24:11,42318.45,325,2504650
20221115,10:24:12,42318.30,150,2504650
20221115,10:24:14,42321.00,75,2504650
20221115,10:24:15,42319.50,300,2504650
20221115,10:24:17,42320.10,175,2504650
20221115,10:24:18,42320.30,150,2504650
20221115,10:24:20,42320.00,225,2504650
20221115,10:24:21,42319.50,150,2504650
20221115,10:24:23,42318.90,175,2504650
20221115,10:24:24,42319.70,25,2504650
20221115,10:24:26,42320.00,25,2504650
20221115,10:24:27,42316.80,325,2504650
20221115,10:24:30,42321.65,25,2504650
20221115,10:24:32,42321.65,100,2504650
20221115,10:24:36,42323.50,175,2504650
20221115,10:24:39,42320.60,250,2504650
20221115,10:24:42,42319.00,50,2504650
20221115,10:24:44,42325.00,475,2504650
20221115,10:24:46,42325.00,75,2504650
20221115,10:24:47,42325.40,25,2504650
20221115,10:24:51,42320.40,25,2504650
20221115,10:24:57,42324.95,150,2504650
20221115,10:24:59,42325.00,25,2504650
20221115,10:25:00,42324.95,25,2504650
20221115,10:25:02,42320.65,150,2504650
20221115,10:25:03,42324.90,100,2504650
20221115,10:25:08,42324.95,50,2504650
20221115,10:25:10,42330.05,2200,2504650
20221115,10:25:12,42329.15,25,2504650
20221115,10:25:13,42328.60,100,2504650
20221115,10:25:15,42324.10,75,2504650
20221115,10:25:18,42330.00,25,2504650
20221115,10:25:21,42324.95,25,2504650
20221115,10:25:24,42326.10,25,2504650
20221115,10:25:26,42323.35,25,2504650
20221115,10:25:30,42319.50,75,2504650
20221115,10:25:31,42320.00,50,2504650
20221115,10:25:33,42323.70,25,2504650
20221115,10:25:37,42321.45,25,2504650
20221115,10:25:39,42318.95,50,2504650
20221115,10:25:41,42316.65,300,2504650
20221115,10:25:42,42313.90,175,2504650
20221115,10:25:46,42310.00,75,2504650
20221115,10:25:47,42314.00,50,2504650
20221115,10:25:49,42310.10,175,2504650
20221115,10:25:50,42309.65,150,2504650
20221115,10:25:52,42308.90,25,2504650
20221115,10:25:54,42305.00,75,2504650
20221115,10:25:55,42305.45,50,2504650
20221115,10:25:58,42305.00,25,2504650
20221115,10:26:00,42305.00,25,2504650
20221115,10:26:02,42305.00,25,2504650
20221115,10:26:03,42304.95,75,2504650
20221115,10:26:05,42309.15,25,2504650
20221115,10:26:07,42315.65,350,2504650
20221115,10:26:08,42318.55,2150,2504650
20221115,10:26:13,42308.70,50,2504650
20221115,10:26:15,42305.00,25,2504650
20221115,10:26:16,42306.85,25,2504650
20221115,10:26:18,42305.00,125,2504650
20221115,10:26:19,42312.40,100,2504650
20221115,10:26:21,42305.95,25,2504650
20221115,10:26:27,42310.55,125,2504650
20221115,10:26:29,42305.95,50,2504650
20221115,10:26:30,42310.05,25,2504650
20221115,10:26:35,42308.05,25,2504650
20221115,10:26:39,42305.00,125,2504650
20221115,10:26:41,42305.00,50,2510325
20221115,10:26:42,42305.00,50,2510325
20221115,10:26:44,42308.00,25,2510325
20221115,10:26:45,42304.70,175,2510325
20221115,10:26:47,42301.50,175,2510325
20221115,10:26:50,42303.30,125,2510325
20221115,10:26:52,42304.35,25,2510325
20221115,10:26:54,42301.50,25,2510325
20221115,10:26:55,42301.05,100,2510325
20221115,10:26:57,42301.00,75,2510325
20221115,10:26:58,42300.10,225,2510325
20221115,10:27:02,42300.10,225,2510325
20221115,10:27:03,42304.90,1575,2510325
20221115,10:27:05,42297.20,675,2510325
20221115,10:27:07,42300.10,500,2510325
20221115,10:27:08,42298.40,2850,2510325
20221115,10:27:10,42298.20,200,2510325
20221115,10:27:12,42304.85,100,2510325
20221115,10:27:16,42305.00,225,2510325
20221115,10:27:18,42305.00,25,2510325
20221115,10:27:20,42305.15,100,2510325
20221115,10:27:21,42305.05,50,2510325
20221115,10:27:23,42305.45,50,2510325
20221115,10:27:25,42306.00,125,2510325
20221115,10:27:28,42308.00,25,2510325
20221115,10:27:30,42305.00,150,2510325
20221115,10:27:36,42307.55,150,2510325
20221115,10:27:38,42308.00,75,2510325
20221115,10:27:39,42302.70,100,2510325
20221115,10:27:41,42312.15,1450,2510325
20221115,10:27:43,42306.25,25,2510325
20221115,10:27:44,42308.30,25,2510325
20221115,10:27:46,42314.00,25,2510325
20221115,10:27:49,42314.35,25,2510325
20221115,10:27:51,42308.90,25,2510325
20221115,10:27:53,42309.70,25,2510325
20221115,10:27:54,42317.50,1450,2510325
20221115,10:27:56,42316.00,25,2510325
20221115,10:27:59,42309.75,25,2510325
20221115,10:28:01,42314.40,2525,2510325
20221115,10:28:02,42320.40,25,2510325
20221115,10:28:04,42320.10,275,2510325
20221115,10:28:07,42321.00,25,2510325
20221115,10:28:09,42321.90,50,2510325
20221115,10:28:10,42317.00,25,2510325
20221115,10:28:13,42322.00,525,2510325
20221115,10:28:16,42318.75,2975,2510325
20221115,10:28:18,42317.95,50,2510325
20221115,10:28:21,42316.10,50,2510325
20221115,10:28:23,42322.85,100,2510325
20221115,10:28:26,42322.00,125,2510325
20221115,10:28:28,42326.20,3550,2510325
20221115,10:28:29,42319.70,125,2510325
20221115,10:28:31,42324.00,50,2510325
20221115,10:28:33,42317.35,50,2510325
20221115,10:28:34,42317.35,50,2510325
20221115,10:28:41,42320.50,100,2510325
20221115,10:28:42,42325.50,2025,2510325
20221115,10:28:46,42323.85,25,2510325
20221115,10:28:49,42317.35,125,2510325
20221115,10:28:50,42322.95,25,2510325
20221115,10:28:54,42322.95,25,2510325
20221115,10:28:55,42323.10,50,2510325
20221115,10:28:57,42318.25,50,2510325
20221115,10:29:00,42316.40,100,2510325
20221115,10:29:02,42316.85,150,2510325
20221115,10:29:04,42320.95,2025,2510325
20221115,10:29:05,42315.05,200,2510325
20221115,10:29:07,42320.60,25,2510325
20221115,10:29:08,42320.90,100,2510325
20221115,10:29:12,42319.10,25,2510325
20221115,10:29:18,42315.60,50,2510325
20221115,10:29:28,42310.85,125,2510325
20221115,10:29:32,42307.35,50,2510325
20221115,10:29:35,42312.00,75,2510325
20221115,10:29:43,42310.15,50,2527750
20221115,10:29:44,42306.25,25,2527750
20221115,10:29:53,42309.00,25,2527750
20221115,10:29:54,42309.00,75,2527750
20221115,10:29:56,42310.00,25,2527750
20221115,10:29:58,42313.15,100,2527750
20221115,10:29:59,42313.00,25,2527750
20221115,10:30:01,42313.80,125,2527750
20221115,10:30:03,42306.25,50,2527750
20221115,10:30:04,42309.55,75,2527750
20221115,10:30:08,42306.05,50,2527750
20221115,10:30:09,42305.10,25,2527750
20221115,10:30:11,42310.00,25,2527750
20221115,10:30:14,42306.05,100,2527750
20221115,10:30:16,42305.15,50,2527750
20221115,10:30:17,42314.45,200,2527750
20221115,10:30:19,42313.45,250,2527750
20221115,10:30:21,42313.65,100,2527750
20221115,10:30:22,42305.75,75,2527750
20221115,10:30:24,42309.25,75,2527750
20221115,10:30:26,42310.00,25,2527750
20221115,10:30:27,42309.15,50,2527750
20221115,10:30:32,42316.30,1675,2527750
20221115,10:30:34,42310.20,25,2527750
20221115,10:30:37,42315.80,25,2527750
20221115,10:30:39,42318.25,175,2527750
20221115,10:30:42,42310.10,75,2527750
20221115,10:30:45,42310.10,50,2527750
20221115,10:30:47,42310.20,50,2527750
20221115,10:30:49,42310.20,75,2527750
20221115,10:30:52,42310.20,50,2527750
20221115,10:30:55,42311.00,100,2527750
20221115,10:30:57,42310.20,25,2527750
20221115,10:31:02,42315.00,50,2527750
20221115,10:31:03,42313.35,25,2527750
20221115,10:31:10,42309.35,75,2527750
20221115,10:31:16,42314.00,25,2527750
20221115,10:31:20,42310.25,25,2527750
20221115,10:31:29,42314.00,25,2527750
20221115,10:31:42,42313.00,25,2527750
20221115,10:31:44,42313.00,25,2527750
20221115,10:31:50,42313.00,125,2527750
20221115,10:31:52,42310.00,25,2527750
20221115,10:31:55,42309.75,25,2527750
20221115,10:32:00,42308.00,25,2527750
20221115,10:32:02,42308.00,25,2527750
20221115,10:32:06,42309.45,50,2527750
20221115,10:32:08,42307.15,25,2527750
20221115,10:32:13,42306.45,25,2527750
20221115,10:32:15,42305.40,25,2527750
20221115,10:32:20,42308.55,25,2527750
20221115,10:32:25,42305.10,50,2527750
20221115,10:32:29,42306.00,50,2527750
20221115,10:32:31,42305.10,25,2527750
20221115,10:32:34,42308.55,50,2527750
20221115,10:32:38,42308.55,25,2527750
20221115,10:32:39,42308.00,25,2527750
20221115,10:32:41,42308.55,75,2529050
20221115,10:32:42,42308.55,100,2529050
20221115,10:32:44,42305.30,75,2529050
20221115,10:32:45,42306.80,25,2529050
20221115,10:32:49,42305.05,250,2529050
20221115,10:32:50,42305.20,100,2529050
20221115,10:32:53,42304.30,175,2529050
20221115,10:32:56,42304.30,25,2529050
20221115,10:32:58,42304.30,25,2529050
20221115,10:32:59,42305.55,25,2529050
20221115,10:33:04,42306.80,175,2529050
20221115,10:33:06,42305.00,75,2529050
20221115,10:33:09,42304.00,200,2529050
20221115,10:33:10,42300.10,225,2529050
20221115,10:33:12,42300.10,125,2529050
20221115,10:33:13,42301.25,25,2529050
20221115,10:33:15,42300.10,75,2529050
20221115,10:33:16,42300.00,125,2529050
20221115,10:33:18,42300.10,50,2529050
20221115,10:33:21,42300.35,50,2529050
20221115,10:33:22,42300.00,200,2529050
20221115,10:33:24,42297.25,450,2529050
20221115,10:33:25,42302.50,25,2529050
20221115,10:33:29,42300.35,50,2529050
20221115,10:33:30,42300.05,50,2529050
20221115,10:33:32,42299.25,75,2529050
20221115,10:33:33,42300.40,1675,2529050
20221115,10:33:35,42298.75,75,2529050
20221115,10:33:38,42303.55,400,2529050
20221115,10:33:41,42298.70,25,2529050
20221115,10:33:43,42302.65,250,2529050
20221115,10:33:44,42295.65,25,2529050
20221115,10:33:46,42295.65,50,2529050
20221115,10:33:47,42293.30,700,2529050
20221115,10:33:51,42299.95,150,2529050
20221115,10:33:52,42293.05,175,2529050
20221115,10:33:54,42298.70,25,2529050
20221115,10:33:59,42292.35,625,2529050
20221115,10:34:00,42291.95,100,2529050
20221115,10:34:02,42292.80,25,2529050
20221115,10:34:03,42292.50,75,2529050
20221115,10:34:05,42294.70,25,2529050
20221115,10:34:06,42294.70,50,2529050
20221115,10:34:08,42300.00,75,2529050
20221115,10:34:10,42299.70,25,2529050
20221115,10:34:11,42300.00,25,2529050
20221115,10:34:13,42300.00,75,2529050
20221115,10:34:14,42295.20,50,2529050
20221115,10:34:17,42297.50,25,2529050
20221115,10:34:20,42302.00,125,2529050
20221115,10:34:22,42298.15,75,2529050
20221115,10:34:23,42298.85,225,2529050
20221115,10:34:25,42300.00,100,2529050
20221115,10:34:30,42300.00,100,2529050
20221115,10:34:36,42300.00,25,2529050
20221115,10:34:39,42305.50,550,2529050
20221115,10:34:41,42307.00,25,2529050
20221115,10:34:42,42307.00,125,2529050
20221115,10:34:44,42311.10,25,2529050
20221115,10:34:46,42313.10,775,2529050
20221115,10:34:51,42313.25,25,2529050
20221115,10:34:52,42312.20,25,2529050
20221115,10:34:54,42307.00,25,2529050
20221115,10:34:59,42313.35,50,2529050
20221115,10:35:00,42309.00,50,2529050
20221115,10:35:02,42312.30,100,2529050
20221115,10:35:03,42311.80,25,2529050
20221115,10:35:05,42311.60,25,2529050
20221115,10:35:06,42313.65,50,2529050
20221115,10:35:11,42311.00,25,2529050
20221115,10:35:13,42312.55,500,2529050
20221115,10:35:16,42311.00,25,2529050
20221115,10:35:23,42314.30,25,2529050
20221115,10:35:24,42312.95,125,2529050
20221115,10:35:28,42305.80,25,2529050
20221115,10:35:29,42305.00,225,2529050
20221115,10:35:34,42311.95,200,2529050
20221115,10:35:36,42305.00,50,2529050
20221115,10:35:45,42304.95,25,2532100
20221115,10:35:47,42302.80,25,2532100
20221115,10:35:49,42305.00,50,2532100
20221115,10:35:52,42303.80,50,2532100
20221115,10:36:00,42300.60,25,2532100
20221115,10:36:02,42302.20,50,2532100
20221115,10:36:03,42301.75,125,2532100
20221115,10:36:05,42300.50,25,2532100
20221115,10:36:06,42300.05,125,2532100
20221115,10:36:08,42303.80,175,2532100
20221115,10:36:10,42309.90,75,2532100
20221115,10:36:13,42302.80,25,2532100
20221115,10:36:15,42305.65,25,2532100
20221115,10:36:21,42305.30,25,2532100
20221115,10:36:23,42304.90,25,2532100
20221115,10:36:26,42305.00,100,2532100
20221115,10:36:28,42307.65,50,2532100
20221115,10:36:34,42306.10,25,2532100
20221115,10:36:36,42302.00,50,2532100
20221115,10:36:39,42302.00,75,2532100
20221115,10:36:41,42308.00,25,2532100
20221115,10:36:42,42308.00,50,2532100
20221115,10:36:44,42307.25,50,2532100
20221115,10:36:47,42300.10,100,2532100
20221115,10:36:48,42300.00,500,2532100
20221115,10:36:50,42303.00,50,2532100
20221115,10:36:52,42295.00,1100,2532100
20221115,10:36:53,42288.05,1750,2532100
20221115,10:36:57,42290.00,325,2532100
20221115,10:36:58,42296.00,75,2532100
20221115,10:37:00,42288.75,1000,2532100
20221115,10:37:02,42287.40,1025,2532100
20221115,10:37:03,42287.80,100,2532100
20221115,10:37:05,42288.20,550,2532100
20221115,10:37:06,42292.00,25,2532100
20221115,10:37:08,42290.00,450,2532100
20221115,10:37:10,42286.20,1100,2532100
20221115,10:37:11,42287.50,375,2532100
20221115,10:37:13,42286.20,25,2532100
20221115,10:37:14,42291.70,50,2532100
20221115,10:37:16,42285.00,50,2532100
20221115,10:37:18,42287.05,25,2532100
20221115,10:37:19,42290.00,150,2532100
20221115,10:37:22,42287.00,75,2532100
20221115,10:37:25,42291.55,75,2532100
20221115,10:37:27,42287.25,225,2532100
20221115,10:37:29,42291.20,100,2532100
20221115,10:37:33,42284.20,250,2532100
20221115,10:37:35,42286.00,25,2532100
20221115,10:37:36,42285.60,75,2532100
20221115,10:37:38,42285.55,25,2532100
20221115,10:37:41,42285.05,50,2532100
20221115,10:37:43,42289.30,50,2532100
20221115,10:37:46,42285.60,50,2532100
20221115,10:37:48,42285.00,50,2532100
20221115,10:37:49,42284.40,550,2532100
20221115,10:37:53,42285.00,25,2532100
20221115,10:37:54,42287.40,25,2532100
20221115,10:37:57,42285.00,25,2532100
20221115,10:37:59,42285.00,100,2532100
20221115,10:38:01,42284.40,300,2532100
20221115,10:38:05,42284.00,25,2532100
20221115,10:38:07,42283.85,50,2532100
20221115,10:38:10,42284.55,50,2532100
20221115,10:38:12,42287.00,25,2532100
20221115,10:38:13,42282.55,50,2532100
20221115,10:38:15,42289.30,75,2532100
20221115,10:38:18,42287.60,25,2532100
20221115,10:38:25,42281.10,50,2532100
20221115,10:38:26,42285.70,25,2532100
20221115,10:38:28,42282.00,50,2532100
20221115,10:38:31,42281.00,25,2532100
20221115,10:38:33,42285.00,50,2532100
20221115,10:38:34,42281.00,25,2532100
20221115,10:38:36,42281.00,25,2532100
20221115,10:38:37,42281.00,150,2532100
20221115,10:38:40,42281.00,25,2532100
20221115,10:38:42,42281.00,175,2532000
20221115,10:38:44,42281.15,125,2532000
20221115,10:38:45,42281.00,200,2532000
20221115,10:38:49,42283.50,50,2532000
20221115,10:38:52,42281.05,100,2532000
20221115,10:38:58,42284.90,50,2532000
20221115,10:39:00,42281.60,25,2532000
20221115,10:39:01,42281.00,275,2532000
20221115,10:39:03,42284.95,25,2532000
20221115,10:39:05,42286.95,150,2532000
20221115,10:39:06,42282.70,275,2532000
20221115,10:39:08,42281.15,25,2532000
20221115,10:39:09,42284.95,50,2532000
20221115,10:39:13,42285.80,100,2532000
20221115,10:39:16,42285.00,25,2532000
20221115,10:39:19,42285.75,25,2532000
20221115,10:39:21,42281.00,400,2532000
20221115,10:39:22,42280.30,175,2532000
20221115,10:39:24,42280.00,825,2532000
20221115,10:39:26,42277.00,75,2532000
20221115,10:39:27,42278.95,25,2532000
20221115,10:39:29,42279.00,50,2532000
20221115,10:39:30,42279.00,100,2532000
20221115,10:39:32,42277.50,100,2532000
20221115,10:39:35,42281.05,100,2532000
20221115,10:39:36,42284.10,75,2532000
20221115,10:39:38,42277.75,75,2532000
20221115,10:39:40,42285.40,375,2532000
20221115,10:39:41,42283.90,25,2532000
20221115,10:39:43,42282.80,25,2532000
20221115,10:39:45,42280.05,25,2532000
20221115,10:39:46,42277.65,50,2532000
20221115,10:39:48,42282.15,125,2532000
20221115,10:39:49,42282.15,25,2532000
20221115,10:39:53,42282.75,825,2532000
20221115,10:39:58,42283.95,100,2532000
20221115,10:40:01,42281.00,75,2532000
20221115,10:40:02,42282.65,25,2532000
20221115,10:40:04,42277.75,100,2532000
20221115,10:40:07,42281.95,100,2532000
20221115,10:40:09,42277.00,75,2532000
20221115,10:40:11,42277.00,25,2532000
20221115,10:40:12,42277.00,25,2532000
20221115,10:40:14,42280.00,25,2532000
20221115,10:40:15,42277.00,175,2532000
20221115,10:40:17,42280.00,25,2532000
20221115,10:40:18,42277.00,25,2532000
20221115,10:40:21,42280.00,150,2532000
20221115,10:40:23,42280.00,250,2532000
