20221115,09:15:01,18574.95,1,328850
20221115,09:15:01,18574.95,100,328850
20221115,09:15:03,18575.00,50,328850
20221115,09:15:05,18575.00,100,328850
20221115,09:15:06,18565.90,50,328850
20221115,09:15:10,18560.05,50,328850
20221115,09:15:12,18560.05,50,328850
20221115,09:15:13,18560.00,150,328850
20221115,09:15:15,18560.00,50,328850
20221115,09:15:16,18560.00,100,328850
20221115,09:15:19,18563.55,100,328850
20221115,09:15:25,18563.55,200,328850
20221115,09:15:26,18564.40,150,328850
20221115,09:15:28,18565.00,150,328850
20221115,09:15:29,18564.10,50,328850
20221115,09:15:33,18566.10,50,328850
20221115,09:15:34,18566.65,50,328850
20221115,09:15:35,18566.85,100,328850
20221115,09:15:36,18566.25,50,328850
20221115,09:15:42,18566.25,50,328850
20221115,09:15:50,18566.25,50,328850
20221115,09:15:51,18567.70,150,328850
20221115,09:15:53,18570.00,100,328850
20221115,09:15:57,18570.10,50,328850
20221115,09:15:58,18570.15,50,328850
20221115,09:16:05,18575.00,100,328850
20221115,09:16:09,18580.00,450,328850
20221115,09:16:10,18580.00,100,328850
20221115,09:16:11,18580.70,50,328850
20221115,09:16:13,18580.70,50,328850
20221115,09:16:21,18573.30,50,328850
20221115,09:16:36,18566.25,50,328850
20221115,09:17:04,18570.00,50,328850
20221115,09:17:17,18571.65,50,328850
20221115,09:17:21,18571.15,50,328850
20221115,09:17:26,18567.10,50,328600
20221115,09:17:31,18570.00,50,328600
20221115,09:17:32,18571.15,50,328600
20221115,09:17:33,18572.45,50,328600
20221115,09:17:36,18569.15,150,328600
20221115,09:17:54,18571.15,100,328600
20221115,09:17:55,18572.00,50,328600
20221115,09:17:59,18571.30,500,328600
20221115,09:18:03,18575.95,150,328600
20221115,09:18:13,18580.45,500,328600
20221115,09:18:15,18579.75,50,328600
20221115,09:18:23,18576.45,100,328600
20221115,09:18:28,18577.00,50,328600
20221115,09:18:31,18577.00,450,328600
20221115,09:18:32,18576.55,50,328600
20221115,09:18:49,18576.55,100,328600
20221115,09:19:00,18575.00,50,328600
20221115,09:19:04,18576.55,50,328600
20221115,09:19:07,18575.25,50,328600
20221115,09:19:23,18574.50,50,328600
20221115,09:19:43,18574.50,50,328600
20221115,09:19:48,18576.00,50,328600
20221115,09:20:03,18578.10,50,328600
20221115,09:20:06,18576.00,100,328600
20221115,09:20:19,18577.85,50,328600
20221115,09:20:21,18580.00,300,328600
20221115,09:21:37,18565.20,150,329200
20221115,09:21:57,18565.00,50,329200
20221115,09:22:06,18560.65,100,329200
20221115,09:22:08,18563.55,50,329200
20221115,09:22:11,18562.85,50,329200
20221115,09:22:14,18560.65,50,329200
20221115,09:22:17,18561.55,200,329200
20221115,09:22:26,18560.35,350,329200
20221115,09:22:38,18558.95,50,329200
20221115,09:22:42,18557.35,50,329200
20221115,09:22:52,18557.35,50,329200
20221115,09:23:20,18562.25,150,329200
20221115,09:23:27,18565.05,50,329700
20221115,09:23:41,18564.75,50,329700
20221115,09:23:42,18565.55,50,329700
20221115,09:23:47,18566.85,50,329700
20221115,09:23:48,18564.30,50,329700
20221115,09:23:49,18565.60,50,329700
20221115,09:24:09,18564.60,50,329700
20221115,09:24:12,18566.00,50,329700
20221115,09:24:17,18570.00,50,329700
20221115,09:24:19,18570.00,50,329700
20221115,09:24:23,18572.00,150,329700
20221115,09:24:30,18568.00,50,329700
20221115,09:24:36,18568.00,50,329700
20221115,09:24:49,18565.75,50,329700
20221115,09:24:56,18565.00,100,329700
20221115,09:25:11,18565.30,100,329700
20221115,09:25:13,18565.75,50,329700
20221115,09:25:42,18565.75,250,329700
20221115,09:26:52,18565.00,50,330550
20221115,09:27:00,18563.80,50,330550
20221115,09:27:06,18562.75,150,330550
20221115,09:27:25,18562.00,50,330550
20221115,09:27:36,18557.80,500,330550
20221115,09:27:39,18557.05,100,330550
20221115,09:27:57,18557.05,50,330550
20221115,09:28:15,18557.75,100,330550
20221115,09:28:16,18557.05,50,330550
20221115,09:28:17,18557.75,50,330550
20221115,09:28:21,18558.45,200,330550
20221115,09:28:27,18555.20,50,330550
20221115,09:28:32,18555.20,50,330550
20221115,09:28:33,18556.75,50,330550
20221115,09:29:12,18555.00,50,330550
20221115,09:29:16,18553.25,50,330550
20221115,09:29:20,18553.25,50,330550
20221115,09:29:21,18556.40,50,330550
20221115,09:29:22,18556.75,100,330550
20221115,09:29:32,18553.95,50,330950
20221115,09:29:50,18551.60,50,330950
20221115,09:29:54,18551.60,50,330950
20221115,09:29:55,18553.95,50,330950
20221115,09:29:56,18555.10,100,330950
20221115,09:30:05,18553.95,50,330950
20221115,09:30:08,18554.50,50,330950
20221115,09:30:16,18556.20,50,330950
20221115,09:30:18,18555.30,50,330950
20221115,09:30:35,18555.00,50,330950
20221115,09:30:45,18553.95,50,330950
20221115,09:31:03,18553.95,50,330950
20221115,09:31:22,18552.25,50,330950
20221115,09:31:25,18553.40,50,330950
20221115,09:31:30,18552.00,50,330950
20221115,09:31:31,18551.45,50,330950
20221115,09:31:37,18551.45,50,330950
20221115,09:31:42,18550.65,50,330950
20221115,09:32:05,18550.65,50,330950
20221115,09:32:25,18553.10,50,330950
20221115,09:32:33,18553.95,50,331000
20221115,09:32:38,18556.00,50,331000
20221115,09:32:58,18559.00,50,331000
20221115,09:33:00,18556.40,100,331000
20221115,09:33:03,18559.35,50,331000
20221115,09:33:07,18557.65,150,331000
20221115,09:33:08,18556.00,50,331000
20221115,09:33:11,18556.00,50,331000
20221115,09:33:21,18558.60,50,331000
20221115,09:33:25,18556.00,50,331000
20221115,09:33:40,18556.00,150,331000
20221115,09:33:48,18553.00,100,331000
20221115,09:34:04,18554.90,50,331000
20221115,09:34:07,18551.75,50,331000
20221115,09:34:56,18551.75,50,331000
20221115,09:35:06,18551.75,100,331000
20221115,09:35:07,18551.10,100,331000
20221115,09:35:29,18552.10,50,331450
20221115,09:35:42,18550.00,250,331450
20221115,09:36:03,18550.00,50,331450
20221115,09:36:06,18550.00,200,331450
20221115,09:36:42,18555.95,50,331450
20221115,09:37:03,18554.80,400,331450
20221115,09:37:15,18552.35,100,331450
20221115,09:37:20,18550.20,50,331450
20221115,09:37:56,18550.20,50,331450
20221115,09:38:16,18548.00,50,331450
20221115,09:38:32,18547.80,100,331450
20221115,09:38:34,18547.80,100,332050
20221115,09:38:37,18546.05,450,332050
20221115,09:39:38,18546.05,50,332050
20221115,09:39:47,18543.75,100,332050
20221115,09:39:52,18543.75,100,332050
20221115,09:40:17,18543.75,50,332050
20221115,09:40:28,18545.10,50,332050
20221115,09:40:31,18549.05,100,332050
20221115,09:40:51,18549.05,50,332050
20221115,09:41:04,18547.75,200,332050
20221115,09:41:05,18547.75,50,332050
20221115,09:41:15,18549.00,50,332050
20221115,09:41:16,18550.00,50,332050
20221115,09:41:37,18550.00,50,332650
20221115,09:41:49,18552.20,50,332650
20221115,09:41:54,18552.15,50,332650
20221115,09:42:06,18551.85,50,332650
20221115,09:42:10,18555.00,300,332650
20221115,09:42:21,18554.60,50,332650
20221115,09:42:36,18555.00,50,332650
20221115,09:44:35,18550.00,100,332600
20221115,09:44:49,18550.00,50,332600
20221115,09:44:55,18547.65,50,332600
20221115,09:45:31,18546.95,350,332600
20221115,09:46:03,18546.75,50,332600
20221115,09:46:13,18543.00,50,332600
20221115,09:46:14,18540.00,150,332600
20221115,09:46:51,18535.40,200,332600
20221115,09:47:13,18533.00,100,332600
20221115,09:47:22,18533.00,50,332600
20221115,09:47:40,18530.00,650,332500
20221115,09:47:41,18530.00,350,332500
20221115,09:47:45,18530.00,50,332500
20221115,09:48:05,18528.00,50,332500
20221115,09:48:11,18528.00,150,332500
20221115,09:48:24,18532.20,50,332500
20221115,09:48:25,18531.55,50,332500
20221115,09:48:27,18531.25,150,332500
20221115,09:48:29,18530.00,50,332500
20221115,09:48:30,18529.70,50,332500
20221115,09:48:44,18528.50,50,332500
20221115,09:48:46,18528.00,50,332500
20221115,09:48:49,18527.00,300,332500
20221115,09:49:15,18526.60,50,332500
20221115,09:49:16,18525.00,200,332500
20221115,09:49:19,18524.75,50,332500
20221115,09:49:21,18522.05,50,332500
20221115,09:49:23,18522.00,200,332500
20221115,09:49:25,18520.00,150,332500
20221115,09:49:26,18520.00,800,332500
20221115,09:49:30,18520.00,50,332500
20221115,09:49:31,18518.00,150,332500
20221115,09:49:32,18521.30,50,332500
20221115,09:49:52,18520.00,50,332500
20221115,09:49:57,18520.20,50,332500
20221115,09:50:01,18519.00,50,332500
20221115,09:50:18,18515.45,50,332500
20221115,09:50:26,18513.45,50,332500
20221115,09:50:33,18513.00,50,334850
20221115,09:50:45,18510.00,100,334850
20221115,09:50:46,18507.75,50,334850
20221115,09:50:49,18507.25,50,334850
20221115,09:50:54,18506.70,50,334850
20221115,09:51:02,18506.70,50,334850
20221115,09:51:04,18506.70,100,334850
20221115,09:51:06,18508.55,50,334850
20221115,09:51:13,18511.10,50,334850
20221115,09:51:20,18509.15,50,334850
20221115,09:51:26,18510.00,50,334850
20221115,09:51:29,18514.45,100,334850
20221115,09:51:29,18510.00,50,334850
20221115,09:51:31,18509.85,50,334850
20221115,09:52:12,18513.00,100,334850
20221115,09:52:19,18512.95,50,334850
20221115,09:52:25,18514.00,50,334850
20221115,09:52:33,18513.00,50,334850
20221115,09:52:37,18514.00,150,334850
20221115,09:52:42,18515.10,50,334850
20221115,09:52:43,18514.00,50,334850
20221115,09:52:56,18515.85,50,334850
20221115,09:53:00,18514.25,150,334850
20221115,09:53:01,18514.00,50,334850
20221115,09:53:09,18514.00,50,334850
20221115,09:53:10,18516.00,50,334850
20221115,09:53:11,18515.25,50,334850
20221115,09:53:27,18519.00,50,334850
20221115,09:53:36,18519.00,50,335400
20221115,09:53:40,18518.15,50,335400
20221115,09:53:56,18521.20,50,335400
20221115,09:54:03,18520.00,50,335400
20221115,09:54:08,18520.00,50,335400
20221115,09:54:10,18520.55,50,335400
20221115,09:54:14,18519.85,50,335400
20221115,09:54:24,18518.00,50,335400
20221115,09:54:35,18520.80,50,335400
20221115,09:54:43,18516.60,50,335400
20221115,09:54:52,18517.70,100,335400
20221115,09:55:13,18514.80,50,335400
20221115,09:55:14,18515.95,50,335400
20221115,09:55:33,18512.20,50,335400
20221115,09:56:24,18520.10,50,335400
20221115,09:57:19,18520.05,50,335450
20221115,09:57:27,18519.10,50,335450
20221115,09:57:33,18517.75,50,335450
20221115,09:57:55,18519.55,50,335450
20221115,09:58:15,18520.25,150,335450
20221115,09:58:23,18522.80,100,335450
20221115,09:58:30,18520.00,50,335450
20221115,09:58:37,18520.00,50,335450
20221115,09:58:44,18520.00,50,335450
20221115,09:58:45,18520.00,50,335450
20221115,09:58:46,18520.25,50,335450
20221115,09:58:49,18520.00,50,335450
20221115,09:59:19,18523.50,50,335450
20221115,09:59:38,18521.75,50,335800
20221115,09:59:48,18520.85,50,335800
20221115,09:59:53,18524.00,50,335800
20221115,10:00:15,18524.00,50,335800
20221115,10:00:18,18521.00,50,335800
20221115,10:00:30,18521.00,50,335800
20221115,10:00:31,18521.00,50,335800
20221115,10:00:42,18523.00,100,335800
20221115,10:00:48,18522.00,50,335800
20221115,10:00:53,18520.20,50,335800
20221115,10:00:55,18520.15,100,335800
20221115,10:01:09,18520.00,50,335800
20221115,10:01:15,18519.00,50,335800
20221115,10:01:20,18517.60,50,335800
20221115,10:01:35,18517.95,200,335800
20221115,10:01:38,18515.05,100,335800
20221115,10:01:43,18515.15,50,335800
20221115,10:01:58,18517.95,50,335800
20221115,10:02:12,18515.15,50,335800
20221115,10:02:15,18517.95,50,335800
20221115,10:03:08,18515.00,200,336000
20221115,10:04:01,18518.75,100,336000
20221115,10:05:18,18521.40,100,336000
20221115,10:05:35,18522.00,50,336350
20221115,10:05:48,18523.15,50,336350
20221115,10:06:17,18523.10,50,336350
20221115,10:06:26,18523.00,50,336350
20221115,10:06:31,18524.70,50,336350
20221115,10:06:36,18524.75,100,336350
20221115,10:06:37,18524.75,50,336350
20221115,10:06:42,18525.00,50,336350
20221115,10:06:53,18528.00,50,336350
20221115,10:07:06,18528.65,50,336350
20221115,10:07:47,18530.30,50,336350
20221115,10:07:49,18530.90,100,336350
20221115,10:07:51,18530.90,100,336350
20221115,10:07:54,18530.90,50,336350
20221115,10:07:59,18530.95,50,336350
20221115,10:08:10,18532.70,50,336350
20221115,10:08:13,18533.25,50,336350
20221115,10:08:20,18530.00,50,336350
20221115,10:08:42,18530.00,50,337000
20221115,10:09:16,18528.05,50,337000
20221115,10:09:52,18528.05,50,337000
20221115,10:10:04,18528.05,50,337000
20221115,10:10:10,18528.40,50,337000
20221115,10:10:22,18528.45,50,337000
20221115,10:10:23,18528.05,100,337000
20221115,10:11:08,18525.50,50,337000
20221115,10:11:39,18526.90,50,337250
20221115,10:11:49,18525.50,50,337250
20221115,10:12:14,18526.00,50,337250
20221115,10:12:15,18527.90,50,337250
20221115,10:12:38,18525.00,100,337250
20221115,10:13:10,18525.10,150,337250
20221115,10:14:58,18525.10,50,337450
20221115,10:15:04,18525.30,50,337450
20221115,10:15:11,18525.15,50,337450
20221115,10:15:18,18525.40,50,337450
20221115,10:15:19,18525.10,50,337450
20221115,10:15:29,18525.00,50,337450
20221115,10:15:31,18525.00,50,337450
20221115,10:15:38,18523.00,50,337450
20221115,10:15:42,18521.25,100,337450
20221115,10:16:23,18521.00,50,337450
20221115,10:16:26,18520.00,100,337450
20221115,10:16:28,18519.40,50,337450
20221115,10:16:47,18519.40,250,337450
20221115,10:18:08,18523.00,50,337850
20221115,10:18:25,18520.75,50,337850
20221115,10:18:29,18520.15,50,337850
20221115,10:18:34,18520.00,100,337850
20221115,10:18:57,18524.00,150,337850
20221115,10:19:12,18524.00,50,337850
20221115,10:19:20,18524.00,50,337850
20221115,10:19:35,18524.00,300,337850
20221115,10:21:02,18526.80,50,337850
20221115,10:21:37,18529.50,100,338450
20221115,10:22:11,18526.80,100,338450
20221115,10:23:27,18529.00,50,338450
20221115,10:23:50,18525.15,50,338350
20221115,10:23:53,18525.15,50,338350
20221115,10:24:08,18525.00,100,338350
20221115,10:24:21,18525.05,50,338350
20221115,10:24:32,18525.05,50,338350
20221115,10:24:34,18523.30,150,338350
20221115,10:24:44,18525.40,50,338350
20221115,10:24:46,18525.35,50,338350
20221115,10:25:04,18526.00,50,338350
20221115,10:25:22,18527.35,100,338350
20221115,10:25:38,18525.05,100,338350
20221115,10:25:40,18525.05,50,338350
20221115,10:25:41,18525.20,50,338350
20221115,10:25:42,18523.20,150,338350
20221115,10:25:44,18523.00,100,338350
20221115,10:26:00,18523.00,250,338350
20221115,10:26:14,18520.00,50,338350
20221115,10:26:15,18520.00,50,338350
20221115,10:26:19,18522.00,50,338350
20221115,10:26:35,18521.75,50,339350
20221115,10:26:42,18520.00,50,339350
20221115,10:26:49,18520.00,100,339350
20221115,10:27:01,18520.00,50,339350
20221115,10:27:10,18519.60,50,339350
20221115,10:27:12,18518.05,50,339350
20221115,10:27:14,18518.05,50,339350
20221115,10:27:23,18517.10,350,339350
20221115,10:27:48,18520.00,50,339350
20221115,10:28:04,18520.00,50,339350
20221115,10:28:14,18520.25,50,339350
20221115,10:28:58,18523.90,50,339350
20221115,10:29:05,18523.90,100,339350
20221115,10:29:10,18522.15,100,339350
20221115,10:29:13,18522.15,50,339350
20221115,10:29:14,18522.15,250,339350
20221115,10:29:18,18522.15,50,339350
20221115,10:29:22,18522.15,100,339350
20221115,10:29:23,18523.10,250,339350
20221115,10:29:24,18524.00,50,339350
20221115,10:29:29,18522.15,50,339350
20221115,10:29:31,18522.15,50,339350
20221115,10:29:39,18520.00,50,340500
20221115,10:30:16,18518.70,50,340500
20221115,10:30:17,18518.65,50,340500
20221115,10:30:19,18518.50,50,340500
20221115,10:30:21,18518.55,50,340500
20221115,10:30:22,18518.50,50,340500
20221115,10:30:23,18518.50,50,340500
20221115,10:30:37,18520.55,50,340500
20221115,10:31:00,18522.00,100,340500
20221115,10:31:30,18520.15,50,340500
20221115,10:31:31,18520.15,100,340500
20221115,10:31:33,18520.15,50,340500
20221115,10:31:44,18520.15,150,340500
20221115,10:31:49,18520.15,50,340500
20221115,10:31:55,18520.15,50,340500
20221115,10:32:29,18518.50,50,340500
20221115,10:32:48,18518.15,50,341350
20221115,10:32:49,18518.30,100,341350
20221115,10:32:50,18518.20,50,341350
20221115,10:32:52,18518.20,50,341350
20221115,10:33:22,18518.20,250,341350
20221115,10:33:25,18518.15,50,341350
20221115,10:33:30,18518.15,50,341350
20221115,10:33:33,18518.15,50,341350
20221115,10:33:37,18518.15,100,341350
20221115,10:33:39,18518.00,100,341350
20221115,10:33:40,18518.15,150,341350
20221115,10:33:42,18519.80,300,341350
20221115,10:33:45,18519.80,50,341350
20221115,10:33:47,18519.80,50,341350
20221115,10:33:48,18518.15,50,341350
20221115,10:33:53,18516.55,50,341350
20221115,10:33:55,18515.15,50,341350
20221115,10:34:00,18515.15,50,341350
20221115,10:34:06,18515.35,50,341350
20221115,10:34:22,18517.00,50,341350
20221115,10:34:23,18518.00,50,341350
20221115,10:34:49,18518.15,50,341350
20221115,10:35:18,18518.15,50,341350
20221115,10:35:20,18518.00,50,341350
20221115,10:36:08,18516.00,50,342250
20221115,10:36:20,18516.00,50,342250
20221115,10:36:27,18516.00,50,342250
20221115,10:36:50,18516.00,100,342250
20221115,10:36:55,18515.00,150,342250
20221115,10:37:03,18515.00,50,342250
20221115,10:38:15,18515.20,50,342250
20221115,10:38:23,18516.90,50,342250
20221115,10:38:34,18516.90,50,342250
20221115,10:39:00,18515.00,100,342250
20221115,10:39:16,18515.00,200,342250
20221115,10:39:24,18514.00,100,342250
20221115,10:39:31,18513.25,100,342250
20221115,10:39:43,18513.25,250,342250
20221115,10:39:48,18513.25,250,342250
20221115,10:39:51,18513.25,250,342250
20221115,10:39:55,18513.25,250,342250
20221115,10:40:01,18513.25,250,342250
20221115,10:40:03,18513.25,250,342250
20221115,10:40:06,18513.25,250,342250
20221115,10:40:40,18513.25,250,342250
20221115,10:40:52,18515.00,50,342250
20221115,10:41:34,18516.75,50,342250
20221115,10:42:58,18520.00,150,344150
20221115,10:43:19,18519.75,50,344150
20221115,10:43:52,18520.00,50,344150
20221115,10:43:52,18523.50,50,344150
20221115,10:44:32,18525.00,50,344150
20221115,10:44:38,18523.50,100,344150
20221115,10:45:04,18523.00,200,344250
20221115,10:45:23,18520.00,50,344250
20221115,10:45:35,18523.40,50,344250
20221115,10:49:18,18527.00,50,344500
20221115,10:49:29,18530.00,100,344500
20221115,10:49:41,18528.55,50,344500
20221115,10:50:01,18529.50,50,344500
20221115,10:50:09,18531.95,50,344500
20221115,10:50:45,18528.55,50,344550
20221115,10:52:00,18531.60,50,344550
20221115,10:52:16,18532.00,50,344550
20221115,10:52:18,18532.00,50,344550
20221115,10:53:11,18531.75,50,344550
20221115,10:53:17,18531.40,50,344550
20221115,10:54:32,18529.10,50,344550
20221115,10:55:29,18529.10,50,344700
20221115,10:57:03,18530.15,50,344800
20221115,10:57:10,18530.15,50,344800
20221115,10:57:20,18530.00,50,344800
20221115,10:57:42,18532.50,50,344800
20221115,10:57:43,18533.85,50,344800
20221115,10:57:47,18534.00,50,344800
20221115,10:58:13,18532.75,50,344800
20221115,10:59:52,18525.00,300,345000
20221115,11:00:04,18525.00,50,345000
20221115,11:00:19,18523.00,300,345000
20221115,11:00:30,18522.00,100,345000
20221115,11:00:35,18523.00,50,345000
20221115,11:00:44,18523.00,50,345000
20221115,11:00:51,18520.00,750,345000
20221115,11:01:13,18520.30,50,345000
20221115,11:02:08,18523.00,50,345000
20221115,11:04:00,18520.00,100,344800
20221115,11:04:12,18520.00,50,344800
20221115,11:04:29,18518.25,200,344800
20221115,11:04:35,18521.00,50,344800
20221115,11:04:52,18520.00,50,344800
20221115,11:04:53,18520.00,50,344800
20221115,11:05:43,18519.00,50,345000
20221115,11:05:48,18519.00,50,345000
20221115,11:06:11,18517.10,100,345000
20221115,11:06:28,18515.25,50,345000
20221115,11:06:48,18517.00,50,345000
20221115,11:06:50,18516.00,50,345000
20221115,11:06:52,18515.40,50,345000
20221115,11:06:56,18515.40,50,345000
20221115,11:06:58,18518.45,50,345000
20221115,11:07:28,18515.00,200,345000
20221115,11:07:39,18512.30,100,345000
20221115,11:07:49,18512.70,100,345000
20221115,11:07:59,18512.80,50,345000
20221115,11:08:18,18515.50,50,345000
20221115,11:09:26,18516.15,50,345450
20221115,11:09:56,18516.00,50,345450
20221115,11:10:51,18515.40,50,345450
20221115,11:11:52,18515.00,50,345450
20221115,11:11:55,18515.40,100,345450
20221115,11:12:22,18521.80,50,345450
20221115,11:13:20,18519.40,50,345450
20221115,11:13:44,18520.00,50,345450
20221115,11:14:49,18519.40,50,345550
20221115,11:14:57,18518.50,200,345550
20221115,11:17:19,18522.95,100,345550
20221115,11:19:06,18524.95,50,345450
20221115,11:19:25,18520.20,50,345450
20221115,11:20:20,18520.55,50,345450
20221115,11:21:34,18523.15,50,345600
20221115,11:21:35,18525.00,50,345600
20221115,11:21:38,18523.55,100,345600
20221115,11:22:54,18525.30,100,345600
20221115,11:23:35,18527.15,50,345600
20221115,11:24:05,18529.25,100,345600
20221115,11:24:13,18527.65,50,345800
20221115,11:24:34,18527.00,50,345800
20221115,11:24:53,18527.65,50,345800
20221115,11:24:54,18528.60,50,345800
20221115,11:25:12,18530.00,100,345800
20221115,11:25:13,18530.00,50,345800
20221115,11:25:17,18527.75,100,345800
20221115,11:25:23,18528.00,50,345800
20221115,11:25:26,18527.50,100,345800
20221115,11:25:53,18526.00,100,345800
20221115,11:25:55,18526.00,50,345800
20221115,11:26:05,18525.05,50,345800
20221115,11:26:18,18525.05,100,345800
20221115,11:26:40,18527.70,50,345800
20221115,11:27:29,18526.05,50,346450
20221115,11:28:09,18525.70,50,346450
20221115,11:28:39,18525.55,100,346450
20221115,11:28:40,18525.25,100,346450
20221115,11:29:47,18523.95,50,346450
20221115,11:30:09,18523.85,50,346800
20221115,11:30:57,18523.00,50,346800
20221115,11:31:21,18521.15,50,346800
20221115,11:31:33,18521.20,100,346800
20221115,11:31:52,18521.40,50,346800
20221115,11:31:59,18522.40,50,346800
20221115,11:32:17,18524.60,100,346800
20221115,11:32:49,18528.95,100,347150
20221115,11:32:55,18525.60,100,347150
20221115,11:33:36,18530.00,250,347150
20221115,11:33:43,18526.60,50,347150
20221115,11:33:59,18526.25,50,347150
20221115,11:34:19,18526.20,100,347150
20221115,11:35:02,18524.80,50,347150
20221115,11:35:10,18525.70,50,347150
20221115,11:35:11,18526.00,50,347150
20221115,11:35:14,18526.00,50,347150
20221115,11:35:19,18525.65,100,347150
20221115,11:35:20,18526.00,150,347150
20221115,11:35:38,18526.10,50,347150
20221115,11:36:41,18526.30,50,347800
20221115,11:37:00,18526.30,50,347800
20221115,11:37:56,18527.00,50,347800
20221115,11:38:07,18527.00,50,347800
20221115,11:38:51,18526.15,100,347950
20221115,11:39:06,18529.95,50,347950
20221115,11:39:32,18530.00,50,347950
20221115,11:39:32,18531.00,50,347950
20221115,11:39:48,18531.00,50,347950
20221115,11:40:14,18537.75,250,347950
20221115,11:40:14,18540.00,100,347950
20221115,11:40:15,18542.40,100,347950
20221115,11:40:23,18540.05,100,347950
20221115,11:40:42,18538.05,100,347950
20221115,11:41:07,18541.40,100,347950
20221115,11:41:13,18540.80,100,347950
20221115,11:41:19,18540.15,150,347950
20221115,11:41:37,18539.20,50,347950
20221115,11:41:43,18538.00,50,347950
20221115,11:42:11,18537.05,50,348650
20221115,11:42:18,18538.00,50,348650
20221115,11:42:44,18535.00,50,348650
20221115,11:43:06,18535.05,100,348650
20221115,11:45:42,18536.00,50,348650
20221115,11:46:23,18533.15,50,348650
20221115,11:47:30,18535.80,250,348650
20221115,11:47:39,18532.65,100,348650
20221115,11:47:40,18532.70,50,348650
20221115,11:47:42,18532.20,100,348650
20221115,11:50:24,18525.75,50,348950
20221115,11:50:28,18526.80,100,348950
20221115,11:51:26,18528.00,50,349050
20221115,11:51:54,18526.80,50,349050
20221115,11:52:14,18527.75,50,349050
20221115,11:55:33,18529.20,50,349150
20221115,11:58:03,18529.20,50,349200
20221115,11:58:11,18527.15,200,349200
20221115,11:58:25,18527.15,50,349200
20221115,11:58:29,18527.15,200,349200
20221115,12:01:18,18529.45,150,349600
20221115,12:01:21,18529.60,100,349600
20221115,12:03:34,18532.75,50,349650
20221115,12:03:40,18532.75,50,349650
20221115,12:03:46,18532.75,50,349650
20221115,12:06:20,18524.55,50,349600
20221115,12:07:43,18523.75,100,349600
20221115,12:08:45,18523.05,150,349600
20221115,12:09:15,18523.05,250,349700
20221115,12:09:25,18524.75,150,349700
20221115,12:09:38,18524.75,250,349700
20221115,12:10:32,18524.00,50,349700
20221115,12:10:39,18524.00,100,349700
20221115,12:12:45,18523.00,300,350450
20221115,12:12:48,18523.00,50,350450
20221115,12:12:56,18521.15,50,350450
20221115,12:13:25,18521.15,50,350450
20221115,12:13:50,18521.15,50,350450
20221115,12:14:10,18521.30,50,350450
20221115,12:14:21,18521.35,50,350450
20221115,12:15:48,18524.25,100,350850
20221115,12:16:43,18522.70,50,350850
20221115,12:16:57,18522.10,100,350850
20221115,12:17:11,18520.00,200,350850
20221115,12:17:18,18518.00,100,350850
20221115,12:17:20,18518.00,150,350850
20221115,12:17:25,18518.00,100,350850
20221115,12:18:27,18519.75,50,350950
20221115,12:18:31,18520.00,50,350950
20221115,12:19:07,18521.00,50,350950
20221115,12:19:18,18522.10,50,350950
20221115,12:19:49,18521.35,50,350950
20221115,12:20:02,18520.00,50,350950
20221115,12:23:35,18530.00,50,351000
20221115,12:23:39,18529.95,50,351000
20221115,12:24:43,18531.05,50,351050
20221115,12:25:39,18536.00,50,351050
20221115,12:25:42,18538.00,50,351050
20221115,12:25:54,18540.00,250,351050
20221115,12:25:55,18540.00,550,351050
20221115,12:26:14,18544.20,50,351050
20221115,12:26:15,18544.55,50,351050
20221115,12:27:05,18544.55,100,351050
20221115,12:27:41,18545.15,50,350750
20221115,12:27:43,18543.45,50,350750
20221115,12:27:44,18543.45,100,350750
20221115,12:27:45,18543.60,100,350750
20221115,12:27:46,18543.20,100,350750
20221115,12:27:47,18543.25,50,350750
20221115,12:28:01,18542.60,50,350750
20221115,12:28:08,18542.40,50,350750
20221115,12:28:22,18541.20,50,350750
20221115,12:28:38,18541.20,250,350750
20221115,12:28:57,18543.95,50,350750
20221115,12:29:07,18543.25,50,350750
20221115,12:29:10,18545.00,50,350750
20221115,12:29:21,18548.00,50,350750
20221115,12:29:39,18547.45,50,350750
20221115,12:29:43,18548.00,150,350750
20221115,12:29:49,18549.00,100,350750
20221115,12:30:03,18550.00,100,350750
20221115,12:30:06,18550.00,50,351250
20221115,12:30:11,18550.00,100,351250
20221115,12:30:28,18555.00,50,351250
20221115,12:30:39,18555.00,100,351250
20221115,12:30:43,18555.25,50,351250
20221115,12:30:48,18555.00,50,351250
20221115,12:30:58,18554.00,100,351250
20221115,12:31:16,18551.60,50,351250
20221115,12:31:43,18554.00,50,351250
20221115,12:32:17,18550.00,50,351250
20221115,12:32:35,18550.00,50,351250
20221115,12:32:45,18551.30,50,351250
20221115,12:32:50,18550.00,50,351250
20221115,12:32:51,18550.00,50,351250
20221115,12:33:26,18545.15,50,351250
20221115,12:34:03,18545.15,50,351650
20221115,12:34:19,18547.10,50,351650
20221115,12:35:01,18545.50,50,351650
20221115,12:35:20,18545.75,50,351650
20221115,12:35:43,18547.95,100,351650
20221115,12:35:51,18547.10,50,351650
20221115,12:36:34,18545.15,50,351800
20221115,12:37:11,18545.25,100,351800
20221115,12:37:32,18546.35,100,351800
20221115,12:38:09,18547.40,100,351800
20221115,12:38:20,18550.00,50,351800
20221115,12:38:28,18550.00,50,351800
20221115,12:38:34,18550.45,50,351800
20221115,12:38:38,18550.55,50,351800
20221115,12:38:50,18552.00,50,351800
20221115,12:39:17,18554.15,50,352100
20221115,12:39:26,18555.75,50,352100
20221115,12:39:33,18555.90,50,352100
20221115,12:42:09,18555.00,50,352200
20221115,12:42:43,18558.55,100,352200
20221115,12:42:49,18560.00,150,352200
20221115,12:42:50,18560.00,50,352200
20221115,12:42:53,18560.00,50,352200
20221115,12:43:09,18560.00,50,352200
20221115,12:43:37,18555.10,50,352200
20221115,12:45:18,18554.45,100,352300
20221115,12:45:34,18552.00,50,352300
20221115,12:45:39,18553.95,50,352300
20221115,12:47:02,18553.95,50,352300
20221115,12:48:11,18555.40,50,352400
20221115,12:49:35,18557.00,50,352400
20221115,12:49:36,18556.25,100,352400
20221115,12:49:40,18556.20,50,352400
20221115,12:50:12,18558.90,50,352400
20221115,12:50:16,18558.90,50,352400
20221115,12:50:25,18558.90,100,352400
20221115,12:50:39,18560.00,50,352400
20221115,12:50:42,18559.00,50,352400
20221115,12:50:43,18560.00,50,352400
20221115,12:51:00,18560.00,50,352400
20221115,12:51:06,18560.00,100,352650
20221115,12:52:23,18556.45,50,352650
20221115,12:52:35,18556.45,550,352650
20221115,12:52:49,18557.05,50,352650
20221115,12:53:28,18560.95,400,352650
20221115,12:53:29,18562.50,50,352650
20221115,12:53:40,18563.95,50,352650
20221115,12:53:48,18567.00,200,352650
20221115,12:53:50,18568.75,100,352650
20221115,12:54:38,18567.90,50,353500
20221115,12:55:02,18568.00,50,353500
20221115,12:55:09,18567.00,100,353500
20221115,12:55:10,18568.95,50,353500
20221115,12:57:57,18561.95,50,353600
20221115,12:59:03,18558.30,50,353600
20221115,12:59:54,18560.00,50,353600
20221115,13:00:20,18560.10,100,353700
20221115,13:00:24,18561.00,50,353700
20221115,13:00:25,18562.95,50,353700
20221115,13:00:50,18555.60,100,353700
20221115,13:01:06,18555.45,50,353700
20221115,13:01:19,18555.45,50,353700
20221115,13:02:22,18559.00,100,353700
20221115,13:02:37,18559.00,50,353700
20221115,13:04:54,18555.00,100,353850
20221115,13:04:54,18552.80,50,353850
20221115,13:06:05,18552.00,200,353850
20221115,13:06:18,18549.05,250,353850
20221115,13:06:22,18547.65,50,353850
20221115,13:06:28,18549.05,150,353850
20221115,13:06:39,18553.00,50,353850
20221115,13:07:09,18552.80,50,353850
20221115,13:07:10,18552.80,100,353850
20221115,13:07:15,18552.80,100,353850
20221115,13:07:20,18555.00,50,353850
20221115,13:08:10,18559.05,50,353850
20221115,13:08:32,18557.70,50,353850
20221115,13:09:55,18559.20,50,353850
20221115,13:10:11,18560.00,50,353850
20221115,13:10:20,18560.00,50,353850
20221115,13:10:21,18563.00,50,353850
20221115,13:10:43,18563.00,50,353850
20221115,13:10:45,18563.00,50,353850
20221115,13:11:59,18560.00,50,353850
20221115,13:12:08,18560.00,50,353800
20221115,13:13:38,18560.00,50,353800
20221115,13:14:16,18559.00,50,353800
20221115,13:14:56,18555.40,50,353800
20221115,13:15:27,18555.40,50,353800
20221115,13:17:22,18558.00,50,353850
20221115,13:17:23,18560.00,50,353850
20221115,13:17:24,18559.70,50,353850
20221115,13:17:27,18558.75,50,353850
20221115,13:19:01,18560.00,50,353950
20221115,13:20:30,18558.80,50,353950
20221115,13:22:08,18558.00,50,354000
20221115,13:23:15,18558.00,150,354000
20221115,13:24:04,18560.00,50,354000
20221115,13:26:21,18560.00,50,354000
20221115,13:26:46,18560.90,50,354100
20221115,13:26:48,18561.00,50,354100
20221115,13:27:27,18563.75,100,354200
20221115,13:27:54,18564.95,50,354200
20221115,13:27:57,18561.00,400,354200
20221115,13:28:29,18563.70,50,354200
20221115,13:29:17,18561.00,50,354200
20221115,13:29:52,18561.00,50,354200
20221115,13:30:17,18561.00,50,354400
20221115,13:30:26,18561.00,150,354400
20221115,13:30:46,18562.60,50,354400
20221115,13:30:58,18561.00,300,354400
20221115,13:32:22,18555.10,50,354400
20221115,13:32:25,18555.10,50,354400
20221115,13:32:58,18555.05,50,354400
20221115,13:33:22,18552.05,50,354300
20221115,13:33:23,18551.80,50,354300
20221115,13:33:28,18550.05,50,354300
20221115,13:33:37,18550.00,100,354300
20221115,13:33:50,18550.00,150,354300
20221115,13:33:55,18550.00,50,354300
20221115,13:34:13,18553.60,250,354300
20221115,13:34:55,18555.00,50,354300
20221115,13:35:17,18556.00,100,354300
20221115,13:36:11,18550.70,50,354300
20221115,13:36:38,18550.70,50,354750
20221115,13:37:18,18550.05,200,354750
20221115,13:38:15,18550.05,100,354750
20221115,13:38:52,18556.90,50,354750
20221115,13:39:32,18558.00,50,354800
20221115,13:40:05,18555.85,50,354800
20221115,13:40:19,18559.35,50,354800
20221115,13:40:26,18555.20,50,354800
20221115,13:40:27,18559.35,50,354800
20221115,13:41:35,18559.95,50,354800
20221115,13:41:46,18560.00,50,354800
20221115,13:42:23,18560.00,50,354850
20221115,13:42:29,18560.00,50,354850
20221115,13:43:06,18560.00,150,354850
20221115,13:43:09,18561.00,50,354850
20221115,13:43:11,18563.00,50,354850
20221115,13:44:06,18565.00,50,354850
20221115,13:44:07,18565.00,100,354850
20221115,13:44:08,18568.00,100,354850
20221115,13:44:13,18568.80,50,354850
20221115,13:44:22,18567.15,50,354850
20221115,13:45:00,18565.75,50,354850
20221115,13:45:06,18565.30,50,354850
20221115,13:45:10,18566.05,50,354850
20221115,13:45:37,18564.10,50,355050
20221115,13:45:46,18566.00,150,355050
20221115,13:46:07,18564.05,50,355050
20221115,13:46:25,18563.30,50,355050
20221115,13:46:29,18563.85,50,355050
20221115,13:46:36,18563.00,50,355050
20221115,13:46:56,18564.20,150,355050
20221115,13:47:07,18566.05,50,355050
20221115,13:47:27,18559.50,50,355050
20221115,13:47:38,18560.00,50,355050
20221115,13:48:34,18562.00,50,355300
20221115,13:48:37,18560.75,50,355300
20221115,13:49:48,18562.50,50,355300
20221115,13:49:49,18563.00,50,355300
20221115,13:49:52,18563.00,50,355300
20221115,13:50:46,18560.00,50,355300
20221115,13:51:22,18561.00,50,355300
20221115,13:52:15,18559.00,50,355500
20221115,13:52:29,18556.70,50,355500
20221115,13:52:34,18557.65,300,355500
20221115,13:53:29,18555.00,100,355500
20221115,13:54:36,18555.00,50,355600
20221115,13:55:35,18553.95,50,355600
20221115,13:55:52,18553.95,100,355600
20221115,13:56:54,18553.00,50,355600
20221115,13:56:55,18555.10,50,355600
20221115,13:57:27,18555.00,100,355700
20221115,13:57:28,18558.75,50,355700
20221115,13:57:55,18558.75,50,355700
20221115,13:58:01,18558.75,50,355700
20221115,13:58:02,18558.75,100,355700
20221115,13:58:22,18554.60,100,355700
20221115,13:59:22,18554.60,50,355700
20221115,13:59:35,18550.15,100,355700
20221115,13:59:44,18548.00,100,355700
20221115,13:59:51,18545.00,100,355700
20221115,14:00:51,18546.40,50,356100
20221115,14:01:25,18550.05,50,356100
20221115,14:02:51,18544.00,100,356100
20221115,14:03:00,18543.55,50,356100
20221115,14:04:35,18543.00,50,356100
20221115,14:04:39,18546.70,100,356100
20221115,14:04:53,18546.70,150,356100
20221115,14:07:02,18544.70,50,356100
20221115,14:07:03,18547.95,50,356100
20221115,14:08:54,18543.50,50,356100
20221115,14:09:50,18547.95,50,356150
20221115,14:12:42,18546.50,50,356200
20221115,14:13:11,18547.65,50,356200
20221115,14:13:39,18546.20,50,356200
20221115,14:13:54,18545.00,50,356200
20221115,14:13:59,18544.00,50,356200
20221115,14:15:06,18544.00,200,356200
20221115,14:15:16,18543.50,50,356200
20221115,14:15:21,18543.00,50,356300
20221115,14:15:54,18538.55,350,356300
20221115,14:16:07,18540.55,50,356300
20221115,14:16:08,18540.75,50,356300
20221115,14:16:10,18542.30,50,356300
20221115,14:16:16,18540.75,100,356300
20221115,14:16:17,18540.75,50,356300
20221115,14:16:24,18540.55,50,356300
20221115,14:16:33,18540.55,50,356300
20221115,14:16:38,18540.55,100,356300
20221115,14:16:58,18539.30,50,356300
20221115,14:17:01,18540.00,50,356300
20221115,14:17:09,18538.20,50,356300
20221115,14:17:10,18539.60,100,356300
20221115,14:17:11,18540.00,50,356300
20221115,14:17:45,18538.00,100,356300
20221115,14:17:46,18538.00,50,356300
20221115,14:17:49,18538.00,50,356300
20221115,14:17:52,18538.00,350,356300
20221115,14:18:10,18536.40,100,356300
20221115,14:18:37,18536.05,50,356600
20221115,14:19:03,18540.00,100,356600
20221115,14:19:25,18542.60,50,356600
20221115,14:19:45,18544.45,50,356600
20221115,14:20:09,18544.45,50,356600
20221115,14:20:16,18545.00,100,356600
20221115,14:20:51,18545.00,50,356600
20221115,14:21:58,18550.00,100,356750
20221115,14:22:13,18556.10,50,356750
20221115,14:22:19,18557.10,50,356750
20221115,14:22:24,18555.55,50,356750
20221115,14:22:58,18555.55,50,356750
20221115,14:23:05,18555.55,50,356750
20221115,14:23:25,18554.85,50,356750
20221115,14:23:32,18555.55,50,356750
20221115,14:23:36,18556.15,50,356750
20221115,14:24:00,18558.30,50,356750
20221115,14:24:12,18556.15,50,356750
20221115,14:24:46,18562.00,50,356850
20221115,14:24:56,18562.90,50,356850
20221115,14:25:07,18568.40,150,356850
20221115,14:25:08,18565.60,50,356850
20221115,14:25:11,18569.00,50,356850
20221115,14:25:17,18570.00,200,356850
20221115,14:25:45,18570.00,50,356850
20221115,14:25:48,18570.00,50,356850
20221115,14:25:50,18570.00,50,356850
20221115,14:25:54,18570.00,50,356850
20221115,14:25:59,18570.00,50,356850
20221115,14:26:09,18570.40,50,356850
20221115,14:26:10,18569.70,50,356850
20221115,14:26:12,18570.85,50,356850
20221115,14:26:13,18570.85,50,356850
20221115,14:26:18,18569.75,50,356850
20221115,14:26:20,18569.75,150,356850
20221115,14:26:29,18570.85,50,356850
20221115,14:26:48,18570.70,100,356850
20221115,14:26:54,18569.75,50,356850
20221115,14:26:55,18569.00,350,356850
20221115,14:26:56,18569.00,200,356850
20221115,14:26:58,18569.00,400,356850
20221115,14:27:07,18569.00,50,356850
20221115,14:27:22,18569.00,100,357300
20221115,14:28:08,18568.30,100,357300
20221115,14:28:54,18566.35,50,357300
20221115,14:28:55,18563.35,50,357300
20221115,14:29:11,18561.65,100,357300
20221115,14:29:30,18563.20,50,357300
20221115,14:29:44,18561.15,50,357300
20221115,14:29:50,18561.30,50,357300
20221115,14:29:52,18563.00,50,357300
20221115,14:30:15,18563.00,50,357300
20221115,14:31:43,18560.65,50,357400
20221115,14:31:45,18560.65,50,357400
20221115,14:32:38,18559.65,50,357400
20221115,14:32:50,18559.55,150,357400
20221115,14:33:04,18560.05,50,357400
20221115,14:33:09,18563.40,50,357400
20221115,14:33:53,18564.00,50,357600
20221115,14:33:57,18564.95,50,357600
20221115,14:34:09,18569.80,50,357600
20221115,14:34:20,18569.80,50,357600
20221115,14:36:14,18567.60,100,357600
20221115,14:36:17,18569.00,100,357600
20221115,14:36:38,18565.90,50,357800
20221115,14:37:30,18562.25,150,357800
20221115,14:37:57,18560.00,50,357800
20221115,14:38:53,18558.15,50,357800
20221115,14:39:48,18560.00,50,357850
20221115,14:39:58,18562.65,50,357850
20221115,14:41:09,18558.35,50,357850
20221115,14:41:30,18556.10,50,357850
20221115,14:41:39,18557.05,50,357850
20221115,14:42:45,18562.70,100,357850
20221115,14:42:55,18562.70,50,357850
20221115,14:43:14,18568.15,150,357850
20221115,14:43:22,18568.95,50,357850
20221115,14:43:41,18568.15,100,357850
20221115,14:44:16,18565.50,50,357850
20221115,14:45:11,18568.95,50,357850
20221115,14:46:12,18568.40,50,358050
20221115,14:46:16,18565.05,50,358050
20221115,14:47:29,18568.00,50,358050
20221115,14:47:44,18569.00,100,358050
20221115,14:47:57,18568.00,50,358050
20221115,14:48:19,18570.40,250,358050
20221115,14:48:29,18568.05,50,358050
20221115,14:48:54,18570.00,50,358050
20221115,14:49:10,18571.95,200,358050
20221115,14:50:27,18570.00,50,358050
20221115,14:50:31,18568.15,50,358050
20221115,14:52:01,18570.00,50,358250
20221115,14:52:07,18570.00,50,358250
20221115,14:52:14,18570.00,50,358250
20221115,14:52:17,18570.00,50,358250
20221115,14:52:57,18572.00,50,358250
20221115,14:53:13,18568.15,50,358250
20221115,14:53:14,18569.85,100,358250
20221115,14:53:18,18569.35,100,358250
20221115,14:53:19,18569.60,50,358250
20221115,14:53:21,18568.70,200,358250
20221115,14:53:24,18568.50,50,358250
20221115,14:53:31,18565.75,50,358250
20221115,14:53:37,18567.75,50,358250
20221115,14:53:39,18568.20,50,358250
20221115,14:53:41,18565.00,50,358250
20221115,14:54:21,18566.05,100,358250
20221115,14:54:37,18562.05,50,358150
20221115,14:54:55,18564.95,50,358150
20221115,14:55:05,18565.00,50,358150
20221115,14:55:13,18561.75,50,358150
20221115,14:56:29,18565.80,50,358150
20221115,14:56:42,18569.00,50,358150
20221115,14:56:43,18565.55,50,358150
20221115,14:57:55,18563.95,150,358150
20221115,14:58:08,18567.60,50,358000
20221115,14:58:30,18569.00,100,358000
20221115,14:58:35,18570.00,100,358000
20221115,14:58:36,18570.00,150,358000
20221115,14:58:39,18570.95,50,358000
20221115,14:59:08,18570.95,50,358000
20221115,14:59:23,18572.00,100,358000
20221115,14:59:27,18571.35,150,358000
20221115,14:59:28,18575.00,250,358000
20221115,14:59:29,18580.00,300,358000
20221115,14:59:37,18582.00,300,358000
20221115,14:59:37,18584.95,100,358000
20221115,14:59:38,18584.95,50,358000
20221115,14:59:48,18584.95,550,358000
20221115,14:59:50,18584.95,50,358000
20221115,14:59:53,18584.95,50,358000
20221115,14:59:55,18584.95,50,358000
20221115,14:59:56,18584.95,50,358000
20221115,14:59:57,18585.00,100,358000
20221115,14:59:58,18590.00,300,358000
20221115,15:00:00,18590.00,150,358000
20221115,15:00:02,18593.90,50,358000
20221115,15:00:05,18595.00,200,358000
20221115,15:00:06,18595.00,50,358000
20221115,15:00:11,18595.00,50,358000
20221115,15:00:13,18595.00,50,358000
20221115,15:00:16,18595.25,200,358000
20221115,15:00:18,18598.00,450,358000
20221115,15:00:19,18598.45,50,358000
20221115,15:00:22,18599.00,700,358000
20221115,15:00:29,18599.00,50,358250
20221115,15:00:33,18599.00,50,358250
20221115,15:00:37,18599.95,50,358250
20221115,15:00:39,18599.95,150,358250
20221115,15:00:40,18599.95,50,358250
20221115,15:00:42,18598.15,50,358250
20221115,15:00:45,18598.65,50,358250
20221115,15:00:46,18595.00,50,358250
20221115,15:00:49,18598.30,500,358250
20221115,15:00:54,18599.55,100,358250
20221115,15:01:08,18596.00,50,358250
20221115,15:01:16,18595.95,50,358250
20221115,15:01:25,18596.05,50,358250
20221115,15:01:30,18596.00,50,358250
20221115,15:01:36,18597.00,50,358250
20221115,15:01:41,18598.30,50,358250
20221115,15:01:49,18600.00,1600,358250
20221115,15:01:50,18600.00,50,358250
20221115,15:01:53,18600.00,150,358250
20221115,15:01:58,18600.00,500,358250
20221115,15:02:23,18599.00,50,358250
20221115,15:02:39,18599.95,50,358250
20221115,15:02:43,18596.50,50,358250
20221115,15:02:47,18596.55,50,358250
20221115,15:02:50,18596.25,200,358250
20221115,15:03:03,18596.95,50,358250
20221115,15:03:04,18599.95,200,358250
20221115,15:03:09,18595.75,250,358250
20221115,15:03:10,18596.95,50,358250
20221115,15:03:24,18596.55,100,358250
20221115,15:03:38,18596.50,100,357650
20221115,15:03:39,18595.05,200,357650
20221115,15:03:40,18599.55,50,357650
20221115,15:03:49,18599.00,50,357650
20221115,15:03:50,18599.35,50,357650
20221115,15:03:56,18596.50,50,357650
20221115,15:04:06,18599.40,200,357650
20221115,15:04:10,18597.10,50,357650
20221115,15:04:12,18599.50,50,357650
20221115,15:04:19,18599.95,100,357650
20221115,15:04:21,18600.00,50,357650
20221115,15:04:24,18599.00,100,357650
20221115,15:04:27,18600.00,100,357650
20221115,15:04:32,18600.00,100,357650
20221115,15:04:35,18600.00,100,357650
20221115,15:04:36,18600.00,50,357650
20221115,15:04:40,18600.00,250,357650
20221115,15:04:42,18600.00,250,357650
20221115,15:04:44,18600.00,50,357650
20221115,15:04:45,18600.00,50,357650
20221115,15:04:48,18600.00,50,357650
20221115,15:04:56,18600.00,100,357650
20221115,15:04:57,18600.00,400,357650
20221115,15:04:58,18600.00,100,357650
20221115,15:04:59,18600.00,50,357650
20221115,15:05:03,18600.00,50,357650
20221115,15:05:04,18602.95,150,357650
20221115,15:05:17,18602.95,1000,357650
20221115,15:05:23,18604.05,200,357650
20221115,15:05:25,18604.60,50,357650
20221115,15:05:28,18604.90,50,357650
20221115,15:05:31,18604.90,400,357650
20221115,15:05:45,18604.00,50,357650
20221115,15:05:52,18605.00,100,357650
20221115,15:05:59,18605.00,50,357650
20221115,15:06:07,18601.75,50,357650
20221115,15:06:08,18604.00,50,357650
20221115,15:06:09,18604.00,150,357650
20221115,15:06:13,18604.00,50,357650
20221115,15:06:14,18601.75,100,357650
20221115,15:06:17,18604.90,100,357650
20221115,15:06:18,18604.00,50,357650
20221115,15:06:38,18602.75,50,357600
20221115,15:06:40,18604.00,50,357600
20221115,15:06:50,18604.00,50,357600
20221115,15:07:06,18601.50,100,357600
20221115,15:07:09,18604.00,200,357600
20221115,15:07:31,18603.85,100,357600
20221115,15:07:32,18604.00,50,357600
20221115,15:07:33,18605.00,200,357600
20221115,15:07:37,18605.00,1150,357600
20221115,15:07:38,18606.00,400,357600
20221115,15:07:39,18606.30,50,357600
20221115,15:07:40,18608.00,300,357600
20221115,15:07:40,18608.00,50,357600
20221115,15:07:41,18609.00,50,357600
20221115,15:07:43,18609.00,150,357600
20221115,15:07:44,18609.00,50,357600
20221115,15:07:45,18607.90,50,357600
20221115,15:07:46,18610.00,500,357600
20221115,15:07:56,18609.70,100,357600
20221115,15:07:59,18610.00,50,357600
20221115,15:08:01,18608.50,50,357600
20221115,15:08:03,18609.95,50,357600
20221115,15:08:09,18608.50,50,357600
20221115,15:08:10,18608.50,50,357600
20221115,15:08:12,18608.00,50,357600
20221115,15:08:13,18607.20,50,357600
20221115,15:08:18,18606.60,500,357600
20221115,15:08:21,18608.50,50,357600
20221115,15:08:25,18607.00,50,357600
20221115,15:08:28,18609.95,150,357600
20221115,15:08:29,18610.00,50,357600
20221115,15:08:31,18610.00,50,357600
20221115,15:08:33,18609.00,50,357600
20221115,15:08:34,18606.55,300,357600
20221115,15:08:36,18609.00,50,357600
20221115,15:08:43,18610.00,50,357600
20221115,15:08:45,18609.80,50,357600
20221115,15:08:46,18610.00,900,357600
20221115,15:08:48,18611.10,850,357600
20221115,15:08:49,18611.10,250,357600
20221115,15:08:50,18611.30,50,357600
20221115,15:08:51,18615.00,450,357600
20221115,15:08:59,18615.00,100,357600
20221115,15:09:08,18615.10,50,357600
20221115,15:09:23,18615.10,100,357600
20221115,15:09:29,18614.80,50,357600
20221115,15:09:31,18611.65,50,358550
20221115,15:09:34,18614.95,100,358550
20221115,15:09:37,18612.05,50,358550
20221115,15:09:41,18612.55,50,358550
20221115,15:09:42,18614.50,50,358550
20221115,15:09:45,18615.00,50,358550
20221115,15:09:53,18615.00,350,358550
20221115,15:09:54,18615.10,250,358550
20221115,15:09:58,18615.10,100,358550
20221115,15:09:59,18615.10,50,358550
20221115,15:10:03,18616.00,100,358550
20221115,15:10:04,18619.00,50,358550
20221115,15:10:08,18619.00,50,358550
20221115,15:10:09,18616.00,50,358550
20221115,15:10:15,18611.30,1000,358550
20221115,15:10:17,18617.00,100,358550
20221115,15:10:19,18614.30,50,358550
20221115,15:10:23,18610.95,100,358550
20221115,15:10:29,18614.50,50,358550
20221115,15:10:31,18614.50,50,358550
20221115,15:10:33,18614.95,50,358550
20221115,15:10:36,18611.85,200,358550
20221115,15:10:38,18614.95,50,358550
20221115,15:10:43,18613.60,50,358550
20221115,15:10:46,18611.85,50,358550
20221115,15:10:47,18614.55,300,358550
20221115,15:10:50,18612.20,50,358550
20221115,15:10:52,18612.55,50,358550
20221115,15:10:56,18615.25,100,358550
20221115,15:11:00,18611.50,50,358550
20221115,15:11:02,18612.60,100,358550
20221115,15:11:06,18612.30,50,358550
20221115,15:11:08,18612.45,200,358550
20221115,15:11:11,18612.70,50,358550
20221115,15:11:15,18615.00,100,358550
20221115,15:11:16,18615.25,50,358550
20221115,15:11:24,18616.35,50,358550
20221115,15:11:29,18616.50,50,358550
20221115,15:11:30,18619.00,50,358550
20221115,15:11:32,18619.35,100,358550
20221115,15:11:33,18619.35,50,358550
20221115,15:11:37,18618.65,50,358550
20221115,15:11:40,18618.15,200,358550
20221115,15:11:45,18620.00,100,358550
20221115,15:11:46,18620.00,650,358550
20221115,15:11:47,18622.00,150,358550
20221115,15:11:48,18622.00,250,358550
20221115,15:11:50,18622.55,50,358550
20221115,15:11:53,18623.00,50,358550
20221115,15:11:54,18625.00,100,358550
20221115,15:11:55,18625.00,100,358550
20221115,15:12:00,18625.00,50,358550
20221115,15:12:02,18624.95,50,358550
20221115,15:12:03,18624.95,50,358550
20221115,15:12:04,18625.00,50,358550
20221115,15:12:09,18625.00,200,358550
20221115,15:12:10,18625.00,950,358550
20221115,15:12:11,18625.00,200,358550
20221115,15:12:13,18625.15,50,358550
20221115,15:12:14,18627.90,100,358550
20221115,15:12:21,18628.50,50,358550
20221115,15:12:25,18628.80,50,358550
20221115,15:12:26,18629.00,50,358550
20221115,15:12:30,18630.00,150,359150
20221115,15:12:35,18630.00,50,359150
20221115,15:12:36,18630.00,100,359150
20221115,15:12:41,18630.00,50,359150
20221115,15:12:42,18630.00,50,359150
20221115,15:12:47,18630.00,50,359150
20221115,15:12:48,18630.00,50,359150
20221115,15:12:49,18630.00,50,359150
20221115,15:12:50,18627.15,1100,359150
20221115,15:12:53,18629.50,50,359150
20221115,15:12:56,18633.65,1000,359150
20221115,15:12:57,18633.65,50,359150
20221115,15:13:07,18631.05,50,359150
20221115,15:13:08,18631.10,50,359150
20221115,15:13:09,18630.00,100,359150
20221115,15:13:13,18631.10,50,359150
20221115,15:13:15,18629.65,50,359150
20221115,15:13:16,18627.40,50,359150
20221115,15:13:23,18625.00,100,359150
20221115,15:13:24,18627.60,100,359150
20221115,15:13:26,18625.00,50,359150
20221115,15:13:29,18628.20,100,359150
20221115,15:13:30,18624.00,50,359150
20221115,15:13:33,18627.50,50,359150
20221115,15:13:35,18625.00,100,359150
20221115,15:13:38,18624.50,100,359150
20221115,15:13:44,18624.55,50,359150
20221115,15:13:50,18620.90,50,359150
20221115,15:13:58,18621.60,50,359150
20221115,15:14:00,18622.10,100,359150
20221115,15:14:01,18625.60,50,359150
20221115,15:14:02,18621.20,50,359150
20221115,15:14:07,18624.40,50,359150
20221115,15:14:21,18623.80,50,359150
20221115,15:14:23,18622.15,50,359150
20221115,15:14:28,18621.60,50,359150
20221115,15:14:33,18624.50,100,359150
20221115,15:14:40,18619.95,50,359150
20221115,15:14:52,18621.35,50,359150
20221115,15:14:53,18622.15,50,359150
20221115,15:14:58,18624.55,50,359150
20221115,15:14:59,18624.55,50,359150
20221115,15:15:06,18624.00,100,359150
20221115,15:15:07,18622.30,300,359150
20221115,15:15:08,18626.05,750,359150
20221115,15:15:21,18624.00,50,359150
20221115,15:15:29,18624.00,100,359150
20221115,15:15:31,18625.00,50,359150
20221115,15:15:34,18625.00,50,358150
20221115,15:15:41,18625.00,100,358150
20221115,15:15:44,18626.05,200,358150
20221115,15:15:48,18625.00,50,358150
20221115,15:15:53,18626.05,50,358150
20221115,15:15:59,18624.90,200,358150
20221115,15:16:03,18626.00,100,358150
20221115,15:16:06,18627.00,50,358150
20221115,15:16:32,18627.00,50,358150
20221115,15:16:34,18627.00,200,358150
20221115,15:16:37,18628.25,50,358150
20221115,15:16:39,18627.00,50,358150
20221115,15:16:42,18628.30,50,358150
20221115,15:16:46,18629.20,50,358150
20221115,15:16:53,18628.00,50,358150
20221115,15:16:54,18628.00,50,358150
20221115,15:16:56,18628.00,200,358150
20221115,15:16:57,18628.15,50,358150
20221115,15:17:03,18629.95,50,358150
20221115,15:17:08,18626.65,50,358150
20221115,15:17:09,18626.65,50,358150
20221115,15:17:10,18629.40,50,358150
20221115,15:17:20,18629.00,50,358150
20221115,15:17:21,18630.00,100,358150
20221115,15:17:44,18629.95,50,358150
20221115,15:17:49,18630.00,200,358150
20221115,15:17:57,18626.80,50,358150
20221115,15:18:00,18628.50,50,358150
20221115,15:18:01,18630.00,100,358150
20221115,15:18:05,18628.50,50,358150
20221115,15:18:08,18628.65,50,358150
20221115,15:18:11,18629.30,50,358150
20221115,15:18:12,18628.85,50,358150
20221115,15:18:14,18630.00,50,358150
20221115,15:18:16,18630.00,350,358150
20221115,15:18:20,18630.00,50,358150
20221115,15:18:21,18630.00,850,358150
20221115,15:18:31,18633.00,50,358150
20221115,15:18:33,18633.00,50,358900
20221115,15:18:38,18632.05,50,358900
20221115,15:18:40,18633.00,100,358900
20221115,15:18:48,18633.00,150,358900
20221115,15:18:50,18633.00,350,358900
20221115,15:18:52,18633.60,50,358900
20221115,15:18:53,18633.00,50,358900
20221115,15:18:53,18635.00,50,358900
20221115,15:18:55,18635.00,150,358900
20221115,15:18:56,18635.00,200,358900
20221115,15:18:59,18636.00,100,358900
20221115,15:19:02,18636.00,50,358900
20221115,15:19:04,18636.00,50,358900
20221115,15:19:12,18636.05,50,358900
20221115,15:19:17,18639.65,150,358900
20221115,15:19:20,18636.10,50,358900
20221115,15:19:23,18636.50,100,358900
20221115,15:19:28,18636.50,50,358900
20221115,15:19:30,18639.45,50,358900
20221115,15:19:34,18639.85,100,358900
20221115,15:19:36,18639.85,100,358900
20221115,15:19:45,18639.85,50,358900
20221115,15:19:46,18639.85,50,358900
20221115,15:19:53,18636.70,150,358900
20221115,15:20:03,18636.50,150,358900
20221115,15:20:04,18637.00,150,358900
20221115,15:20:13,18637.00,50,358900
20221115,15:20:14,18638.00,50,358900
20221115,15:20:15,18637.00,50,358900
20221115,15:20:20,18636.00,150,358900
20221115,15:20:21,18639.00,50,358900
20221115,15:20:26,18638.85,50,358900
20221115,15:20:27,18638.10,50,358900
20221115,15:20:33,18636.30,50,358900
20221115,15:20:42,18639.40,50,358900
20221115,15:20:43,18635.75,50,358900
20221115,15:20:44,18636.30,50,358900
20221115,15:20:48,18639.85,350,358900
20221115,15:20:53,18640.00,400,358900
20221115,15:20:56,18639.05,50,358900
20221115,15:21:02,18639.00,50,358900
20221115,15:21:04,18639.05,50,358900
20221115,15:21:08,18638.00,100,358900
20221115,15:21:09,18638.00,50,358900
20221115,15:21:11,18639.00,50,358900
20221115,15:21:16,18638.00,200,358900
20221115,15:21:18,18639.00,50,358900
20221115,15:21:29,18638.00,50,358900
20221115,15:21:40,18639.00,100,358900
20221115,15:21:47,18638.00,50,359850
20221115,15:21:50,18639.50,50,359850
20221115,15:21:53,18638.00,50,359850
20221115,15:22:03,18638.30,100,359850
20221115,15:22:05,18639.85,50,359850
20221115,15:22:18,18638.00,100,359850
20221115,15:22:24,18640.00,100,359850
20221115,15:22:26,18642.40,1150,359850
20221115,15:22:27,18642.40,50,359850
20221115,15:22:31,18639.00,200,359850
20221115,15:22:38,18642.40,50,359850
20221115,15:22:40,18644.00,100,359850
20221115,15:22:42,18644.00,100,359850
20221115,15:22:45,18644.95,100,359850
20221115,15:22:59,18643.45,50,359850
20221115,15:23:01,18643.10,50,359850
20221115,15:23:02,18643.55,50,359850
20221115,15:23:16,18645.00,50,359850
20221115,15:23:18,18645.00,100,359850
20221115,15:23:20,18645.00,100,359850
20221115,15:23:24,18645.00,50,359850
20221115,15:23:25,18645.00,100,359850
20221115,15:23:28,18645.00,50,359850
20221115,15:23:30,18645.00,150,359850
20221115,15:23:31,18644.45,350,359850
20221115,15:23:33,18646.00,350,359850
20221115,15:23:36,18648.30,250,359850
20221115,15:23:48,18648.30,50,359850
20221115,15:24:11,18646.00,50,359850
20221115,15:24:15,18648.00,50,359850
20221115,15:24:16,18645.50,50,359850
20221115,15:24:19,18647.95,50,359850
20221115,15:24:27,18647.95,50,359850
20221115,15:24:37,18647.00,50,360000
20221115,15:24:44,18647.25,100,360000
20221115,15:24:56,18645.70,50,360000
20221115,15:24:57,18646.00,50,360000
20221115,15:24:58,18647.25,50,360000
20221115,15:25:00,18647.25,100,360000
20221115,15:25:05,18646.60,50,360000
20221115,15:25:08,18646.95,50,360000
20221115,15:25:09,18645.55,50,360000
20221115,15:25:10,18645.55,150,360000
20221115,15:25:12,18645.00,50,360000
20221115,15:25:15,18645.00,50,360000
20221115,15:25:19,18645.55,50,360000
20221115,15:25:20,18645.00,150,360000
20221115,15:25:23,18645.55,50,360000
20221115,15:25:25,18645.55,150,360000
20221115,15:25:27,18645.55,400,360000
20221115,15:25:32,18645.55,150,360000
20221115,15:25:34,18645.55,100,360000
20221115,15:25:36,18647.00,150,360000
20221115,15:25:43,18643.60,100,360000
20221115,15:25:45,18643.10,600,360000
20221115,15:25:49,18643.10,100,360000
20221115,15:25:53,18645.00,50,360000
20221115,15:25:55,18645.95,100,360000
20221115,15:26:05,18645.00,50,360000
20221115,15:26:06,18644.00,50,360000
20221115,15:26:16,18644.00,50,360000
20221115,15:26:21,18645.00,50,360000
20221115,15:26:26,18645.00,50,360000
20221115,15:26:27,18643.40,50,360000
20221115,15:26:31,18643.40,100,360000
20221115,15:26:32,18644.00,50,360000
20221115,15:26:35,18645.00,50,360000
20221115,15:26:41,18645.00,50,360000
20221115,15:26:45,18643.40,150,360000
20221115,15:26:51,18643.40,100,360000
20221115,15:26:54,18645.95,50,360000
20221115,15:26:54,18643.00,400,360000
20221115,15:27:00,18644.10,150,360000
20221115,15:27:06,18644.05,50,360000
20221115,15:27:10,18646.00,100,360000
20221115,15:27:21,18645.00,50,360000
20221115,15:27:22,18646.00,50,360000
20221115,15:27:23,18644.90,100,360000
20221115,15:27:27,18647.00,50,360000
20221115,15:27:36,18647.45,50,361250
20221115,15:27:37,18645.00,50,361250
20221115,15:27:38,18646.95,50,361250
20221115,15:27:42,18646.95,50,361250
20221115,15:27:43,18646.95,100,361250
20221115,15:27:45,18646.95,50,361250
20221115,15:27:46,18646.95,50,361250
20221115,15:27:49,18646.95,50,361250
20221115,15:27:53,18645.00,150,361250
20221115,15:27:55,18645.00,50,361250
20221115,15:27:59,18645.00,100,361250
20221115,15:28:00,18646.90,150,361250
20221115,15:28:01,18644.50,50,361250
20221115,15:28:03,18646.95,100,361250
20221115,15:28:05,18646.95,150,361250
20221115,15:28:10,18646.95,100,361250
20221115,15:28:11,18647.00,50,361250
20221115,15:28:12,18647.00,50,361250
20221115,15:28:14,18646.00,50,361250
20221115,15:28:16,18646.95,250,361250
20221115,15:28:21,18647.00,50,361250
20221115,15:28:23,18646.90,300,361250
20221115,15:28:24,18646.90,100,361250
20221115,15:28:26,18646.95,50,361250
20221115,15:28:29,18645.50,250,361250
20221115,15:28:30,18647.00,350,361250
20221115,15:28:31,18647.00,150,361250
20221115,15:28:36,18648.00,100,361250
20221115,15:28:37,18648.55,50,361250
20221115,15:28:40,18648.55,150,361250
20221115,15:28:42,18648.00,150,361250
20221115,15:28:45,18647.95,150,361250
20221115,15:28:48,18647.95,50,361250
20221115,15:28:49,18647.95,100,361250
20221115,15:28:52,18647.95,50,361250
20221115,15:28:53,18647.95,50,361250
20221115,15:28:54,18647.50,50,361250
20221115,15:28:58,18649.00,150,361250
20221115,15:28:59,18649.05,50,361250
20221115,15:29:00,18649.20,50,361250
20221115,15:29:04,18649.90,100,361250
20221115,15:29:06,18649.90,50,361250
20221115,15:29:08,18646.55,50,361250
20221115,15:29:09,18649.00,50,361250
20221115,15:29:10,18649.95,100,361250
20221115,15:29:11,18649.90,50,361250
20221115,15:29:13,18646.65,50,361250
20221115,15:29:15,18649.00,50,361250
20221115,15:29:19,18647.00,50,361250
20221115,15:29:21,18649.90,100,361250
20221115,15:29:22,18650.00,150,361250
20221115,15:29:23,18650.00,50,361250
20221115,15:29:25,18650.00,50,361250
20221115,15:29:26,18649.00,650,361250
20221115,15:29:28,18651.40,200,361250
20221115,15:29:32,18651.40,100,361250
20221115,15:29:34,18650.00,250,361250
20221115,15:29:35,18651.20,50,361250
20221115,15:29:37,18651.20,100,361250
20221115,15:29:37,18651.20,50,361250
20221115,15:29:41,18649.85,250,361250
20221115,15:29:42,18651.15,100,361250
20221115,15:29:43,18651.00,100,361250
20221115,15:29:46,18651.00,50,361250
20221115,15:29:48,18651.00,150,361250
20221115,15:29:49,18651.50,100,361250
20221115,15:29:52,18652.00,100,361250
20221115,15:29:53,18652.00,50,361250
20221115,15:29:54,18653.00,300,361250
20221115,15:29:57,18653.00,100,361250
20221115,15:29:58,18647.75,50,361250
20221115,15:29:59,18646.55,150,361250
