20221115,09:15:02,18500.00,1,1836450
20221115,09:15:02,18519.70,1,1836450
20221115,09:15:02,18503.65,150,1836450
20221115,09:15:05,18495.65,1050,1836450
20221115,09:15:05,18497.60,100,1836450
20221115,09:15:06,18493.75,1950,1836450
20221115,09:15:07,18493.45,550,1836450
20221115,09:15:09,18493.10,700,1836450
20221115,09:15:10,18493.35,300,1836450
20221115,09:15:11,18497.15,50,1836450
20221115,09:15:12,18491.10,100,1836450
20221115,09:15:15,18491.10,50,1836450
20221115,09:15:16,18490.55,250,1836450
20221115,09:15:17,18497.90,750,1836450
20221115,09:15:18,18499.05,750,1836450
20221115,09:15:18,18500.00,50,1836450
20221115,09:15:19,18502.90,300,1836450
20221115,09:15:21,18491.25,500,1836450
20221115,09:15:23,18492.25,50,1836450
20221115,09:15:25,18495.10,50,1836450
20221115,09:15:27,18494.65,50,1836450
20221115,09:15:28,18495.55,50,1836450
20221115,09:15:29,18499.95,200,1836450
20221115,09:15:30,18499.25,150,1836450
20221115,09:15:31,18497.70,50,1836450
20221115,09:15:33,18497.50,50,1836450
20221115,09:15:34,18499.55,50,1836450
20221115,09:15:35,18500.40,300,1836450
20221115,09:15:36,18500.00,300,1836450
20221115,09:15:37,18497.50,100,1836450
20221115,09:15:38,18497.50,50,1836450
20221115,09:15:40,18498.40,250,1836450
20221115,09:15:41,18497.50,50,1836450
20221115,09:15:42,18499.90,250,1836450
20221115,09:15:43,18502.00,100,1836450
20221115,09:15:43,18502.00,50,1836450
20221115,09:15:46,18499.95,50,1836450
20221115,09:15:47,18501.00,50,1836450
20221115,09:15:48,18500.80,50,1836450
20221115,09:15:50,18501.00,50,1836450
20221115,09:15:52,18502.00,200,1836450
20221115,09:15:53,18501.25,100,1836450
20221115,09:15:55,18504.05,100,1836450
20221115,09:15:56,18505.95,100,1836450
20221115,09:15:58,18506.80,650,1836450
20221115,09:15:59,18504.85,100,1836450
20221115,09:16:01,18506.95,100,1836450
20221115,09:16:01,18507.40,100,1836450
20221115,09:16:02,18506.85,150,1836450
20221115,09:16:05,18510.00,100,1836450
20221115,09:16:06,18511.00,200,1836450
20221115,09:16:07,18512.15,250,1836450
20221115,09:16:08,18516.15,100,1836450
20221115,09:16:12,18515.15,50,1836450
20221115,09:16:13,18515.00,150,1836450
20221115,09:16:17,18508.00,150,1836450
20221115,09:16:19,18505.25,50,1836450
20221115,09:16:21,18501.15,100,1836450
20221115,09:16:23,18501.30,50,1836450
20221115,09:16:24,18503.60,50,1836450
20221115,09:16:29,18500.00,50,1836450
20221115,09:16:30,18499.60,100,1836450
20221115,09:16:34,18500.95,50,1836450
20221115,09:16:35,18500.00,50,1836450
20221115,09:16:36,18499.00,100,1836450
20221115,09:16:39,18497.60,50,1836450
20221115,09:16:45,18494.55,100,1836450
20221115,09:16:47,18497.60,50,1836450
20221115,09:16:49,18497.60,50,1836450
20221115,09:16:51,18497.05,50,1836450
20221115,09:16:52,18494.80,50,1836450
20221115,09:16:57,18500.00,750,1836450
20221115,09:17:00,18501.10,50,1836450
20221115,09:17:01,18499.00,50,1836450
20221115,09:17:02,18501.15,150,1836450
20221115,09:17:03,18503.65,150,1836450
20221115,09:17:04,18504.65,100,1836450
20221115,09:17:06,18501.10,100,1836450
20221115,09:17:09,18501.10,100,1836450
20221115,09:17:12,18502.20,50,1836450
20221115,09:17:14,18502.20,50,1836450
20221115,09:17:15,18501.65,50,1836450
20221115,09:17:18,18500.60,250,1836450
20221115,09:17:24,18502.95,100,1836450
20221115,09:17:26,18500.50,50,1836450
20221115,09:17:28,18503.75,50,1836450
20221115,09:17:30,18502.65,100,1836450
20221115,09:17:31,18504.00,500,1835550
20221115,09:17:32,18505.00,250,1835550
20221115,09:17:43,18504.65,100,1835550
20221115,09:17:48,18504.65,50,1835550
20221115,09:17:51,18504.65,150,1835550
20221115,09:17:53,18503.80,50,1835550
20221115,09:17:55,18506.20,300,1835550
20221115,09:17:57,18510.00,100,1835550
20221115,09:18:00,18505.80,150,1835550
20221115,09:18:02,18507.65,150,1835550
20221115,09:18:03,18510.00,450,1835550
20221115,09:18:05,18511.15,50,1835550
20221115,09:18:08,18515.55,3100,1835550
20221115,09:18:11,18518.00,1500,1835550
20221115,09:18:12,18515.70,100,1835550
20221115,09:18:13,18511.15,50,1835550
20221115,09:18:14,18509.40,150,1835550
20221115,09:18:20,18510.15,50,1835550
20221115,09:18:22,18511.10,50,1835550
20221115,09:18:23,18510.85,100,1835550
20221115,09:18:28,18509.85,50,1835550
20221115,09:18:29,18509.50,50,1835550
20221115,09:18:30,18510.85,50,1835550
20221115,09:18:31,18514.90,550,1835550
20221115,09:18:41,18508.10,200,1835550
20221115,09:18:47,18508.65,50,1835550
20221115,09:18:48,18510.85,50,1835550
20221115,09:18:49,18510.90,50,1835550
20221115,09:18:51,18506.00,50,1835550
20221115,09:19:11,18507.45,50,1835550
20221115,09:19:13,18507.45,50,1835550
20221115,09:19:14,18506.25,150,1835550
20221115,09:19:16,18506.25,50,1835550
20221115,09:19:20,18507.20,200,1835550
20221115,09:19:23,18507.30,100,1835550
20221115,09:19:26,18508.20,100,1835550
20221115,09:19:28,18508.20,50,1835550
20221115,09:19:30,18508.20,150,1835550
20221115,09:19:32,18508.15,150,1835550
20221115,09:19:38,18508.25,300,1835550
20221115,09:19:43,18509.00,50,1835550
20221115,09:19:45,18508.55,50,1835550
20221115,09:19:46,18508.50,50,1835550
20221115,09:19:51,18506.95,50,1835550
20221115,09:19:52,18508.25,50,1835550
20221115,09:19:56,18509.65,250,1835550
20221115,09:19:57,18514.00,1600,1835550
20221115,09:19:59,18511.55,450,1835550
20221115,09:20:00,18514.70,400,1835550
20221115,09:20:01,18511.00,50,1835550
20221115,09:20:02,18512.50,250,1835550
20221115,09:20:04,18515.00,50,1835550
20221115,09:20:07,18506.95,50,1835550
20221115,09:20:09,18506.80,50,1835550
20221115,09:20:10,18510.00,50,1835550
20221115,09:20:18,18511.80,50,1835550
20221115,09:20:19,18512.25,100,1835550
20221115,09:20:21,18513.30,50,1835550
20221115,09:20:23,18513.60,50,1835550
20221115,09:20:26,18514.75,50,1835550
20221115,09:20:41,18513.10,100,1832950
20221115,09:20:46,18509.25,50,1832950
20221115,09:20:47,18510.40,50,1832950
20221115,09:20:48,18510.25,350,1832950
20221115,09:20:56,18509.90,150,1832950
20221115,09:20:57,18506.85,50,1832950
20221115,09:21:05,18509.00,50,1832950
20221115,09:21:15,18505.50,500,1832950
20221115,09:21:18,18507.70,50,1832950
20221115,09:21:23,18507.90,50,1832950
20221115,09:21:26,18505.00,100,1832950
20221115,09:21:29,18504.15,200,1832950
20221115,09:21:34,18502.00,50,1832950
20221115,09:21:35,18502.00,50,1832950
20221115,09:21:38,18500.60,100,1832950
20221115,09:21:39,18500.00,50,1832950
20221115,09:21:40,18500.00,50,1832950
20221115,09:21:41,18500.00,50,1832950
20221115,09:21:44,18500.00,50,1832950
20221115,09:21:47,18497.20,50,1832950
20221115,09:21:54,18500.00,50,1832950
20221115,09:21:55,18498.40,100,1832950
20221115,09:22:01,18497.20,50,1832950
20221115,09:22:07,18495.00,150,1832950
20221115,09:22:08,18495.00,50,1832950
20221115,09:22:13,18495.65,550,1832950
20221115,09:22:14,18495.20,200,1832950
20221115,09:22:16,18495.95,50,1832950
20221115,09:22:19,18496.60,50,1832950
20221115,09:22:20,18495.35,50,1832950
20221115,09:22:23,18495.00,100,1832950
20221115,09:22:26,18494.00,50,1832950
20221115,09:22:27,18493.00,50,1832950
20221115,09:22:31,18493.35,100,1832950
20221115,09:22:38,18493.30,50,1832950
20221115,09:22:42,18491.75,50,1832950
20221115,09:22:47,18492.60,100,1832950
20221115,09:22:48,18492.45,250,1832950
20221115,09:22:49,18493.10,50,1832950
20221115,09:22:50,18492.60,150,1832950
20221115,09:22:52,18494.55,100,1832950
20221115,09:22:57,18494.45,450,1832950
20221115,09:22:58,18494.75,50,1832950
20221115,09:23:04,18494.85,150,1832950
20221115,09:23:08,18493.25,50,1832950
20221115,09:23:11,18494.90,50,1832950
20221115,09:23:18,18496.35,150,1832950
20221115,09:23:21,18496.95,50,1832950
20221115,09:23:24,18497.85,200,1832950
20221115,09:23:30,18498.90,50,1832950
20221115,09:23:33,18499.75,50,1834400
20221115,09:23:39,18497.05,50,1834400
20221115,09:23:40,18497.00,50,1834400
20221115,09:23:48,18496.55,100,1834400
20221115,09:23:52,18495.00,100,1834400
20221115,09:23:56,18496.00,200,1834400
20221115,09:23:57,18495.20,50,1834400
20221115,09:24:01,18495.85,50,1834400
20221115,09:24:06,18495.05,50,1834400
20221115,09:24:08,18495.85,50,1834400
20221115,09:24:11,18497.00,550,1834400
20221115,09:24:12,18497.55,100,1834400
20221115,09:24:15,18499.00,50,1834400
20221115,09:24:16,18502.25,400,1834400
20221115,09:24:17,18500.80,50,1834400
20221115,09:24:18,18502.30,50,1834400
20221115,09:24:23,18504.25,150,1834400
20221115,09:24:31,18500.25,50,1834400
20221115,09:24:32,18501.35,50,1834400
20221115,09:24:36,18500.25,50,1834400
20221115,09:24:44,18499.45,50,1834400
20221115,09:24:48,18498.00,100,1834400
20221115,09:24:50,18498.00,50,1834400
20221115,09:24:56,18498.00,100,1834400
20221115,09:25:00,18498.05,100,1834400
20221115,09:25:04,18499.25,100,1834400
20221115,09:25:05,18499.90,50,1834400
20221115,09:25:11,18498.00,450,1834400
20221115,09:25:12,18498.00,50,1834400
20221115,09:25:14,18498.00,100,1834400
20221115,09:25:20,18495.05,50,1834400
20221115,09:25:27,18498.00,100,1834400
20221115,09:25:30,18499.00,50,1834400
20221115,09:25:33,18498.55,50,1834400
20221115,09:25:34,18498.30,50,1834400
20221115,09:25:39,18499.75,50,1834400
20221115,09:25:42,18497.35,250,1834400
20221115,09:25:44,18498.30,50,1834400
20221115,09:26:00,18497.55,50,1834400
20221115,09:26:02,18498.00,500,1834400
20221115,09:26:07,18497.60,50,1834400
20221115,09:26:16,18497.50,50,1834400
20221115,09:26:18,18497.50,50,1834400
20221115,09:26:22,18496.90,50,1834400
20221115,09:26:27,18496.75,50,1834400
20221115,09:26:28,18496.75,50,1834400
20221115,09:26:29,18497.05,50,1834400
20221115,09:26:31,18496.50,50,1834400
20221115,09:26:37,18497.75,100,1836650
20221115,09:26:51,18496.00,150,1836650
20221115,09:26:57,18497.00,50,1836650
20221115,09:26:59,18496.85,50,1836650
20221115,09:27:00,18495.45,50,1836650
20221115,09:27:01,18496.05,50,1836650
20221115,09:27:06,18496.95,100,1836650
20221115,09:27:07,18495.00,50,1836650
20221115,09:27:10,18495.65,200,1836650
20221115,09:27:16,18496.00,50,1836650
20221115,09:27:22,18492.85,1000,1836650
20221115,09:27:25,18494.60,100,1836650
20221115,09:27:33,18493.75,50,1836650
20221115,09:27:36,18491.00,100,1836650
20221115,09:27:37,18492.70,50,1836650
20221115,09:27:38,18491.00,150,1836650
20221115,09:27:39,18491.05,50,1836650
20221115,09:27:41,18491.05,100,1836650
20221115,09:27:42,18491.00,200,1836650
20221115,09:27:45,18493.55,50,1836650
20221115,09:27:48,18493.75,50,1836650
20221115,09:27:52,18493.75,50,1836650
20221115,09:27:55,18491.55,100,1836650
20221115,09:27:56,18492.25,100,1836650
20221115,09:27:59,18495.00,50,1836650
20221115,09:28:01,18494.70,50,1836650
20221115,09:28:03,18493.95,50,1836650
20221115,09:28:05,18493.20,50,1836650
20221115,09:28:10,18491.05,50,1836650
20221115,09:28:12,18490.00,50,1836650
20221115,09:28:15,18490.00,100,1836650
20221115,09:28:16,18487.65,150,1836650
20221115,09:28:17,18487.65,50,1836650
20221115,09:28:20,18490.90,200,1836650
20221115,09:28:26,18487.45,100,1836650
20221115,09:28:31,18487.45,50,1836650
20221115,09:28:33,18487.80,50,1836650
20221115,09:28:34,18489.45,50,1836650
20221115,09:28:36,18489.80,50,1836650
20221115,09:28:40,18488.00,150,1836650
20221115,09:28:40,18487.00,500,1836650
20221115,09:28:47,18487.00,50,1836650
20221115,09:28:49,18488.45,50,1836650
20221115,09:28:56,18490.00,50,1836650
20221115,09:29:02,18489.85,200,1836650
20221115,09:29:05,18488.00,50,1836650
20221115,09:29:09,18485.20,100,1836650
20221115,09:29:12,18487.90,100,1836650
20221115,09:29:19,18487.00,50,1836650
20221115,09:29:28,18487.00,50,1836650
20221115,09:29:32,18487.00,50,1836650
20221115,09:29:34,18488.00,100,1839050
20221115,09:29:37,18485.15,100,1839050
20221115,09:29:44,18484.50,400,1839050
20221115,09:29:50,18483.85,150,1839050
20221115,09:29:51,18483.15,50,1839050
20221115,09:29:55,18483.15,50,1839050
20221115,09:29:56,18485.00,50,1839050
20221115,09:30:03,18483.90,50,1839050
20221115,09:30:05,18487.00,750,1839050
20221115,09:30:12,18488.00,50,1839050
20221115,09:30:14,18486.60,800,1839050
20221115,09:30:15,18488.00,50,1839050
20221115,09:30:20,18486.10,100,1839050
20221115,09:30:24,18488.55,400,1839050
20221115,09:30:29,18484.20,50,1839050
20221115,09:30:31,18483.50,100,1839050
20221115,09:30:35,18487.25,50,1839050
20221115,09:30:56,18485.00,200,1839050
20221115,09:31:00,18485.00,50,1839050
20221115,09:31:01,18485.00,100,1839050
20221115,09:31:02,18485.00,200,1839050
20221115,09:31:03,18485.15,50,1839050
20221115,09:31:19,18485.00,50,1839050
20221115,09:31:20,18485.00,50,1839050
20221115,09:31:21,18485.00,150,1839050
20221115,09:31:22,18483.00,150,1839050
20221115,09:31:30,18481.80,50,1839050
20221115,09:31:33,18481.30,100,1839050
20221115,09:31:36,18481.30,50,1839050
20221115,09:31:43,18482.55,50,1839050
20221115,09:31:44,18483.00,50,1839050
20221115,09:31:48,18483.00,500,1839050
20221115,09:31:55,18482.40,50,1839050
20221115,09:32:05,18482.40,500,1839050
20221115,09:32:09,18482.40,50,1839050
20221115,09:32:11,18483.05,200,1839050
20221115,09:32:11,18482.85,50,1839050
20221115,09:32:19,18483.80,50,1839050
20221115,09:32:25,18484.00,100,1839050
20221115,09:32:26,18484.00,500,1839050
20221115,09:32:28,18484.00,50,1839050
20221115,09:32:33,18485.00,700,1839050
20221115,09:32:34,18485.15,250,1840850
20221115,09:32:36,18487.95,50,1840850
20221115,09:32:39,18488.00,50,1840850
20221115,09:32:42,18488.00,50,1840850
20221115,09:32:44,18488.00,200,1840850
20221115,09:32:48,18486.95,150,1840850
20221115,09:32:53,18486.00,50,1840850
20221115,09:33:02,18487.20,200,1840850
20221115,09:33:09,18487.80,150,1840850
20221115,09:33:14,18487.15,50,1840850
20221115,09:33:16,18487.20,50,1840850
20221115,09:33:21,18488.00,50,1840850
20221115,09:33:27,18485.85,50,1840850
20221115,09:33:36,18485.95,50,1840850
20221115,09:33:49,18484.00,50,1840850
20221115,09:33:54,18485.00,50,1840850
20221115,09:34:04,18486.80,50,1840850
20221115,09:34:06,18485.00,100,1840850
20221115,09:34:07,18484.00,50,1840850
20221115,09:34:11,18486.60,50,1840850
20221115,09:34:15,18487.10,50,1840850
20221115,09:34:18,18485.00,50,1840850
20221115,09:34:27,18487.00,50,1840850
20221115,09:34:32,18487.00,50,1840850
20221115,09:34:38,18486.60,50,1840850
20221115,09:34:40,18486.60,50,1840850
20221115,09:34:54,18484.00,150,1840850
20221115,09:34:56,18484.00,50,1840850
20221115,09:34:58,18484.10,50,1840850
20221115,09:35:01,18484.10,50,1840850
20221115,09:35:03,18484.10,50,1840850
20221115,09:35:05,18484.00,50,1840850
20221115,09:35:08,18484.00,50,1840850
20221115,09:35:13,18484.10,100,1840850
20221115,09:35:31,18485.00,50,1840850
20221115,09:35:38,18484.90,50,1842700
20221115,09:35:41,18482.85,50,1842700
20221115,09:35:42,18482.00,50,1842700
20221115,09:35:43,18480.90,200,1842700
20221115,09:35:50,18480.70,50,1842700
20221115,09:35:58,18480.25,50,1842700
20221115,09:36:05,18480.25,50,1842700
20221115,09:36:21,18484.65,50,1842700
20221115,09:36:27,18484.00,250,1842700
20221115,09:36:32,18484.90,50,1842700
20221115,09:36:35,18486.95,50,1842700
20221115,09:36:47,18484.15,50,1842700
20221115,09:36:48,18484.00,50,1842700
20221115,09:36:49,18483.90,100,1842700
20221115,09:37:05,18484.60,50,1842700
20221115,09:37:06,18485.00,50,1842700
20221115,09:37:11,18484.60,150,1842700
20221115,09:37:14,18484.00,100,1842700
20221115,09:37:21,18482.60,50,1842700
20221115,09:37:31,18482.95,50,1842700
20221115,09:37:48,18482.80,50,1842700
20221115,09:37:55,18483.45,650,1842700
20221115,09:37:56,18481.15,50,1842700
20221115,09:38:00,18480.00,150,1842700
20221115,09:38:05,18480.00,50,1842700
20221115,09:38:22,18480.00,50,1842700
20221115,09:38:26,18480.00,50,1842700
20221115,09:38:34,18480.00,100,1842700
20221115,09:38:37,18480.00,200,1843600
20221115,09:38:38,18480.00,50,1843600
20221115,09:38:42,18480.00,100,1843600
20221115,09:38:59,18480.00,200,1843600
20221115,09:39:08,18480.00,150,1843600
20221115,09:39:17,18480.60,200,1843600
20221115,09:39:21,18480.30,50,1843600
20221115,09:39:26,18479.50,100,1843600
20221115,09:39:32,18478.25,50,1843600
20221115,09:39:35,18478.00,150,1843600
20221115,09:39:38,18476.60,50,1843600
20221115,09:39:39,18476.00,50,1843600
20221115,09:39:46,18476.00,50,1843600
20221115,09:39:50,18476.00,50,1843600
20221115,09:39:52,18476.00,100,1843600
20221115,09:39:53,18476.55,50,1843600
20221115,09:39:59,18476.70,50,1843600
20221115,09:40:02,18476.15,50,1843600
20221115,09:40:08,18476.00,450,1843600
20221115,09:40:09,18476.00,300,1843600
20221115,09:40:15,18476.15,50,1843600
20221115,09:40:23,18477.35,50,1843600
20221115,09:40:27,18477.35,50,1843600
20221115,09:40:31,18480.00,50,1843600
20221115,09:40:43,18480.00,50,1843600
20221115,09:40:44,18480.00,50,1843600
20221115,09:40:45,18480.00,50,1843600
20221115,09:40:50,18481.30,50,1843600
20221115,09:40:55,18480.05,50,1843600
20221115,09:41:05,18479.10,200,1843600
20221115,09:41:06,18480.30,50,1843600
20221115,09:41:15,18481.95,100,1843600
20221115,09:41:16,18481.95,50,1843600
20221115,09:41:20,18482.00,150,1843600
20221115,09:41:34,18482.00,50,1843600
20221115,09:41:46,18482.70,50,1844600
20221115,09:41:49,18483.00,50,1844600
20221115,09:41:54,18484.45,150,1844600
20221115,09:42:05,18483.65,50,1844600
20221115,09:42:06,18486.45,100,1844600
20221115,09:42:07,18486.00,50,1844600
20221115,09:42:08,18485.15,50,1844600
20221115,09:42:09,18485.10,50,1844600
20221115,09:42:10,18486.05,100,1844600
20221115,09:42:17,18486.15,50,1844600
20221115,09:42:21,18487.65,100,1844600
20221115,09:42:24,18486.70,50,1844600
20221115,09:42:26,18488.00,50,1844600
20221115,09:42:30,18488.00,50,1844600
20221115,09:42:35,18485.80,550,1844600
20221115,09:42:38,18486.60,50,1844600
20221115,09:42:59,18485.60,50,1844600
20221115,09:43:13,18485.65,300,1844600
20221115,09:43:14,18485.00,200,1844600
20221115,09:43:20,18485.00,500,1844600
20221115,09:43:21,18485.00,50,1844600
20221115,09:43:31,18484.85,150,1844600
20221115,09:43:34,18484.70,50,1844600
20221115,09:43:36,18484.15,150,1844600
20221115,09:43:37,18484.50,150,1844600
20221115,09:43:48,18484.00,50,1844600
20221115,09:43:51,18484.85,100,1844600
20221115,09:43:55,18483.90,150,1844600
20221115,09:44:02,18483.00,500,1844600
20221115,09:44:03,18483.00,50,1844600
20221115,09:44:05,18483.00,500,1844600
20221115,09:44:13,18482.00,200,1844600
20221115,09:44:15,18482.00,50,1844600
20221115,09:44:27,18481.90,50,1844600
20221115,09:44:35,18481.00,200,1848150
20221115,09:44:41,18480.05,250,1848150
20221115,09:44:42,18480.05,50,1848150
20221115,09:44:43,18480.60,50,1848150
20221115,09:44:45,18480.00,600,1848150
20221115,09:44:52,18480.00,50,1848150
20221115,09:45:00,18477.30,1150,1848150
20221115,09:45:06,18480.00,100,1848150
20221115,09:45:14,18477.00,1150,1848150
20221115,09:45:15,18477.30,50,1848150
20221115,09:45:29,18481.30,150,1848150
20221115,09:45:30,18481.70,1900,1848150
20221115,09:45:36,18479.80,100,1848150
20221115,09:45:39,18478.85,50,1848150
20221115,09:45:49,18476.00,250,1848150
20221115,09:45:57,18475.00,750,1848150
20221115,09:46:02,18474.85,50,1848150
20221115,09:46:06,18474.75,100,1848150
20221115,09:46:09,18474.75,350,1848150
20221115,09:46:09,18475.00,50,1848150
20221115,09:46:10,18474.85,50,1848150
20221115,09:46:13,18474.00,200,1848150
20221115,09:46:14,18471.00,450,1848150
20221115,09:46:17,18471.00,50,1848150
20221115,09:46:20,18471.80,50,1848150
20221115,09:46:30,18472.05,50,1848150
20221115,09:46:35,18473.05,50,1848150
20221115,09:46:38,18472.00,300,1848150
20221115,09:46:45,18471.40,50,1848150
20221115,09:46:47,18471.00,100,1848150
20221115,09:46:49,18470.00,350,1848150
20221115,09:46:51,18467.60,50,1848150
20221115,09:46:57,18467.60,100,1848150
20221115,09:47:00,18466.00,100,1848150
20221115,09:47:01,18465.00,150,1848150
20221115,09:47:14,18465.00,50,1848150
20221115,09:47:20,18466.05,150,1848150
20221115,09:47:21,18466.00,50,1848150
20221115,09:47:33,18466.00,50,1848150
20221115,09:47:37,18465.00,200,1852100
20221115,09:47:38,18465.00,50,1852100
20221115,09:47:40,18461.00,300,1852100
20221115,09:47:41,18460.85,250,1852100
20221115,09:47:42,18460.00,50,1852100
20221115,09:47:45,18459.30,950,1852100
20221115,09:47:47,18459.00,50,1852100
20221115,09:47:55,18459.00,50,1852100
20221115,09:48:04,18460.00,50,1852100
20221115,09:48:08,18461.00,50,1852100
20221115,09:48:11,18462.25,100,1852100
20221115,09:48:12,18465.00,100,1852100
20221115,09:48:14,18465.00,100,1852100
20221115,09:48:16,18465.00,100,1852100
20221115,09:48:19,18465.00,50,1852100
20221115,09:48:23,18464.60,50,1852100
20221115,09:48:27,18463.45,100,1852100
20221115,09:48:28,18462.75,50,1852100
20221115,09:48:30,18462.05,50,1852100
20221115,09:48:32,18461.75,50,1852100
20221115,09:48:40,18462.05,50,1852100
20221115,09:48:41,18461.00,50,1852100
20221115,09:48:43,18460.75,50,1852100
20221115,09:48:45,18460.00,150,1852100
20221115,09:48:48,18458.85,350,1852100
20221115,09:48:48,18458.85,50,1852100
20221115,09:48:49,18459.45,600,1852100
20221115,09:48:50,18459.45,50,1852100
20221115,09:48:52,18459.45,50,1852100
20221115,09:48:53,18459.00,500,1852100
20221115,09:48:54,18459.00,100,1852100
20221115,09:48:58,18459.50,150,1852100
20221115,09:48:59,18458.85,250,1852100
20221115,09:49:01,18459.95,100,1852100
20221115,09:49:08,18458.75,100,1852100
20221115,09:49:10,18458.00,50,1852100
20221115,09:49:13,18455.00,50,1852100
20221115,09:49:15,18455.00,200,1852100
20221115,09:49:21,18454.00,300,1852100
20221115,09:49:24,18452.00,150,1852100
20221115,09:49:25,18451.00,200,1852100
20221115,09:49:26,18451.00,100,1852100
20221115,09:49:27,18450.60,100,1852100
20221115,09:49:30,18450.60,100,1852100
20221115,09:49:31,18450.25,50,1852100
20221115,09:49:32,18450.25,50,1852100
20221115,09:49:35,18452.05,50,1852100
20221115,09:49:36,18453.80,50,1852100
20221115,09:49:44,18451.00,100,1852100
20221115,09:49:45,18452.00,100,1852100
20221115,09:49:48,18450.10,100,1852100
20221115,09:49:50,18450.10,100,1852100
20221115,09:49:53,18452.05,200,1852100
20221115,09:49:53,18450.70,50,1852100
20221115,09:49:56,18451.55,50,1852100
20221115,09:49:58,18450.00,50,1852100
20221115,09:50:00,18449.50,1700,1852100
20221115,09:50:02,18448.80,50,1852100
20221115,09:50:04,18445.00,700,1852100
20221115,09:50:05,18445.00,50,1852100
20221115,09:50:06,18447.00,50,1852100
20221115,09:50:06,18446.95,50,1852100
20221115,09:50:11,18445.25,50,1852100
20221115,09:50:13,18446.50,250,1852100
20221115,09:50:16,18444.95,150,1852100
20221115,09:50:18,18444.95,100,1852100
20221115,09:50:22,18445.55,150,1852100
20221115,09:50:24,18446.75,100,1852100
20221115,09:50:25,18445.30,100,1852100
20221115,09:50:26,18445.00,300,1852100
20221115,09:50:28,18442.95,450,1852100
20221115,09:50:29,18442.20,150,1852100
20221115,09:50:30,18442.20,100,1852100
20221115,09:50:32,18445.10,50,1852100
20221115,09:50:33,18441.60,100,1852100
20221115,09:50:35,18441.60,50,1852100
20221115,09:50:38,18441.70,50,1858250
20221115,09:50:42,18443.50,200,1858250
20221115,09:50:43,18441.30,300,1858250
20221115,09:50:45,18441.30,150,1858250
20221115,09:50:46,18438.00,950,1858250
20221115,09:50:47,18438.00,50,1858250
20221115,09:50:48,18437.30,200,1858250
20221115,09:50:49,18438.95,150,1858250
20221115,09:50:51,18438.65,250,1858250
20221115,09:50:51,18438.95,50,1858250
20221115,09:50:52,18438.50,150,1858250
20221115,09:50:54,18438.45,50,1858250
20221115,09:50:55,18438.45,50,1858250
20221115,09:50:59,18441.70,50,1858250
20221115,09:51:02,18438.00,100,1858250
20221115,09:51:03,18440.45,450,1858250
20221115,09:51:05,18440.80,50,1858250
20221115,09:51:07,18440.00,100,1858250
20221115,09:51:09,18440.45,50,1858250
20221115,09:51:11,18439.60,50,1858250
20221115,09:51:13,18439.15,100,1858250
20221115,09:51:19,18442.40,200,1858250
20221115,09:51:20,18441.05,50,1858250
20221115,09:51:21,18442.40,50,1858250
20221115,09:51:22,18442.40,50,1858250
20221115,09:51:23,18441.60,50,1858250
20221115,09:51:24,18442.95,50,1858250
20221115,09:51:29,18442.00,100,1858250
20221115,09:51:31,18441.05,50,1858250
20221115,09:51:34,18443.00,50,1858250
20221115,09:51:35,18445.00,50,1858250
20221115,09:51:39,18443.65,100,1858250
20221115,09:51:40,18443.65,250,1858250
20221115,09:51:41,18443.65,100,1858250
20221115,09:51:43,18442.80,50,1858250
20221115,09:51:44,18442.70,250,1858250
20221115,09:51:45,18442.25,500,1858250
20221115,09:51:47,18445.70,100,1858250
20221115,09:51:52,18446.95,50,1858250
20221115,09:51:55,18447.15,200,1858250
20221115,09:52:00,18445.00,50,1858250
20221115,09:52:09,18443.85,150,1858250
20221115,09:52:10,18444.80,150,1858250
20221115,09:52:20,18444.90,300,1858250
20221115,09:52:25,18446.15,100,1858250
20221115,09:52:26,18443.50,250,1858250
20221115,09:52:37,18445.00,50,1858250
20221115,09:52:38,18445.95,300,1858250
20221115,09:52:43,18446.65,50,1858250
20221115,09:52:47,18446.80,100,1858250
20221115,09:52:50,18446.65,50,1858250
20221115,09:52:52,18446.50,50,1858250
20221115,09:52:58,18447.15,50,1858250
20221115,09:52:59,18446.50,50,1858250
20221115,09:53:00,18446.50,100,1858250
20221115,09:53:02,18446.50,100,1858250
20221115,09:53:03,18446.90,50,1858250
20221115,09:53:05,18446.95,50,1858250
20221115,09:53:06,18445.95,50,1858250
20221115,09:53:10,18449.95,100,1858250
20221115,09:53:11,18447.35,50,1858250
20221115,09:53:18,18449.85,100,1858250
20221115,09:53:19,18450.00,100,1858250
20221115,09:53:26,18449.95,50,1858250
20221115,09:53:27,18450.00,100,1858250
20221115,09:53:28,18448.95,150,1858250
20221115,09:53:34,18447.10,50,1858250
20221115,09:53:41,18447.00,50,1859600
20221115,09:53:46,18447.55,50,1859600
20221115,09:53:47,18447.70,50,1859600
20221115,09:53:50,18451.55,350,1859600
20221115,09:53:51,18451.55,50,1859600
20221115,09:53:53,18452.55,50,1859600
20221115,09:54:06,18449.15,150,1859600
20221115,09:54:12,18450.00,50,1859600
20221115,09:54:19,18450.00,50,1859600
20221115,09:54:25,18449.70,100,1859600
20221115,09:54:27,18449.95,50,1859600
20221115,09:54:31,18449.95,100,1859600
20221115,09:54:35,18449.75,100,1859600
20221115,09:54:42,18450.00,50,1859600
20221115,09:54:51,18444.75,1500,1859600
20221115,09:54:56,18444.40,50,1859600
20221115,09:54:58,18446.00,100,1859600
20221115,09:55:02,18444.40,100,1859600
20221115,09:55:11,18445.00,50,1859600
20221115,09:55:13,18445.00,50,1859600
20221115,09:55:20,18444.40,100,1859600
20221115,09:55:21,18444.00,350,1859600
20221115,09:55:32,18443.15,50,1859600
20221115,09:55:46,18444.40,100,1859600
20221115,09:55:51,18445.00,50,1859600
20221115,09:55:57,18445.00,100,1859600
20221115,09:55:59,18446.00,50,1859600
20221115,09:56:01,18445.65,50,1859600
20221115,09:56:04,18447.00,50,1859600
20221115,09:56:05,18447.00,50,1859600
20221115,09:56:07,18448.00,50,1859600
20221115,09:56:08,18448.00,100,1859600
20221115,09:56:13,18450.00,350,1859600
20221115,09:56:18,18449.75,100,1859600
20221115,09:56:22,18450.00,150,1859600
20221115,09:56:24,18453.85,750,1859600
20221115,09:56:26,18453.50,50,1859600
20221115,09:56:29,18453.50,50,1859600
20221115,09:56:31,18452.60,50,1859600
20221115,09:56:34,18452.50,150,1859600
20221115,09:56:36,18449.75,300,1859600
20221115,09:56:38,18452.50,50,1860300
20221115,09:56:41,18452.15,100,1860300
20221115,09:56:43,18449.75,50,1860300
20221115,09:56:53,18449.95,50,1860300
20221115,09:57:09,18452.00,50,1860300
20221115,09:57:16,18451.90,50,1860300
20221115,09:57:17,18450.85,100,1860300
20221115,09:57:21,18450.45,50,1860300
20221115,09:57:33,18450.00,50,1860300
20221115,09:57:36,18450.00,50,1860300
20221115,09:57:54,18451.90,50,1860300
20221115,09:57:55,18451.80,50,1860300
20221115,09:57:56,18450.05,50,1860300
20221115,09:57:57,18450.15,100,1860300
20221115,09:57:59,18452.00,50,1860300
20221115,09:58:13,18451.90,100,1860300
20221115,09:58:14,18453.75,200,1860300
20221115,09:58:15,18453.95,50,1860300
20221115,09:58:19,18452.05,50,1860300
20221115,09:58:22,18454.00,50,1860300
20221115,09:58:24,18452.00,100,1860300
20221115,09:58:25,18454.20,50,1860300
20221115,09:58:29,18452.00,150,1860300
20221115,09:58:30,18452.00,50,1860300
20221115,09:58:32,18450.50,50,1860300
20221115,09:58:33,18450.35,150,1860300
20221115,09:58:34,18450.90,50,1860300
20221115,09:58:36,18450.00,100,1860300
20221115,09:58:41,18450.00,100,1860300
20221115,09:58:44,18450.55,150,1860300
20221115,09:58:45,18449.65,50,1860300
20221115,09:58:46,18449.00,50,1860300
20221115,09:58:47,18448.55,50,1860300
20221115,09:58:52,18448.05,50,1860300
20221115,09:58:56,18451.65,100,1860300
20221115,09:59:00,18448.90,50,1860300
20221115,09:59:04,18450.00,100,1860300
20221115,09:59:07,18450.00,50,1860300
20221115,09:59:12,18450.00,50,1860300
20221115,09:59:20,18450.55,50,1860300
20221115,09:59:25,18450.00,100,1860300
20221115,09:59:27,18450.55,50,1860300
20221115,09:59:30,18450.55,50,1860300
20221115,09:59:37,18451.40,50,1860300
20221115,09:59:38,18453.00,100,1860300
20221115,09:59:52,18455.00,250,1860900
20221115,10:00:04,18455.00,100,1860900
20221115,10:00:07,18455.00,50,1860900
20221115,10:00:10,18455.00,50,1860900
20221115,10:00:11,18455.00,50,1860900
20221115,10:00:12,18455.00,100,1860900
20221115,10:00:17,18453.00,50,1860900
20221115,10:00:19,18450.55,400,1860900
20221115,10:00:22,18450.00,100,1860900
20221115,10:00:28,18450.00,100,1860900
20221115,10:00:30,18450.55,50,1860900
20221115,10:00:42,18452.25,50,1860900
20221115,10:00:50,18452.45,100,1860900
20221115,10:00:55,18453.30,50,1860900
20221115,10:00:59,18453.25,150,1860900
20221115,10:01:09,18450.00,150,1860900
20221115,10:01:10,18450.00,250,1860900
20221115,10:01:12,18450.00,50,1860900
20221115,10:01:16,18450.00,50,1860900
20221115,10:01:19,18449.85,250,1860900
20221115,10:01:24,18449.90,100,1860900
20221115,10:01:26,18448.00,50,1860900
20221115,10:01:27,18450.10,50,1860900
20221115,10:01:29,18449.75,50,1860900
20221115,10:01:34,18447.40,150,1860900
20221115,10:01:38,18447.60,50,1860900
20221115,10:01:50,18447.60,500,1860900
20221115,10:01:50,18447.60,50,1860900
20221115,10:01:51,18447.60,850,1860900
20221115,10:01:53,18447.60,500,1860900
20221115,10:01:55,18447.00,50,1860900
20221115,10:01:57,18447.00,300,1860900
20221115,10:02:24,18447.90,50,1860900
20221115,10:02:26,18447.00,200,1860900
20221115,10:02:33,18447.00,100,1860900
20221115,10:02:34,18447.00,100,1860900
20221115,10:02:41,18447.00,100,1861200
20221115,10:02:45,18446.75,150,1861200
20221115,10:02:51,18446.00,50,1861200
20221115,10:02:55,18445.00,250,1861200
20221115,10:03:01,18445.00,150,1861200
20221115,10:03:04,18444.40,150,1861200
20221115,10:03:08,18444.40,600,1861200
20221115,10:03:15,18444.15,50,1861200
20221115,10:03:16,18448.35,150,1861200
20221115,10:03:21,18447.00,50,1861200
20221115,10:03:23,18447.20,50,1861200
20221115,10:03:37,18447.20,50,1861200
20221115,10:03:47,18446.00,50,1861200
20221115,10:04:01,18445.55,350,1861200
20221115,10:04:50,18448.00,50,1861200
20221115,10:04:54,18449.95,50,1861200
20221115,10:04:58,18450.00,50,1861200
20221115,10:04:59,18450.00,200,1861200
20221115,10:05:00,18450.00,50,1861200
20221115,10:05:06,18452.75,200,1861200
20221115,10:05:10,18450.00,200,1861200
20221115,10:05:12,18450.00,50,1861200
20221115,10:05:17,18451.40,100,1861200
20221115,10:05:35,18451.90,50,1861200
20221115,10:05:48,18453.05,100,1862500
20221115,10:05:49,18453.00,50,1862500
20221115,10:05:52,18454.35,100,1862500
20221115,10:05:57,18453.85,50,1862500
20221115,10:06:16,18453.10,50,1862500
20221115,10:06:17,18453.85,50,1862500
20221115,10:06:31,18454.70,50,1862500
20221115,10:06:32,18454.75,100,1862500
20221115,10:06:35,18454.00,50,1862500
20221115,10:06:37,18454.65,250,1862500
20221115,10:06:40,18454.95,50,1862500
20221115,10:06:42,18454.95,50,1862500
20221115,10:06:43,18455.00,50,1862500
20221115,10:06:44,18455.60,200,1862500
20221115,10:06:50,18455.60,350,1862500
20221115,10:06:53,18458.00,100,1862500
20221115,10:06:54,18455.70,50,1862500
20221115,10:07:05,18455.10,100,1862500
20221115,10:07:06,18458.65,1500,1862500
20221115,10:07:07,18458.45,50,1862500
20221115,10:07:12,18457.00,50,1862500
20221115,10:07:13,18457.00,50,1862500
20221115,10:07:15,18457.00,50,1862500
20221115,10:07:19,18457.00,50,1862500
20221115,10:07:29,18457.00,50,1862500
20221115,10:07:30,18455.80,50,1862500
20221115,10:07:42,18456.50,50,1862500
20221115,10:07:44,18459.20,50,1862500
20221115,10:07:49,18461.00,200,1862500
20221115,10:07:50,18460.75,100,1862500
20221115,10:07:51,18460.85,50,1862500
20221115,10:07:53,18460.85,50,1862500
20221115,10:08:00,18460.90,50,1862500
20221115,10:08:02,18460.00,50,1862500
20221115,10:08:10,18460.00,50,1862500
20221115,10:08:19,18459.80,50,1862500
20221115,10:08:22,18456.80,50,1862500
20221115,10:08:26,18460.00,50,1862500
20221115,10:08:41,18457.65,650,1862700
20221115,10:08:49,18457.60,50,1862700
20221115,10:08:55,18457.60,50,1862700
20221115,10:09:00,18459.00,50,1862700
20221115,10:09:05,18457.00,100,1862700
20221115,10:09:06,18458.00,100,1862700
20221115,10:09:09,18457.20,200,1862700
20221115,10:09:10,18458.00,50,1862700
20221115,10:09:16,18457.00,50,1862700
20221115,10:09:27,18457.00,50,1862700
20221115,10:09:38,18456.90,50,1862700
20221115,10:09:39,18457.00,100,1862700
20221115,10:09:42,18457.00,50,1862700
20221115,10:09:46,18456.90,50,1862700
20221115,10:09:48,18457.00,50,1862700
20221115,10:09:57,18456.85,100,1862700
20221115,10:10:00,18457.00,100,1862700
20221115,10:10:01,18457.00,300,1862700
20221115,10:10:04,18456.85,50,1862700
20221115,10:10:07,18456.65,50,1862700
20221115,10:10:10,18457.00,50,1862700
20221115,10:10:12,18457.00,50,1862700
20221115,10:10:15,18459.30,50,1862700
20221115,10:10:21,18458.40,50,1862700
20221115,10:10:23,18457.20,150,1862700
20221115,10:10:36,18457.00,50,1862700
20221115,10:10:43,18457.00,50,1862700
20221115,10:10:52,18457.00,50,1862700
20221115,10:10:58,18457.80,200,1862700
20221115,10:11:01,18455.15,50,1862700
20221115,10:11:08,18455.00,100,1862700
20221115,10:11:29,18455.00,50,1862700
20221115,10:11:32,18453.40,50,1862700
20221115,10:11:57,18455.00,50,1862500
20221115,10:12:15,18455.85,100,1862500
20221115,10:12:21,18455.00,50,1862500
20221115,10:12:22,18457.00,50,1862500
20221115,10:12:38,18454.00,50,1862500
20221115,10:13:05,18454.00,50,1862500
20221115,10:13:09,18454.00,250,1862500
20221115,10:13:10,18454.00,250,1862500
20221115,10:13:11,18454.65,100,1862500
20221115,10:13:33,18455.00,50,1862500
20221115,10:13:47,18455.00,50,1862500
20221115,10:13:56,18455.00,100,1862500
20221115,10:13:58,18455.45,100,1862500
20221115,10:14:02,18452.60,100,1862500
20221115,10:14:05,18452.65,800,1862500
20221115,10:14:07,18452.60,50,1862500
20221115,10:14:08,18452.60,700,1862500
20221115,10:14:09,18452.60,950,1862500
20221115,10:14:28,18455.00,50,1862500
20221115,10:14:45,18455.10,50,1862250
20221115,10:14:50,18456.00,50,1862250
20221115,10:14:54,18457.00,50,1862250
20221115,10:14:57,18457.00,50,1862250
20221115,10:15:00,18455.20,50,1862250
20221115,10:15:04,18455.10,50,1862250
20221115,10:15:08,18455.00,50,1862250
20221115,10:15:11,18455.00,150,1862250
20221115,10:15:12,18455.00,50,1862250
20221115,10:15:15,18455.00,400,1862250
20221115,10:15:16,18455.00,400,1862250
20221115,10:15:41,18450.00,500,1862250
20221115,10:15:44,18452.35,50,1862250
20221115,10:15:49,18449.95,850,1862250
20221115,10:15:50,18449.95,200,1862250
20221115,10:15:57,18451.00,150,1862250
20221115,10:16:06,18451.00,50,1862250
20221115,10:16:07,18450.80,50,1862250
20221115,10:16:12,18450.80,50,1862250
20221115,10:16:16,18450.05,100,1862250
20221115,10:16:17,18450.00,200,1862250
20221115,10:16:23,18448.75,50,1862250
20221115,10:16:28,18449.35,50,1862250
20221115,10:16:36,18450.00,100,1862250
20221115,10:16:39,18450.00,400,1862250
20221115,10:16:47,18450.00,250,1862250
20221115,10:16:57,18450.85,50,1862250
20221115,10:16:58,18451.00,250,1862250
20221115,10:17:07,18451.00,500,1862250
20221115,10:17:19,18452.15,50,1862250
20221115,10:17:24,18450.00,750,1862250
20221115,10:17:35,18451.00,100,1862250
20221115,10:17:52,18451.00,100,1861450
20221115,10:18:25,18450.60,50,1861450
20221115,10:18:26,18450.00,800,1861450
20221115,10:18:28,18450.00,100,1861450
20221115,10:18:31,18452.00,50,1861450
20221115,10:18:33,18448.80,100,1861450
20221115,10:18:36,18448.70,50,1861450
20221115,10:18:39,18448.70,50,1861450
20221115,10:18:53,18449.05,50,1861450
20221115,10:18:57,18451.00,100,1861450
20221115,10:19:14,18453.00,100,1861450
20221115,10:19:17,18452.15,50,1861450
20221115,10:19:35,18452.50,150,1861450
20221115,10:19:36,18453.75,100,1861450
20221115,10:19:37,18454.00,50,1861450
20221115,10:19:39,18455.00,100,1861450
20221115,10:19:41,18457.00,50,1861450
20221115,10:19:43,18457.00,50,1861450
20221115,10:19:51,18457.00,50,1861450
20221115,10:19:53,18457.00,50,1861450
20221115,10:19:54,18458.50,50,1861450
20221115,10:19:56,18458.50,50,1861450
20221115,10:20:07,18457.25,50,1861450
20221115,10:20:13,18457.20,50,1861450
20221115,10:20:13,18457.15,50,1861450
20221115,10:20:25,18457.15,50,1861450
20221115,10:20:30,18458.50,50,1861450
20221115,10:20:32,18458.50,50,1861450
20221115,10:20:48,18458.80,50,1861650
20221115,10:21:11,18458.80,50,1861650
20221115,10:21:18,18455.80,50,1861650
20221115,10:21:26,18457.95,50,1861650
20221115,10:21:29,18458.15,50,1861650
20221115,10:21:37,18454.05,50,1861650
20221115,10:21:39,18455.00,50,1861650
20221115,10:21:56,18457.50,50,1861650
20221115,10:22:09,18457.50,50,1861650
20221115,10:22:11,18457.30,50,1861650
20221115,10:22:14,18457.55,50,1861650
20221115,10:23:00,18459.00,50,1861650
20221115,10:23:09,18458.00,50,1861650
20221115,10:23:16,18456.85,50,1861650
20221115,10:23:31,18455.40,100,1861650
20221115,10:23:47,18456.60,50,1862250
20221115,10:24:22,18454.90,50,1862250
20221115,10:24:32,18454.90,50,1862250
20221115,10:24:33,18452.60,100,1862250
20221115,10:24:35,18452.60,50,1862250
20221115,10:24:45,18455.25,50,1862250
20221115,10:24:47,18455.20,50,1862250
20221115,10:24:55,18453.95,50,1862250
20221115,10:24:59,18456.80,50,1862250
20221115,10:25:02,18455.00,100,1862250
20221115,10:25:04,18455.95,50,1862250
20221115,10:25:11,18455.05,100,1862250
20221115,10:25:18,18455.05,50,1862250
20221115,10:25:34,18455.00,100,1862250
20221115,10:25:39,18455.05,100,1862250
20221115,10:25:40,18455.05,250,1862250
20221115,10:25:41,18453.10,200,1862250
20221115,10:25:43,18452.00,200,1862250
20221115,10:26:00,18452.00,250,1862250
20221115,10:26:02,18449.00,150,1862250
20221115,10:26:23,18448.25,50,1862250
20221115,10:26:33,18448.25,400,1862250
20221115,10:26:41,18447.90,50,1862250
20221115,10:27:01,18449.85,50,1863150
20221115,10:27:11,18447.90,50,1863150
20221115,10:27:14,18447.90,50,1863150
20221115,10:27:22,18447.05,100,1863150
20221115,10:27:30,18447.50,50,1863150
20221115,10:27:48,18449.85,50,1863150
20221115,10:27:51,18447.50,100,1863150
20221115,10:27:58,18447.25,50,1863150
20221115,10:27:59,18447.25,200,1863150
20221115,10:28:01,18450.00,50,1863150
20221115,10:28:05,18452.20,300,1863150
20221115,10:28:09,18453.65,100,1863150
20221115,10:28:20,18452.40,50,1863150
20221115,10:28:23,18452.65,50,1863150
20221115,10:28:24,18453.40,50,1863150
20221115,10:28:27,18452.00,50,1863150
20221115,10:28:41,18453.65,50,1863150
20221115,10:28:54,18454.70,50,1863150
20221115,10:28:58,18454.50,50,1863150
20221115,10:29:03,18452.00,50,1863150
20221115,10:29:11,18452.00,350,1863150
20221115,10:29:13,18452.00,150,1863150
20221115,10:29:15,18452.00,100,1863150
20221115,10:29:19,18452.00,50,1863150
20221115,10:29:22,18452.00,100,1863150
20221115,10:29:23,18452.00,250,1863150
20221115,10:29:27,18452.00,50,1863150
20221115,10:29:28,18452.00,50,1863150
20221115,10:29:29,18450.00,550,1863150
20221115,10:29:44,18448.70,50,1863150
20221115,10:29:48,18448.50,250,1863500
20221115,10:29:52,18449.00,50,1863500
20221115,10:29:56,18450.00,50,1863500
20221115,10:30:09,18448.65,250,1863500
20221115,10:30:13,18448.55,50,1863500
20221115,10:30:14,18448.55,50,1863500
20221115,10:30:17,18448.50,50,1863500
20221115,10:30:19,18448.35,50,1863500
20221115,10:30:21,18448.30,50,1863500
20221115,10:30:23,18448.35,100,1863500
20221115,10:30:27,18448.55,50,1863500
20221115,10:30:29,18448.85,50,1863500
20221115,10:30:38,18450.40,50,1863500
20221115,10:30:39,18450.25,50,1863500
20221115,10:31:00,18450.25,100,1863500
20221115,10:31:01,18452.00,100,1863500
20221115,10:31:27,18450.25,50,1863500
20221115,10:31:29,18450.00,50,1863500
20221115,10:31:30,18450.00,50,1863500
20221115,10:31:32,18450.00,100,1863500
20221115,10:31:36,18450.00,200,1863500
20221115,10:31:44,18450.00,50,1863500
20221115,10:31:45,18450.00,50,1863500
20221115,10:31:48,18450.00,50,1863500
20221115,10:31:54,18448.05,50,1863500
20221115,10:32:01,18448.00,50,1863500
20221115,10:32:19,18450.00,50,1863500
20221115,10:32:28,18450.75,350,1863500
20221115,10:32:29,18451.05,150,1863500
20221115,10:32:33,18448.20,200,1863500
20221115,10:32:36,18450.75,50,1863500
20221115,10:32:48,18448.00,50,1864600
20221115,10:32:49,18448.00,300,1864600
20221115,10:32:50,18448.15,50,1864600
20221115,10:32:51,18448.00,50,1864600
20221115,10:32:52,18448.05,50,1864600
20221115,10:32:54,18450.05,50,1864600
20221115,10:33:01,18448.00,200,1864600
20221115,10:33:09,18448.00,50,1864600
20221115,10:33:19,18448.00,50,1864600
20221115,10:33:22,18448.00,250,1864600
20221115,10:33:24,18448.00,50,1864600
20221115,10:33:25,18448.00,250,1864600
20221115,10:33:30,18448.00,150,1864600
20221115,10:33:31,18448.00,50,1864600
20221115,10:33:33,18448.00,50,1864600
20221115,10:33:38,18448.00,200,1864600
20221115,10:33:39,18448.00,50,1864600
20221115,10:33:41,18448.00,100,1864600
20221115,10:33:42,18448.00,250,1864600
20221115,10:33:44,18448.00,50,1864600
20221115,10:33:47,18448.00,200,1864600
20221115,10:33:48,18448.00,450,1864600
20221115,10:33:49,18448.00,100,1864600
20221115,10:33:51,18448.00,700,1864600
20221115,10:33:56,18445.00,50,1864600
20221115,10:34:01,18445.00,50,1864600
20221115,10:34:05,18445.20,50,1864600
20221115,10:34:07,18446.00,150,1864600
20221115,10:34:09,18446.35,50,1864600
20221115,10:34:11,18446.60,50,1864600
20221115,10:34:24,18446.65,50,1864600
20221115,10:34:27,18447.95,200,1864600
20221115,10:34:36,18446.20,50,1864600
20221115,10:34:39,18447.95,200,1864600
20221115,10:34:40,18447.95,350,1864600
20221115,10:34:43,18447.95,50,1864600
20221115,10:34:50,18446.00,50,1864600
20221115,10:34:52,18446.00,100,1864600
20221115,10:34:59,18446.00,100,1864600
20221115,10:35:03,18446.00,50,1864600
20221115,10:35:11,18446.00,50,1864600
20221115,10:35:12,18446.00,100,1864600
20221115,10:35:13,18445.90,100,1864600
20221115,10:35:31,18445.10,100,1864600
20221115,10:35:38,18445.00,50,1864600
20221115,10:35:46,18446.00,50,1864600
20221115,10:35:47,18445.00,50,1864950
20221115,10:35:48,18445.00,100,1864950
20221115,10:35:51,18445.00,1150,1864950
20221115,10:35:59,18445.00,100,1864950
20221115,10:36:22,18445.00,50,1864950
20221115,10:36:28,18444.00,100,1864950
20221115,10:36:47,18443.50,50,1864950
20221115,10:36:51,18443.50,50,1864950
20221115,10:36:54,18443.50,50,1864950
20221115,10:36:57,18443.50,100,1864950
20221115,10:37:03,18443.10,50,1864950
20221115,10:37:05,18443.50,150,1864950
20221115,10:37:09,18443.50,50,1864950
20221115,10:37:10,18443.10,300,1864950
20221115,10:37:14,18444.95,200,1864950
20221115,10:37:18,18443.35,50,1864950
20221115,10:37:23,18443.00,200,1864950
20221115,10:37:56,18443.00,100,1864950
20221115,10:37:57,18443.00,100,1864950
20221115,10:38:06,18443.00,100,1864950
20221115,10:38:11,18443.00,100,1864950
20221115,10:38:15,18443.00,100,1864950
20221115,10:38:20,18443.00,50,1864950
20221115,10:38:26,18443.00,100,1864950
20221115,10:38:36,18444.90,50,1864950
20221115,10:38:37,18444.90,50,1864950
20221115,10:38:38,18442.10,50,1864950
20221115,10:38:42,18442.00,50,1864950
20221115,10:38:48,18442.00,50,1866500
20221115,10:38:50,18442.00,50,1866500
20221115,10:38:55,18442.00,50,1866500
20221115,10:39:00,18442.00,150,1866500
20221115,10:39:05,18442.00,50,1866500
20221115,10:39:06,18442.00,450,1866500
20221115,10:39:08,18442.00,50,1866500
20221115,10:39:11,18442.00,50,1866500
20221115,10:39:15,18442.00,50,1866500
20221115,10:39:16,18442.00,150,1866500
20221115,10:39:21,18442.00,50,1866500
20221115,10:39:26,18441.05,50,1866500
20221115,10:39:29,18441.05,50,1866500
20221115,10:39:31,18442.00,100,1866500
20221115,10:39:38,18441.20,50,1866500
20221115,10:39:43,18441.20,250,1866500
20221115,10:39:44,18442.00,50,1866500
20221115,10:39:47,18442.00,50,1866500
20221115,10:39:48,18442.00,250,1866500
20221115,10:39:50,18442.00,250,1866500
20221115,10:39:54,18443.85,300,1866500
20221115,10:40:02,18443.85,250,1866500
20221115,10:40:04,18443.90,300,1866500
20221115,10:40:06,18443.90,250,1866500
20221115,10:40:26,18444.00,100,1866500
20221115,10:40:41,18444.00,250,1866500
20221115,10:40:47,18443.60,50,1866500
20221115,10:41:49,18442.80,100,1866850
20221115,10:41:57,18445.05,50,1866850
20221115,10:42:01,18442.00,50,1866850
20221115,10:42:02,18442.00,100,1866850
20221115,10:42:09,18445.35,50,1866850
20221115,10:42:14,18445.00,50,1866850
20221115,10:42:33,18445.00,50,1866850
20221115,10:42:54,18448.00,150,1866850
20221115,10:42:57,18450.00,100,1866850
20221115,10:43:02,18451.85,50,1866850
20221115,10:43:09,18452.20,200,1866850
20221115,10:43:22,18452.70,50,1866850
20221115,10:43:29,18449.70,350,1866850
20221115,10:43:39,18452.10,50,1866850
20221115,10:44:00,18448.15,50,1866850
20221115,10:44:07,18450.00,50,1866850
20221115,10:44:08,18451.45,150,1866850
20221115,10:44:10,18452.35,50,1866850
20221115,10:44:19,18453.15,100,1866850
20221115,10:44:28,18450.50,50,1866850
20221115,10:44:41,18451.15,250,1866850
20221115,10:44:45,18450.90,50,1866850
20221115,10:45:05,18450.90,50,1867150
20221115,10:45:06,18450.00,100,1867150
20221115,10:45:11,18450.00,100,1867150
20221115,10:45:12,18451.50,50,1867150
20221115,10:45:15,18450.00,50,1867150
20221115,10:45:19,18448.00,100,1867150
20221115,10:45:50,18450.00,150,1867150
20221115,10:45:54,18450.00,200,1867150
20221115,10:45:55,18450.00,450,1867150
20221115,10:46:01,18450.00,50,1867150
20221115,10:46:03,18450.00,150,1867150
20221115,10:46:04,18450.00,50,1867150
20221115,10:46:13,18451.00,50,1867150
20221115,10:46:54,18452.00,50,1867150
20221115,10:47:08,18452.85,100,1867150
20221115,10:47:14,18454.00,50,1867150
20221115,10:47:20,18454.80,50,1867150
20221115,10:47:22,18455.00,50,1867150
20221115,10:47:34,18453.00,50,1867150
20221115,10:47:37,18451.10,50,1867150
20221115,10:47:41,18450.45,50,1867150
20221115,10:47:48,18451.30,50,1867950
20221115,10:47:50,18454.25,50,1867950
20221115,10:47:53,18450.05,50,1867950
20221115,10:48:27,18452.65,50,1867950
20221115,10:48:36,18455.00,50,1867950
20221115,10:48:49,18455.05,200,1867950
20221115,10:49:12,18456.00,100,1867950
20221115,10:49:19,18456.85,50,1867950
20221115,10:49:20,18455.25,200,1867950
20221115,10:49:29,18456.00,200,1867950
20221115,10:49:34,18455.75,150,1867950
20221115,10:49:38,18456.20,50,1867950
20221115,10:49:39,18456.30,50,1867950
20221115,10:49:46,18456.55,100,1867950
20221115,10:49:49,18456.75,100,1867950
20221115,10:49:51,18458.60,50,1867950
20221115,10:49:52,18458.55,50,1867950
20221115,10:49:55,18457.65,100,1867950
20221115,10:50:00,18457.65,50,1867950
20221115,10:50:11,18457.65,50,1867950
20221115,10:50:13,18457.45,50,1867950
20221115,10:50:16,18457.65,50,1867950
20221115,10:50:18,18457.35,50,1867950
20221115,10:50:20,18457.25,50,1867950
20221115,10:50:35,18457.45,50,1867950
20221115,10:50:45,18455.50,250,1867950
20221115,10:51:11,18455.80,200,1869300
20221115,10:51:12,18455.65,50,1869300
20221115,10:51:26,18457.90,50,1869300
20221115,10:51:30,18457.90,500,1869300
20221115,10:51:42,18459.00,100,1869300
20221115,10:51:45,18460.00,100,1869300
20221115,10:51:59,18459.95,50,1869300
20221115,10:52:01,18461.45,50,1869300
20221115,10:52:09,18461.75,50,1869300
20221115,10:52:16,18461.85,50,1869300
20221115,10:52:17,18461.95,50,1869300
20221115,10:52:19,18462.00,50,1869300
20221115,10:52:34,18460.10,150,1869300
20221115,10:52:46,18460.00,150,1869300
20221115,10:52:49,18460.20,200,1869300
20221115,10:52:53,18457.80,100,1869300
20221115,10:52:58,18457.80,50,1869300
20221115,10:53:03,18458.30,50,1869300
20221115,10:53:05,18457.65,50,1869300
20221115,10:53:08,18460.00,100,1869300
20221115,10:53:09,18457.60,50,1869300
20221115,10:53:10,18460.00,100,1869300
20221115,10:53:15,18457.50,100,1869300
20221115,10:53:21,18457.35,50,1869300
20221115,10:53:25,18457.35,600,1869300
20221115,10:53:35,18457.25,50,1869300
20221115,10:53:37,18457.00,50,1869300
20221115,10:53:40,18457.00,150,1869300
20221115,10:53:41,18457.00,50,1869300
20221115,10:53:50,18457.00,50,1871250
20221115,10:53:51,18457.00,50,1871250
20221115,10:53:59,18457.00,50,1871250
20221115,10:54:12,18456.00,50,1871250
20221115,10:54:16,18456.45,50,1871250
20221115,10:54:38,18456.40,50,1871250
20221115,10:54:50,18457.00,100,1871250
20221115,10:55:26,18457.00,50,1871250
20221115,10:55:28,18457.00,50,1871250
20221115,10:55:32,18457.00,350,1871250
20221115,10:55:34,18456.85,50,1871250
20221115,10:55:35,18457.00,100,1871250
20221115,10:55:39,18457.50,50,1871250
20221115,10:55:47,18458.05,50,1871250
20221115,10:55:51,18458.05,50,1871250
20221115,10:55:54,18458.00,50,1871250
20221115,10:55:59,18458.00,50,1871250
20221115,10:56:05,18459.90,50,1871250
20221115,10:56:11,18459.05,50,1871250
20221115,10:56:20,18460.00,50,1871250
20221115,10:56:30,18459.05,50,1871250
20221115,10:56:52,18459.90,50,1872100
20221115,10:57:10,18460.00,50,1872100
20221115,10:57:21,18460.00,50,1872100
20221115,10:57:41,18462.50,100,1872100
20221115,10:57:45,18463.25,100,1872100
20221115,10:57:47,18462.25,500,1872100
20221115,10:57:49,18462.05,150,1872100
20221115,10:57:53,18463.35,250,1872100
20221115,10:58:02,18462.80,50,1872100
20221115,10:58:13,18462.60,100,1872100
20221115,10:58:21,18461.60,350,1872100
20221115,10:58:28,18460.05,50,1872100
20221115,10:58:33,18460.00,50,1872100
20221115,10:58:51,18460.00,150,1872100
20221115,10:58:52,18459.05,100,1872100
20221115,10:58:52,18460.00,50,1872100
20221115,10:58:56,18459.60,200,1872100
20221115,10:58:58,18457.40,100,1872100
20221115,10:59:13,18458.30,50,1872100
20221115,10:59:16,18455.60,50,1872100
20221115,10:59:25,18454.80,50,1872100
20221115,10:59:30,18455.00,50,1872100
20221115,10:59:33,18454.35,50,1872100
20221115,10:59:35,18455.00,50,1872100
20221115,10:59:36,18455.00,50,1872100
20221115,10:59:40,18454.35,50,1872100
20221115,10:59:44,18453.95,50,1872100
20221115,10:59:58,18454.15,100,1873000
20221115,11:00:05,18454.95,50,1873000
20221115,11:00:14,18453.10,200,1873000
20221115,11:00:15,18453.10,50,1873000
20221115,11:00:19,18452.35,150,1873000
20221115,11:00:31,18451.30,100,1873000
20221115,11:00:33,18451.30,50,1873000
20221115,11:00:34,18452.85,50,1873000
20221115,11:00:44,18452.95,50,1873000
20221115,11:00:51,18452.15,200,1873000
20221115,11:01:00,18451.05,50,1873000
20221115,11:01:05,18450.00,100,1873000
20221115,11:01:22,18450.15,50,1873000
20221115,11:01:33,18450.00,50,1873000
20221115,11:01:35,18450.00,50,1873000
20221115,11:01:36,18450.00,50,1873000
20221115,11:01:38,18449.85,50,1873000
20221115,11:01:46,18449.80,50,1873000
20221115,11:01:49,18449.80,100,1873000
20221115,11:01:55,18449.80,50,1873000
20221115,11:02:03,18451.00,50,1873000
20221115,11:02:20,18452.00,50,1873000
20221115,11:02:31,18452.00,50,1873000
20221115,11:03:32,18450.65,50,1874150
20221115,11:03:38,18452.75,200,1874150
20221115,11:03:50,18448.40,100,1874150
20221115,11:03:56,18450.30,250,1874150
20221115,11:04:02,18450.50,200,1874150
20221115,11:04:03,18450.50,50,1874150
20221115,11:04:12,18448.40,100,1874150
20221115,11:04:17,18448.30,100,1874150
20221115,11:04:23,18448.05,100,1874150
20221115,11:04:25,18450.80,100,1874150
20221115,11:04:29,18450.80,50,1874150
20221115,11:04:30,18448.10,50,1874150
20221115,11:04:32,18448.00,100,1874150
20221115,11:04:34,18450.85,100,1874150
20221115,11:04:37,18448.00,50,1874150
20221115,11:04:39,18448.00,50,1874150
20221115,11:04:44,18447.30,50,1874150
20221115,11:05:00,18449.80,50,1874150
20221115,11:05:19,18446.95,100,1874150
20221115,11:05:38,18449.00,200,1874150
20221115,11:05:48,18446.65,50,1874150
20221115,11:06:14,18446.00,50,1874450
20221115,11:06:29,18445.10,50,1874450
20221115,11:06:33,18445.00,300,1874450
20221115,11:06:42,18445.00,50,1874450
20221115,11:06:47,18446.85,900,1874450
20221115,11:06:56,18445.40,100,1874450
20221115,11:06:57,18446.85,50,1874450
20221115,11:07:13,18446.00,50,1874450
20221115,11:07:23,18445.95,100,1874450
20221115,11:07:27,18442.55,300,1874450
20221115,11:07:28,18442.20,200,1874450
20221115,11:07:33,18444.20,200,1874450
20221115,11:07:39,18442.15,50,1874450
20221115,11:07:49,18445.75,200,1874450
20221115,11:07:50,18442.55,50,1874450
20221115,11:07:52,18442.95,1000,1874450
20221115,11:07:56,18442.70,50,1874450
20221115,11:07:58,18442.65,50,1874450
20221115,11:08:06,18442.85,200,1874450
20221115,11:08:10,18446.75,200,1874450
20221115,11:08:13,18443.65,50,1874450
20221115,11:08:18,18445.35,50,1874450
20221115,11:08:26,18443.40,1050,1874450
20221115,11:08:27,18445.00,50,1874450
20221115,11:08:38,18447.90,50,1874450
20221115,11:08:44,18448.20,200,1874450
20221115,11:09:00,18448.75,150,1876250
20221115,11:09:07,18448.00,150,1876250
20221115,11:09:18,18446.00,50,1876250
20221115,11:09:25,18446.00,50,1876250
20221115,11:09:27,18443.00,1000,1876250
20221115,11:09:45,18446.45,50,1876250
20221115,11:10:12,18442.50,50,1876250
20221115,11:10:17,18441.25,1000,1876250
20221115,11:10:30,18440.80,300,1876250
20221115,11:10:36,18441.20,50,1876250
20221115,11:10:37,18443.00,50,1876250
20221115,11:10:38,18443.00,50,1876250
20221115,11:10:39,18441.80,1000,1876250
20221115,11:10:51,18443.00,50,1876250
20221115,11:11:10,18443.00,50,1876250
20221115,11:11:16,18442.00,500,1876250
20221115,11:11:17,18441.60,50,1876250
20221115,11:11:20,18441.00,500,1876250
20221115,11:11:21,18443.00,50,1876250
20221115,11:11:27,18441.35,500,1876250
20221115,11:11:53,18444.85,50,1876250
20221115,11:11:55,18447.65,150,1876100
20221115,11:11:55,18448.85,100,1876100
20221115,11:11:57,18448.85,100,1876100
20221115,11:12:03,18449.65,50,1876100
20221115,11:12:08,18447.90,50,1876100
20221115,11:12:13,18450.00,200,1876100
20221115,11:12:23,18446.90,500,1876100
20221115,11:12:29,18447.90,500,1876100
20221115,11:12:36,18450.45,50,1876100
20221115,11:12:40,18453.10,50,1876100
20221115,11:12:42,18449.70,250,1876100
20221115,11:12:47,18450.25,50,1876100
20221115,11:12:48,18450.35,250,1876100
20221115,11:12:52,18453.65,50,1876100
20221115,11:12:53,18450.10,250,1876100
20221115,11:12:58,18448.60,250,1876100
20221115,11:13:04,18448.50,250,1876100
20221115,11:13:16,18450.75,50,1876100
20221115,11:13:24,18452.25,50,1876100
20221115,11:13:31,18451.75,50,1876100
20221115,11:13:35,18452.25,100,1876100
20221115,11:13:37,18449.05,50,1876100
20221115,11:13:44,18450.00,50,1876100
20221115,11:13:46,18449.00,150,1876100
20221115,11:13:50,18449.00,150,1876100
20221115,11:13:56,18451.40,50,1876100
20221115,11:13:59,18448.30,150,1876100
20221115,11:14:01,18447.95,100,1876100
20221115,11:14:05,18448.00,250,1876100
20221115,11:14:11,18448.00,200,1876100
20221115,11:14:12,18449.40,50,1876100
20221115,11:14:28,18449.40,50,1876100
20221115,11:14:44,18448.80,200,1876100
20221115,11:15:08,18446.00,50,1878000
20221115,11:15:11,18446.05,100,1878000
20221115,11:15:25,18446.35,50,1878000
20221115,11:15:26,18445.00,50,1878000
20221115,11:15:34,18444.00,550,1878000
20221115,11:15:48,18448.30,50,1878000
20221115,11:16:02,18446.35,50,1878000
20221115,11:16:09,18448.80,50,1878000
20221115,11:16:21,18449.20,100,1878000
20221115,11:16:42,18449.20,1500,1878000
20221115,11:17:18,18453.35,2650,1878000
20221115,11:18:31,18452.00,50,1879600
20221115,11:18:39,18451.65,50,1879600
20221115,11:18:57,18452.00,50,1879600
20221115,11:19:06,18453.00,50,1879600
20221115,11:19:18,18452.45,50,1879600
20221115,11:19:20,18450.00,400,1879600
20221115,11:19:24,18449.40,50,1879600
20221115,11:19:25,18449.10,400,1879600
20221115,11:19:36,18450.45,300,1879600
20221115,11:19:45,18452.40,50,1879600
20221115,11:19:47,18449.85,200,1879600
20221115,11:19:51,18449.60,200,1879600
20221115,11:19:54,18450.55,200,1879600
20221115,11:19:58,18451.00,50,1879600
20221115,11:20:15,18451.20,100,1879600
20221115,11:20:19,18450.40,50,1879600
20221115,11:20:21,18452.45,50,1879600
20221115,11:20:28,18450.15,150,1879600
20221115,11:20:30,18449.65,100,1879600
20221115,11:20:35,18450.05,100,1879600
20221115,11:20:38,18449.90,100,1879600
20221115,11:20:43,18450.00,100,1879600
20221115,11:20:53,18450.35,50,1879600
20221115,11:20:55,18450.85,50,1881700
20221115,11:20:58,18450.05,50,1881700
20221115,11:20:59,18451.75,50,1881700
20221115,11:21:00,18449.90,50,1881700
20221115,11:21:01,18450.85,50,1881700
20221115,11:21:02,18450.60,50,1881700
20221115,11:21:16,18453.00,50,1881700
20221115,11:21:33,18453.00,50,1881700
20221115,11:21:34,18453.00,250,1881700
20221115,11:21:39,18453.60,150,1881700
20221115,11:22:05,18455.00,50,1881700
20221115,11:22:28,18455.00,50,1881700
20221115,11:22:32,18456.00,100,1881700
20221115,11:22:37,18457.10,100,1881700
20221115,11:22:40,18457.70,100,1881700
20221115,11:22:45,18457.45,50,1881700
20221115,11:23:08,18457.05,50,1881700
20221115,11:23:13,18457.05,100,1881700
20221115,11:23:35,18457.00,50,1881700
20221115,11:23:49,18458.85,150,1881700
20221115,11:23:54,18458.60,100,1881700
20221115,11:24:02,18457.50,100,1882450
20221115,11:24:05,18459.45,1800,1882450
20221115,11:24:06,18458.55,50,1882450
20221115,11:24:13,18457.60,50,1882450
20221115,11:24:18,18457.10,50,1882450
20221115,11:24:19,18457.00,50,1882450
20221115,11:24:33,18456.90,50,1882450
20221115,11:24:39,18457.20,50,1882450
20221115,11:24:47,18457.10,50,1882450
20221115,11:24:51,18456.95,100,1882450
20221115,11:24:53,18456.90,50,1882450
20221115,11:24:54,18458.50,1800,1882450
20221115,11:24:55,18456.80,50,1882450
20221115,11:25:13,18458.70,1850,1882450
20221115,11:25:16,18457.75,150,1882450
20221115,11:25:19,18459.15,1800,1882450
20221115,11:25:23,18457.00,50,1882450
20221115,11:25:24,18456.80,200,1882450
20221115,11:25:26,18456.50,50,1882450
20221115,11:25:27,18457.55,1800,1882450
20221115,11:25:33,18456.00,50,1882450
20221115,11:25:53,18455.00,50,1882450
20221115,11:26:04,18454.90,50,1882450
20221115,11:26:09,18456.00,50,1882450
20221115,11:26:17,18454.90,100,1882450
20221115,11:26:18,18454.90,50,1882450
20221115,11:26:23,18454.85,100,1882450
20221115,11:26:35,18454.60,150,1882450
20221115,11:26:38,18455.35,50,1882450
20221115,11:26:53,18454.55,100,1882450
20221115,11:27:06,18454.55,50,1882750
20221115,11:27:07,18454.55,50,1882750
20221115,11:27:21,18455.95,100,1882750
20221115,11:27:29,18455.90,50,1882750
20221115,11:27:31,18455.90,100,1882750
20221115,11:27:32,18455.95,50,1882750
20221115,11:27:38,18455.70,50,1882750
20221115,11:27:48,18455.50,150,1882750
20221115,11:28:08,18455.55,100,1882750
20221115,11:28:10,18455.40,50,1882750
20221115,11:28:11,18455.45,50,1882750
20221115,11:28:14,18455.30,100,1882750
20221115,11:28:21,18455.80,50,1882750
20221115,11:28:31,18455.40,50,1882750
20221115,11:28:38,18455.40,100,1882750
20221115,11:28:39,18455.00,100,1882750
20221115,11:28:56,18455.35,200,1882750
20221115,11:29:16,18454.00,50,1882750
20221115,11:29:17,18454.00,50,1882750
20221115,11:29:26,18454.00,50,1882750
20221115,11:29:28,18453.80,150,1882750
20221115,11:29:47,18453.80,50,1882750
20221115,11:30:01,18453.60,50,1883350
20221115,11:30:10,18453.60,50,1883350
20221115,11:30:29,18453.60,50,1883350
20221115,11:30:30,18453.60,50,1883350
20221115,11:30:33,18453.60,200,1883350
20221115,11:30:44,18453.60,150,1883350
20221115,11:30:45,18453.60,50,1883350
20221115,11:30:48,18453.35,50,1883350
20221115,11:30:59,18452.55,50,1883350
20221115,11:31:05,18451.65,50,1883350
20221115,11:31:09,18451.40,50,1883350
20221115,11:31:21,18451.00,50,1883350
20221115,11:31:34,18451.20,100,1883350
20221115,11:32:00,18452.25,50,1883350
20221115,11:32:04,18454.35,150,1883350
20221115,11:32:04,18453.25,50,1883350
20221115,11:32:05,18455.00,50,1883350
20221115,11:32:18,18454.60,100,1883350
20221115,11:33:36,18456.45,250,1884100
20221115,11:34:16,18456.05,50,1884100
20221115,11:34:27,18458.85,200,1884100
20221115,11:35:02,18454.65,50,1884100
20221115,11:35:10,18455.70,50,1884100
20221115,11:35:12,18455.35,150,1884100
20221115,11:35:13,18455.95,50,1884100
20221115,11:35:18,18455.95,50,1884100
20221115,11:35:19,18455.95,100,1884100
20221115,11:35:21,18455.95,50,1884100
20221115,11:35:38,18455.95,50,1884100
20221115,11:35:48,18455.40,200,1884100
20221115,11:35:49,18455.35,200,1884100
20221115,11:36:00,18455.35,50,1884100
20221115,11:36:17,18456.15,50,1883900
20221115,11:36:24,18456.15,550,1883900
20221115,11:36:31,18456.20,100,1883900
20221115,11:36:41,18456.15,150,1883900
20221115,11:36:51,18456.15,400,1883900
20221115,11:37:00,18456.15,50,1883900
20221115,11:37:03,18456.15,50,1883900
20221115,11:37:32,18458.55,100,1883900
20221115,11:37:56,18456.95,50,1883900
20221115,11:38:16,18456.95,50,1883900
20221115,11:38:23,18456.95,50,1883900
20221115,11:38:34,18456.00,50,1883900
20221115,11:38:51,18456.00,50,1883900
20221115,11:39:07,18456.95,50,1885100
20221115,11:39:21,18456.95,50,1885100
20221115,11:39:25,18459.00,50,1885100
20221115,11:39:29,18459.00,100,1885100
20221115,11:39:30,18458.35,50,1885100
20221115,11:39:31,18459.85,50,1885100
20221115,11:39:37,18460.00,50,1885100
20221115,11:39:39,18458.45,50,1885100
20221115,11:39:42,18459.10,50,1885100
20221115,11:39:49,18460.00,150,1885100
20221115,11:39:50,18460.00,200,1885100
20221115,11:39:53,18460.00,100,1885100
20221115,11:39:55,18459.55,50,1885100
20221115,11:39:57,18459.55,300,1885100
20221115,11:40:10,18462.00,150,1885100
20221115,11:40:14,18468.00,2150,1885100
20221115,11:40:15,18470.00,250,1885100
20221115,11:40:22,18470.05,50,1885100
20221115,11:40:23,18470.00,100,1885100
20221115,11:40:31,18467.60,50,1885100
20221115,11:40:34,18467.55,250,1885100
20221115,11:40:39,18466.50,50,1885100
20221115,11:40:53,18468.00,50,1885100
20221115,11:40:54,18467.55,50,1885100
20221115,11:40:58,18467.40,1900,1885100
20221115,11:41:01,18467.40,100,1885100
20221115,11:41:03,18469.15,50,1885100
20221115,11:41:06,18471.55,1900,1885100
20221115,11:41:13,18471.45,1800,1885100
20221115,11:41:14,18469.65,50,1885100
20221115,11:41:19,18470.00,1050,1885100
20221115,11:41:23,18469.75,50,1885100
20221115,11:41:42,18467.00,50,1885100
20221115,11:41:43,18467.00,50,1885100
20221115,11:41:50,18465.00,50,1885100
20221115,11:41:57,18464.05,100,1885100
20221115,11:42:07,18463.80,50,1885350
20221115,11:42:09,18465.35,50,1885350
20221115,11:42:39,18466.00,50,1885350
20221115,11:42:52,18466.00,50,1885350
20221115,11:43:21,18466.80,50,1885350
20221115,11:43:26,18466.80,200,1885350
20221115,11:43:36,18466.05,50,1885350
20221115,11:43:41,18467.85,50,1885350
20221115,11:43:52,18467.85,50,1885350
20221115,11:44:13,18466.50,50,1885350
20221115,11:44:35,18466.50,50,1885350
20221115,11:44:40,18468.70,100,1885350
20221115,11:44:44,18468.90,100,1885350
20221115,11:44:53,18468.75,50,1885350
20221115,11:45:02,18468.45,50,1885350
20221115,11:45:26,18468.55,50,1885350
20221115,11:45:29,18466.00,100,1885350
20221115,11:45:41,18465.85,50,1885350
20221115,11:45:44,18465.00,50,1885350
20221115,11:45:55,18465.00,50,1885350
20221115,11:46:22,18464.00,150,1885350
20221115,11:46:23,18463.00,50,1885350
20221115,11:46:27,18463.00,50,1885350
20221115,11:46:34,18462.70,150,1885350
20221115,11:46:55,18463.00,100,1885350
20221115,11:46:58,18463.00,100,1885350
20221115,11:47:00,18462.75,50,1885350
20221115,11:47:08,18463.00,50,1885350
20221115,11:47:31,18463.00,100,1885350
20221115,11:47:34,18463.00,50,1885350
20221115,11:47:35,18463.00,50,1885350
20221115,11:47:40,18462.55,100,1885350
20221115,11:48:01,18461.30,150,1885600
20221115,11:48:05,18460.95,100,1885600
20221115,11:48:08,18460.35,100,1885600
20221115,11:48:09,18460.25,50,1885600
20221115,11:48:11,18460.00,50,1885600
20221115,11:48:18,18461.95,50,1885600
20221115,11:48:22,18460.00,50,1885600
20221115,11:48:31,18460.00,50,1885600
20221115,11:49:06,18459.75,150,1885600
20221115,11:49:08,18459.00,200,1885600
20221115,11:49:09,18459.00,100,1885600
20221115,11:49:28,18459.40,50,1885600
20221115,11:49:29,18460.00,50,1885600
20221115,11:49:49,18459.00,50,1885600
20221115,11:49:51,18459.00,100,1885600
20221115,11:49:52,18459.00,50,1885600
20221115,11:49:56,18459.00,50,1885600
20221115,11:49:59,18458.15,150,1885600
20221115,11:50:01,18458.00,150,1885600
20221115,11:50:05,18458.00,50,1885600
20221115,11:50:17,18458.00,50,1885600
20221115,11:50:27,18455.35,100,1885600
20221115,11:50:39,18456.80,150,1885600
20221115,11:50:44,18456.55,50,1885600
20221115,11:50:50,18456.30,300,1885600
20221115,11:50:58,18456.80,50,1885600
20221115,11:50:59,18456.80,50,1885600
20221115,11:51:04,18456.80,150,1887150
20221115,11:51:16,18457.80,400,1887150
20221115,11:51:27,18458.00,150,1887150
20221115,11:51:40,18458.00,50,1887150
20221115,11:51:42,18457.60,50,1887150
20221115,11:51:51,18456.40,150,1887150
20221115,11:51:55,18457.60,50,1887150
20221115,11:52:04,18455.15,600,1887150
20221115,11:52:09,18455.45,400,1887150
20221115,11:52:15,18457.60,50,1887150
20221115,11:52:24,18455.15,50,1887150
20221115,11:52:25,18455.15,100,1887150
20221115,11:52:26,18455.15,50,1887150
20221115,11:52:29,18455.15,250,1887150
20221115,11:52:41,18456.85,150,1887150
20221115,11:52:45,18455.55,50,1887150
20221115,11:52:57,18455.70,350,1887150
20221115,11:52:58,18455.55,400,1887150
20221115,11:53:08,18455.25,300,1887150
20221115,11:53:16,18455.00,250,1887150
20221115,11:53:20,18455.00,50,1887150
20221115,11:53:23,18455.00,200,1887150
20221115,11:53:38,18456.80,50,1887150
20221115,11:53:38,18456.40,50,1887150
20221115,11:53:40,18456.80,50,1887150
20221115,11:53:49,18455.10,50,1887150
20221115,11:54:04,18455.10,50,1889400
20221115,11:54:17,18455.05,250,1889400
20221115,11:54:21,18455.05,150,1889400
20221115,11:54:22,18455.00,50,1889400
20221115,11:54:24,18454.95,150,1889400
20221115,11:54:26,18454.25,100,1889400
20221115,11:54:31,18454.25,300,1889400
20221115,11:54:34,18455.75,50,1889400
20221115,11:54:37,18456.80,50,1889400
20221115,11:54:50,18456.80,100,1889400
20221115,11:54:51,18456.70,50,1889400
20221115,11:54:56,18456.70,50,1889400
20221115,11:54:58,18456.70,50,1889400
20221115,11:54:59,18456.70,150,1889400
20221115,11:55:01,18456.70,50,1889400
20221115,11:55:08,18456.70,200,1889400
20221115,11:55:09,18456.80,250,1889400
20221115,11:55:12,18458.00,50,1889400
20221115,11:55:21,18457.85,100,1889400
20221115,11:55:26,18458.00,100,1889400
20221115,11:55:33,18458.00,200,1889400
20221115,11:55:39,18459.00,50,1889400
20221115,11:55:46,18459.70,50,1889400
20221115,11:55:54,18458.45,100,1889400
20221115,11:55:58,18458.40,200,1889400
20221115,11:55:59,18458.30,150,1889400
20221115,11:56:01,18458.30,150,1889400
20221115,11:56:08,18459.75,100,1889400
20221115,11:56:09,18458.70,500,1889400
20221115,11:56:13,18459.75,100,1889400
20221115,11:56:15,18459.75,50,1889400
20221115,11:56:19,18459.75,100,1889400
20221115,11:56:22,18459.75,150,1889400
20221115,11:56:32,18459.55,150,1889400
20221115,11:56:37,18459.05,200,1889400
20221115,11:56:38,18459.55,50,1889400
20221115,11:56:40,18459.55,100,1889400
20221115,11:56:42,18459.55,50,1889400
20221115,11:56:45,18459.55,50,1889400
20221115,11:56:55,18459.45,50,1889400
20221115,11:56:57,18459.55,50,1889400
20221115,11:56:58,18459.55,50,1889400
20221115,11:57:05,18459.55,50,1893300
20221115,11:57:08,18459.55,100,1893300
20221115,11:57:16,18458.70,200,1893300
20221115,11:57:19,18456.80,1800,1893300
20221115,11:57:23,18458.45,150,1893300
20221115,11:57:25,18457.95,500,1893300
20221115,11:57:34,18456.85,1800,1893300
20221115,11:57:46,18456.85,50,1893300
20221115,11:57:47,18458.15,150,1893300
20221115,11:58:02,18453.95,1850,1893300
20221115,11:58:11,18452.75,1850,1893300
20221115,11:58:15,18452.75,50,1893300
20221115,11:58:17,18453.20,1800,1893300
20221115,11:58:21,18453.20,50,1893300
20221115,11:58:24,18453.10,1800,1893300
20221115,11:58:25,18453.10,50,1893300
20221115,11:58:29,18452.95,1800,1893300
20221115,11:58:30,18452.95,200,1893300
20221115,11:58:33,18455.50,50,1893300
20221115,11:58:35,18455.50,50,1893300
20221115,11:58:36,18451.90,1800,1893300
20221115,11:58:39,18451.90,50,1893300
20221115,11:59:05,18457.65,100,1893300
20221115,11:59:30,18457.70,250,1893300
20221115,11:59:33,18457.65,150,1893300
20221115,11:59:48,18457.55,150,1893300
20221115,12:00:13,18454.65,150,1897450
20221115,12:00:20,18454.15,100,1897450
20221115,12:00:23,18454.15,350,1897450
20221115,12:00:32,18454.90,500,1897450
20221115,12:00:33,18454.50,100,1897450
20221115,12:00:54,18457.55,50,1897450
20221115,12:00:57,18457.45,50,1897450
20221115,12:00:58,18457.55,50,1897450
20221115,12:00:59,18457.55,50,1897450
20221115,12:01:00,18457.55,50,1897450
20221115,12:01:16,18457.25,50,1897450
20221115,12:01:17,18457.55,50,1897450
20221115,12:01:18,18457.55,100,1897450
20221115,12:01:20,18457.70,50,1897450
20221115,12:01:21,18457.70,100,1897450
20221115,12:01:23,18457.70,150,1897450
20221115,12:01:24,18457.70,150,1897450
20221115,12:01:29,18460.00,50,1897450
20221115,12:01:32,18460.00,50,1897450
20221115,12:01:45,18459.20,50,1897450
20221115,12:01:50,18459.20,50,1897450
20221115,12:01:51,18459.20,50,1897450
20221115,12:02:11,18459.20,50,1897450
20221115,12:02:23,18459.20,50,1897450
20221115,12:02:24,18459.20,50,1897450
20221115,12:02:26,18459.20,100,1897450
20221115,12:02:59,18458.00,50,1897450
20221115,12:03:24,18458.05,500,1899200
20221115,12:03:32,18459.85,50,1899200
20221115,12:03:36,18459.85,50,1899200
20221115,12:03:50,18459.65,100,1899200
20221115,12:03:55,18459.00,50,1899200
20221115,12:04:04,18458.00,50,1899200
20221115,12:04:13,18456.05,200,1899200
20221115,12:04:16,18456.05,200,1899200
20221115,12:04:19,18456.05,50,1899200
20221115,12:04:28,18456.05,50,1899200
20221115,12:04:36,18456.00,50,1899200
20221115,12:04:58,18456.00,250,1899200
20221115,12:05:11,18455.40,50,1899200
20221115,12:05:19,18455.00,50,1899200
20221115,12:05:20,18455.00,100,1899200
20221115,12:05:24,18454.80,100,1899200
20221115,12:05:27,18454.75,150,1899200
20221115,12:05:28,18454.65,100,1899200
20221115,12:05:49,18456.00,50,1899200
20221115,12:06:00,18455.95,50,1899200
20221115,12:06:13,18455.75,50,1888150
20221115,12:06:20,18454.50,50,1888150
20221115,12:06:31,18452.55,50,1888150
20221115,12:06:36,18452.35,50,1888150
20221115,12:06:46,18454.95,650,1888150
20221115,12:06:48,18455.05,50,1888150
20221115,12:06:54,18455.60,600,1888150
20221115,12:06:58,18455.75,50,1888150
20221115,12:07:01,18452.35,100,1888150
20221115,12:07:02,18452.35,100,1888150
20221115,12:07:18,18451.65,350,1888150
20221115,12:07:20,18451.65,100,1888150
20221115,12:07:21,18452.20,500,1888150
20221115,12:07:31,18452.35,50,1888150
20221115,12:07:45,18452.10,300,1888150
20221115,12:07:48,18452.10,150,1888150
20221115,12:07:49,18452.35,100,1888150
20221115,12:07:59,18453.00,50,1888150
20221115,12:08:00,18454.90,50,1888150
20221115,12:08:03,18452.10,250,1888150
20221115,12:08:05,18451.70,50,1888150
20221115,12:08:11,18452.10,50,1888150
20221115,12:08:12,18452.10,50,1888150
20221115,12:08:16,18452.10,150,1888150
20221115,12:08:45,18453.05,100,1888150
20221115,12:08:58,18453.85,50,1888150
20221115,12:09:10,18454.00,250,1890050
20221115,12:09:14,18454.00,250,1890050
20221115,12:09:19,18454.00,100,1890050
20221115,12:09:22,18455.00,300,1890050
20221115,12:09:25,18454.75,100,1890050
20221115,12:09:31,18455.00,50,1890050
20221115,12:09:38,18455.00,250,1890050
20221115,12:09:40,18456.00,50,1890050
20221115,12:09:59,18456.00,150,1890050
20221115,12:10:12,18456.00,50,1890050
20221115,12:10:32,18454.00,50,1890050
20221115,12:10:35,18453.25,50,1890050
20221115,12:10:38,18454.00,100,1890050
20221115,12:11:11,18456.00,350,1890050
20221115,12:11:48,18454.00,50,1890050
20221115,12:11:54,18452.80,200,1890050
20221115,12:12:05,18452.80,50,1890700
20221115,12:12:11,18450.80,50,1890700
20221115,12:12:27,18452.80,50,1890700
20221115,12:12:46,18452.80,250,1890700
20221115,12:12:50,18452.05,50,1890700
20221115,12:12:56,18451.00,50,1890700
20221115,12:13:44,18452.00,50,1890700
20221115,12:13:52,18451.00,100,1890700
20221115,12:14:01,18450.00,900,1890700
20221115,12:14:03,18450.20,150,1890700
20221115,12:14:13,18451.00,50,1890700
20221115,12:14:23,18451.00,50,1890700
20221115,12:14:44,18450.85,150,1890700
20221115,12:14:49,18450.85,150,1890700
20221115,12:14:51,18450.85,150,1890700
20221115,12:14:54,18450.85,50,1890700
20221115,12:14:59,18451.00,200,1890700
20221115,12:15:08,18451.00,50,1891200
20221115,12:15:09,18451.00,50,1891200
20221115,12:15:16,18450.85,50,1891200
20221115,12:15:27,18450.85,150,1891200
20221115,12:15:32,18450.80,50,1891200
20221115,12:15:33,18450.80,50,1891200
20221115,12:15:44,18450.80,50,1891200
20221115,12:15:46,18450.70,150,1891200
20221115,12:15:49,18450.70,50,1891200
20221115,12:15:51,18450.00,200,1891200
20221115,12:15:52,18449.00,300,1891200
20221115,12:15:54,18449.00,50,1891200
20221115,12:15:57,18449.05,50,1891200
20221115,12:16:12,18449.45,100,1891200
20221115,12:16:14,18448.95,200,1891200
20221115,12:16:20,18448.95,1500,1891200
20221115,12:16:31,18450.70,50,1891200
20221115,12:16:32,18450.70,50,1891200
20221115,12:16:33,18449.30,200,1891200
20221115,12:16:43,18449.05,50,1891200
20221115,12:16:45,18449.05,700,1891200
20221115,12:16:47,18448.90,50,1891200
20221115,12:16:50,18450.05,50,1891200
20221115,12:16:57,18449.00,50,1891200
20221115,12:17:04,18446.00,1800,1891200
20221115,12:17:10,18445.15,1800,1891200
20221115,12:17:15,18447.30,50,1891200
20221115,12:17:19,18445.00,1850,1891200
20221115,12:17:20,18445.00,150,1891200
20221115,12:17:22,18447.30,300,1891200
20221115,12:17:25,18447.30,300,1891200
20221115,12:17:27,18445.35,1800,1891200
20221115,12:17:31,18449.50,50,1891200
20221115,12:17:33,18446.05,250,1891200
20221115,12:17:46,18446.55,50,1891200
20221115,12:17:50,18448.00,50,1891200
20221115,12:18:15,18448.00,200,1896600
20221115,12:18:17,18448.00,250,1896600
20221115,12:18:22,18447.75,150,1896600
20221115,12:18:23,18447.75,50,1896600
20221115,12:18:26,18447.75,300,1896600
20221115,12:18:31,18448.35,100,1896600
20221115,12:18:38,18448.00,50,1896600
20221115,12:18:54,18448.00,50,1896600
20221115,12:19:00,18448.00,850,1896600
20221115,12:19:00,18447.20,400,1896600
20221115,12:19:02,18447.20,100,1896600
20221115,12:19:07,18448.00,50,1896600
20221115,12:19:08,18446.75,250,1896600
20221115,12:19:22,18447.20,200,1896600
20221115,12:19:24,18447.20,300,1896600
20221115,12:19:38,18449.80,50,1896600
20221115,12:19:40,18449.95,50,1896600
20221115,12:19:49,18448.20,50,1896600
20221115,12:19:50,18448.20,1500,1896600
20221115,12:19:53,18448.00,50,1896600
20221115,12:20:14,18446.00,50,1896600
20221115,12:20:41,18447.60,50,1896600
20221115,12:20:48,18448.20,50,1896600
20221115,12:20:51,18449.90,50,1896600
20221115,12:21:13,18449.90,1000,1900800
20221115,12:21:15,18450.00,150,1900800
20221115,12:21:22,18450.05,50,1900800
20221115,12:21:34,18454.95,50,1900800
20221115,12:21:43,18454.60,50,1900800
20221115,12:21:46,18454.45,50,1900800
20221115,12:21:56,18453.45,200,1900800
20221115,12:21:57,18450.20,50,1900800
20221115,12:21:59,18453.45,100,1900800
20221115,12:22:06,18454.50,50,1900800
20221115,12:22:11,18454.80,150,1900800
20221115,12:22:21,18454.80,500,1900800
20221115,12:22:27,18454.00,150,1900800
20221115,12:22:33,18454.00,1500,1900800
20221115,12:22:38,18454.00,150,1900800
20221115,12:22:43,18454.00,450,1900800
20221115,12:22:58,18453.00,50,1900800
20221115,12:23:05,18453.60,50,1900800
20221115,12:23:06,18455.05,50,1900800
20221115,12:23:09,18455.05,150,1900800
20221115,12:23:17,18456.00,50,1900800
20221115,12:23:18,18456.00,50,1900800
20221115,12:23:26,18455.45,50,1900800
20221115,12:23:38,18459.00,100,1900800
20221115,12:23:39,18457.00,50,1900800
20221115,12:23:41,18458.20,150,1900800
20221115,12:23:43,18459.00,50,1900800
20221115,12:23:46,18459.00,150,1900800
20221115,12:23:47,18459.00,50,1900800
20221115,12:23:52,18459.00,50,1900800
20221115,12:23:56,18460.00,50,1900800
20221115,12:23:59,18459.55,50,1900800
20221115,12:24:10,18460.00,50,1905150
20221115,12:24:13,18459.50,50,1905150
20221115,12:24:18,18460.00,100,1905150
20221115,12:24:25,18459.30,100,1905150
20221115,12:24:37,18459.45,100,1905150
20221115,12:24:53,18461.00,50,1905150
20221115,12:24:56,18462.00,200,1905150
20221115,12:25:04,18459.95,50,1905150
20221115,12:25:05,18462.00,50,1905150
20221115,12:25:08,18463.25,50,1905150
20221115,12:25:14,18463.25,50,1905150
20221115,12:25:16,18462.45,50,1905150
20221115,12:25:17,18465.15,50,1905150
20221115,12:25:19,18465.15,50,1905150
20221115,12:25:25,18467.05,500,1905150
20221115,12:25:33,18466.85,250,1905150
20221115,12:25:38,18467.80,100,1905150
20221115,12:25:44,18469.00,100,1905150
20221115,12:25:45,18465.40,300,1905150
20221115,12:25:47,18467.05,100,1905150
20221115,12:25:54,18469.00,50,1905150
20221115,12:25:55,18469.10,150,1905150
20221115,12:25:56,18470.00,100,1905150
20221115,12:25:58,18471.00,100,1905150
20221115,12:26:01,18474.00,350,1905150
20221115,12:26:02,18474.45,50,1905150
20221115,12:26:11,18471.15,50,1905150
20221115,12:26:14,18474.40,50,1905150
20221115,12:26:15,18474.45,100,1905150
20221115,12:26:18,18473.35,50,1905150
20221115,12:26:19,18473.10,50,1905150
20221115,12:26:20,18474.95,50,1905150
20221115,12:26:24,18475.00,150,1905150
20221115,12:26:25,18475.00,200,1905150
20221115,12:26:27,18475.00,50,1905150
20221115,12:26:28,18473.35,50,1905150
20221115,12:26:36,18473.40,50,1905150
20221115,12:26:43,18471.95,150,1905150
20221115,12:27:05,18474.50,50,1905150
20221115,12:27:07,18475.00,700,1905150
20221115,12:27:14,18475.00,200,1906250
20221115,12:27:19,18475.25,450,1906250
20221115,12:27:21,18479.75,500,1906250
20221115,12:27:30,18478.75,50,1906250
20221115,12:27:33,18477.25,50,1906250
20221115,12:27:34,18476.00,50,1906250
20221115,12:27:38,18475.00,50,1906250
20221115,12:27:41,18475.00,150,1906250
20221115,12:27:43,18472.85,100,1906250
20221115,12:27:45,18472.40,50,1906250
20221115,12:27:51,18472.35,200,1906250
20221115,12:27:56,18472.00,50,1906250
20221115,12:28:04,18472.05,50,1906250
20221115,12:28:05,18475.20,100,1906250
20221115,12:28:11,18475.20,500,1906250
20221115,12:28:18,18472.00,50,1906250
20221115,12:28:22,18470.90,150,1906250
20221115,12:28:28,18471.80,150,1906250
20221115,12:28:38,18470.90,100,1906250
20221115,12:28:38,18471.15,100,1906250
20221115,12:28:51,18470.95,50,1906250
20221115,12:28:56,18470.90,50,1906250
20221115,12:28:57,18473.80,50,1906250
20221115,12:29:04,18472.55,100,1906250
20221115,12:29:10,18474.85,50,1906250
20221115,12:29:12,18475.00,100,1906250
20221115,12:29:13,18474.80,50,1906250
20221115,12:29:14,18477.75,50,1906250
20221115,12:29:22,18477.85,50,1906250
20221115,12:29:23,18477.30,50,1906250
20221115,12:29:25,18477.30,100,1906250
20221115,12:29:28,18478.80,150,1906250
20221115,12:29:32,18479.00,50,1906250
20221115,12:29:35,18477.30,150,1906250
20221115,12:29:39,18477.30,50,1906250
20221115,12:29:40,18478.55,100,1906250
20221115,12:29:41,18478.40,50,1906250
20221115,12:29:43,18478.60,150,1906250
20221115,12:29:47,18478.65,50,1906250
20221115,12:29:49,18477.10,150,1906250
20221115,12:29:55,18476.30,100,1906250
20221115,12:29:56,18477.10,50,1906250
20221115,12:29:57,18477.10,50,1906250
20221115,12:30:02,18478.40,50,1906250
20221115,12:30:03,18479.00,50,1906250
20221115,12:30:04,18479.00,450,1906250
20221115,12:30:11,18479.75,150,1907850
20221115,12:30:12,18480.00,50,1907850
20221115,12:30:13,18480.00,100,1907850
20221115,12:30:17,18481.50,200,1907850
20221115,12:30:20,18481.55,150,1907850
20221115,12:30:21,18481.35,100,1907850
20221115,12:30:22,18481.90,50,1907850
20221115,12:30:24,18481.95,200,1907850
20221115,12:30:25,18482.00,50,1907850
20221115,12:30:26,18483.35,100,1907850
20221115,12:30:27,18484.55,100,1907850
20221115,12:30:34,18484.85,50,1907850
20221115,12:30:36,18484.80,100,1907850
20221115,12:30:37,18484.60,50,1907850
20221115,12:30:38,18482.25,100,1907850
20221115,12:30:39,18482.90,50,1907850
20221115,12:30:40,18484.20,50,1907850
20221115,12:30:43,18483.65,50,1907850
20221115,12:30:44,18481.40,300,1907850
20221115,12:30:46,18482.85,50,1907850
20221115,12:30:47,18482.95,100,1907850
20221115,12:30:50,18482.90,50,1907850
20221115,12:30:55,18481.15,50,1907850
20221115,12:31:00,18479.35,200,1907850
20221115,12:31:05,18481.90,100,1907850
20221115,12:31:06,18482.90,50,1907850
20221115,12:31:13,18482.05,150,1907850
20221115,12:31:14,18481.00,100,1907850
20221115,12:31:16,18481.45,100,1907850
20221115,12:31:17,18482.25,50,1907850
20221115,12:31:17,18481.35,50,1907850
20221115,12:31:25,18482.00,50,1907850
20221115,12:31:30,18481.00,200,1907850
20221115,12:31:34,18482.00,50,1907850
20221115,12:31:38,18481.50,150,1907850
20221115,12:31:43,18482.45,100,1907850
20221115,12:31:45,18481.65,50,1907850
20221115,12:31:55,18481.50,150,1907850
20221115,12:31:59,18481.10,200,1907850
20221115,12:32:03,18480.85,150,1907850
20221115,12:32:07,18480.00,150,1907850
20221115,12:32:09,18479.85,50,1907850
20221115,12:32:10,18477.05,100,1907850
20221115,12:32:17,18477.05,200,1907850
20221115,12:32:20,18479.25,50,1907850
20221115,12:32:30,18479.80,50,1907850
20221115,12:32:43,18479.65,50,1907850
20221115,12:32:50,18474.75,750,1907850
20221115,12:32:51,18478.95,50,1907850
20221115,12:32:55,18477.70,50,1907850
20221115,12:32:56,18477.70,100,1907850
20221115,12:33:04,18476.65,100,1907850
20221115,12:33:07,18476.45,50,1907850
20221115,12:33:08,18476.80,150,1907850
20221115,12:33:13,18475.00,100,1909600
20221115,12:33:15,18474.90,50,1909600
20221115,12:33:20,18475.10,450,1909600
20221115,12:33:21,18475.05,50,1909600
20221115,12:33:22,18474.85,100,1909600
20221115,12:33:28,18477.00,250,1909600
20221115,12:33:38,18476.05,150,1909600
20221115,12:33:58,18474.95,200,1909600
20221115,12:33:58,18474.75,1000,1909600
20221115,12:34:10,18474.65,50,1909600
20221115,12:34:16,18474.80,200,1909600
20221115,12:34:23,18474.80,50,1909600
20221115,12:34:32,18473.30,50,1909600
20221115,12:34:35,18474.80,250,1909600
20221115,12:34:44,18475.95,250,1909600
20221115,12:34:58,18473.30,100,1909600
20221115,12:35:06,18476.00,50,1909600
20221115,12:35:10,18474.25,50,1909600
20221115,12:35:13,18474.25,50,1909600
20221115,12:35:18,18474.00,50,1909600
20221115,12:35:20,18474.00,50,1909600
20221115,12:35:28,18475.45,50,1909600
20221115,12:35:30,18475.40,100,1909600
20221115,12:35:45,18473.40,50,1909600
20221115,12:35:59,18473.40,50,1909600
20221115,12:36:01,18475.90,150,1909600
20221115,12:36:05,18473.40,100,1909600
20221115,12:36:18,18473.40,550,1910350
20221115,12:36:33,18473.00,150,1910350
20221115,12:36:35,18471.05,100,1910350
20221115,12:36:36,18472.00,50,1910350
20221115,12:36:55,18473.35,50,1910350
20221115,12:37:00,18470.85,100,1910350
20221115,12:37:00,18473.45,50,1910350
20221115,12:37:15,18471.30,100,1910350
20221115,12:37:18,18474.95,50,1910350
20221115,12:37:29,18475.00,1000,1910350
20221115,12:37:38,18474.80,50,1910350
20221115,12:37:48,18474.45,50,1910350
20221115,12:37:52,18474.45,1500,1910350
20221115,12:38:09,18474.45,1500,1910350
20221115,12:38:10,18476.00,150,1910350
20221115,12:38:18,18478.60,50,1910350
20221115,12:38:21,18479.85,50,1910350
20221115,12:38:22,18477.75,50,1910350
20221115,12:38:29,18478.00,150,1910350
20221115,12:38:32,18478.00,800,1910350
20221115,12:38:37,18480.00,50,1910350
20221115,12:38:43,18481.00,100,1910350
20221115,12:38:53,18481.85,50,1910350
20221115,12:39:06,18482.00,100,1910350
20221115,12:39:07,18482.00,200,1910350
20221115,12:39:17,18484.00,50,1913950
20221115,12:39:21,18485.00,250,1913950
20221115,12:39:23,18483.20,50,1913950
20221115,12:39:24,18485.40,50,1913950
20221115,12:39:25,18485.70,50,1913950
20221115,12:39:30,18485.75,50,1913950
20221115,12:39:35,18485.45,100,1913950
20221115,12:39:36,18484.80,100,1913950
20221115,12:39:46,18484.80,50,1913950
20221115,12:39:52,18483.05,50,1913950
20221115,12:39:56,18485.00,100,1913950
20221115,12:39:57,18483.05,50,1913950
20221115,12:39:59,18483.35,50,1913950
20221115,12:40:09,18483.70,50,1913950
20221115,12:40:10,18483.70,500,1913950
20221115,12:40:11,18483.25,50,1913950
20221115,12:40:13,18483.35,150,1913950
20221115,12:40:21,18482.55,50,1913950
20221115,12:40:29,18481.25,50,1913950
20221115,12:40:34,18481.25,200,1913950
20221115,12:40:35,18483.20,50,1913950
20221115,12:40:46,18482.00,50,1913950
20221115,12:40:47,18482.70,100,1913950
20221115,12:41:05,18483.20,50,1913950
20221115,12:41:06,18483.20,50,1913950
20221115,12:41:08,18483.95,500,1913950
20221115,12:41:10,18483.85,50,1913950
20221115,12:41:16,18483.95,50,1913950
20221115,12:41:25,18482.70,50,1913950
20221115,12:41:27,18481.15,50,1913950
20221115,12:41:31,18481.05,50,1913950
20221115,12:41:40,18481.15,50,1913950
20221115,12:41:44,18481.05,50,1913950
20221115,12:41:45,18481.15,50,1913950
20221115,12:41:57,18484.00,50,1913950
20221115,12:42:08,18484.00,50,1913950
20221115,12:42:10,18484.85,50,1913950
20221115,12:42:11,18485.00,250,1913950
20221115,12:42:13,18486.00,50,1915000
20221115,12:42:24,18487.90,100,1915000
20221115,12:42:27,18486.40,50,1915000
20221115,12:42:27,18486.30,50,1915000
20221115,12:42:34,18486.30,50,1915000
20221115,12:42:43,18489.00,200,1915000
20221115,12:42:51,18489.85,50,1915000
20221115,12:42:53,18489.95,50,1915000
20221115,12:42:54,18490.00,50,1915000
20221115,12:42:55,18489.00,50,1915000
20221115,12:43:05,18489.65,50,1915000
20221115,12:43:06,18489.65,100,1915000
20221115,12:43:07,18487.35,50,1915000
20221115,12:43:15,18487.95,50,1915000
20221115,12:43:16,18486.25,100,1915000
20221115,12:43:19,18484.90,50,1915000
20221115,12:43:20,18487.35,50,1915000
20221115,12:43:28,18486.40,50,1915000
20221115,12:43:34,18486.00,50,1915000
20221115,12:43:38,18484.95,50,1915000
20221115,12:43:45,18487.45,50,1915000
20221115,12:44:04,18485.15,50,1915000
20221115,12:44:08,18485.15,150,1915000
20221115,12:44:11,18483.35,50,1915000
20221115,12:44:13,18483.35,50,1915000
20221115,12:44:22,18483.30,50,1915000
20221115,12:44:23,18483.30,50,1915000
20221115,12:44:25,18483.30,50,1915000
20221115,12:44:29,18483.30,50,1915000
20221115,12:44:30,18483.00,50,1915000
20221115,12:44:41,18482.30,150,1915000
20221115,12:44:44,18481.50,50,1915000
20221115,12:44:47,18481.05,200,1915000
20221115,12:44:58,18481.25,50,1915000
20221115,12:45:03,18481.15,200,1915000
20221115,12:45:05,18481.25,50,1915000
20221115,12:45:07,18481.15,50,1915000
20221115,12:45:09,18484.70,1500,1915000
20221115,12:45:10,18481.20,50,1915000
20221115,12:45:15,18483.85,50,1916350
20221115,12:45:32,18481.20,50,1916350
20221115,12:45:34,18481.05,150,1916350
20221115,12:45:35,18481.05,50,1916350
20221115,12:45:39,18480.35,100,1916350
20221115,12:45:42,18480.00,50,1916350
20221115,12:45:51,18480.35,50,1916350
20221115,12:45:59,18480.00,150,1916350
20221115,12:46:08,18479.90,100,1916350
20221115,12:46:09,18479.55,50,1916350
20221115,12:46:13,18480.50,50,1916350
20221115,12:46:20,18480.50,50,1916350
20221115,12:46:29,18481.35,50,1916350
20221115,12:46:38,18482.65,50,1916350
20221115,12:46:41,18480.80,100,1916350
20221115,12:46:44,18480.80,100,1916350
20221115,12:46:52,18480.80,100,1916350
20221115,12:47:02,18483.80,50,1916350
20221115,12:47:05,18483.80,100,1916350
20221115,12:47:23,18483.80,100,1916350
20221115,12:47:35,18482.05,100,1916350
20221115,12:47:42,18483.55,100,1916350
20221115,12:47:55,18485.00,100,1916350
20221115,12:47:56,18485.00,150,1916350
20221115,12:47:58,18483.85,100,1916350
20221115,12:48:06,18486.00,100,1916350
20221115,12:48:10,18485.25,50,1916350
20221115,12:48:11,18485.25,100,1916350
20221115,12:48:19,18485.00,50,1917900
20221115,12:48:22,18485.65,50,1917900
20221115,12:48:25,18487.20,550,1917900
20221115,12:48:54,18487.20,1450,1917900
20221115,12:49:02,18485.75,100,1917900
20221115,12:49:05,18486.00,50,1917900
20221115,12:49:08,18485.90,50,1917900
20221115,12:49:13,18487.20,50,1917900
20221115,12:49:16,18485.90,100,1917900
20221115,12:49:40,18486.05,50,1917900
20221115,12:49:42,18486.20,50,1917900
20221115,12:49:56,18487.20,50,1917900
20221115,12:50:07,18489.00,50,1917900
20221115,12:50:13,18488.85,50,1917900
20221115,12:50:17,18488.85,50,1917900
20221115,12:50:26,18489.85,500,1917900
20221115,12:50:30,18488.30,100,1917900
20221115,12:50:34,18488.15,100,1917900
20221115,12:50:38,18488.15,100,1917900
20221115,12:50:39,18488.10,50,1917900
20221115,12:50:41,18488.85,50,1917900
20221115,12:50:43,18489.90,100,1917900
20221115,12:50:44,18487.90,100,1917900
20221115,12:50:55,18487.90,100,1917900
20221115,12:50:58,18489.00,50,1917900
20221115,12:51:01,18489.00,100,1917900
20221115,12:51:09,18487.90,50,1917900
20221115,12:51:10,18488.50,50,1917900
20221115,12:51:13,18486.65,150,1919750
20221115,12:51:17,18486.00,250,1919750
20221115,12:51:18,18486.00,150,1919750
20221115,12:51:19,18487.85,150,1919750
20221115,12:51:33,18487.85,50,1919750
20221115,12:51:35,18487.60,50,1919750
20221115,12:51:46,18487.40,150,1919750
20221115,12:51:52,18486.40,200,1919750
20221115,12:51:57,18487.15,50,1919750
20221115,12:51:58,18487.10,50,1919750
20221115,12:52:14,18487.00,50,1919750
20221115,12:52:23,18486.30,50,1919750
20221115,12:52:27,18486.25,50,1919750
20221115,12:52:28,18487.00,50,1919750
20221115,12:52:33,18487.00,50,1919750
20221115,12:52:35,18487.05,100,1919750
20221115,12:52:48,18486.90,50,1919750
20221115,12:52:50,18486.90,50,1919750
20221115,12:52:51,18489.00,50,1919750
20221115,12:53:06,18489.00,50,1919750
20221115,12:53:13,18488.40,150,1919750
20221115,12:53:16,18488.25,50,1919750
20221115,12:53:21,18489.00,50,1919750
20221115,12:53:28,18491.00,1400,1919750
20221115,12:53:29,18492.25,50,1919750
20221115,12:53:34,18493.75,100,1919750
20221115,12:53:49,18495.00,350,1919750
20221115,12:53:50,18494.10,50,1919750
20221115,12:53:51,18493.40,500,1919750
20221115,12:53:52,18495.00,150,1919750
20221115,12:53:54,18495.00,50,1919750
20221115,12:53:55,18494.40,50,1919750
20221115,12:53:59,18494.00,100,1919750
20221115,12:54:00,18495.80,50,1919750
20221115,12:54:02,18495.65,150,1919750
20221115,12:54:11,18495.65,150,1919750
20221115,12:54:12,18496.00,100,1919750
20221115,12:54:15,18496.90,50,1920700
20221115,12:54:16,18495.05,100,1920700
20221115,12:54:20,18495.65,50,1920700
20221115,12:54:24,18496.40,50,1920700
20221115,12:54:27,18497.00,150,1920700
20221115,12:54:32,18496.15,50,1920700
20221115,12:54:43,18496.75,150,1920700
20221115,12:54:53,18496.00,100,1920700
20221115,12:54:56,18493.90,100,1920700
20221115,12:55:03,18494.25,50,1920700
20221115,12:55:17,18495.00,50,1920700
20221115,12:55:19,18496.85,50,1920700
20221115,12:55:27,18494.00,50,1920700
20221115,12:55:30,18491.90,50,1920700
20221115,12:55:33,18492.45,50,1920700
20221115,12:56:02,18493.95,50,1920700
20221115,12:56:08,18492.70,50,1920700
20221115,12:56:16,18492.70,100,1920700
20221115,12:56:24,18494.00,50,1920700
20221115,12:56:26,18494.00,50,1920700
20221115,12:56:34,18494.00,300,1920700
20221115,12:56:40,18494.10,50,1920700
20221115,12:56:41,18495.00,50,1920700
20221115,12:56:42,18495.00,50,1920700
20221115,12:56:45,18494.85,50,1920700
20221115,12:56:46,18496.00,50,1920700
20221115,12:56:51,18495.25,50,1920700
20221115,12:56:56,18496.00,50,1920700
20221115,12:56:57,18496.85,50,1920700
20221115,12:57:01,18496.85,50,1920700
20221115,12:57:02,18495.50,50,1920700
20221115,12:57:03,18496.85,50,1920700
20221115,12:57:09,18496.85,150,1920700
20221115,12:57:10,18495.50,50,1920700
20221115,12:57:18,18495.00,50,1920550
20221115,12:57:21,18497.00,150,1920550
20221115,12:57:23,18497.00,50,1920550
20221115,12:57:25,18494.10,50,1920550
20221115,12:57:27,18495.50,50,1920550
20221115,12:57:29,18495.60,50,1920550
20221115,12:57:33,18492.70,50,1920550
20221115,12:57:42,18491.50,50,1920550
20221115,12:57:43,18494.50,50,1920550
20221115,12:57:44,18491.50,50,1920550
20221115,12:57:48,18494.30,600,1920550
20221115,12:57:49,18493.00,50,1920550
20221115,12:58:02,18494.20,50,1920550
20221115,12:58:04,18493.90,200,1920550
20221115,12:58:22,18491.05,100,1920550
20221115,12:58:30,18491.05,50,1920550
20221115,12:58:36,18491.00,50,1920550
20221115,12:58:39,18490.10,250,1920550
20221115,12:58:41,18491.00,50,1920550
20221115,12:58:44,18490.00,250,1920550
20221115,12:58:50,18489.95,50,1920550
20221115,12:58:53,18486.90,50,1920550
20221115,12:58:57,18486.00,50,1920550
20221115,12:58:58,18489.35,50,1920550
20221115,12:59:07,18488.70,100,1920550
20221115,12:59:19,18487.05,50,1920550
20221115,12:59:21,18487.05,50,1920550
20221115,12:59:27,18486.90,100,1920550
20221115,12:59:28,18486.90,200,1920550
20221115,12:59:32,18487.10,50,1920550
20221115,12:59:34,18488.70,100,1920550
20221115,12:59:35,18490.00,200,1920550
20221115,12:59:54,18489.95,50,1920550
20221115,12:59:55,18488.20,50,1920550
20221115,13:00:14,18488.90,50,1920550
20221115,13:00:20,18490.80,50,1920450
20221115,13:00:21,18490.80,50,1920450
20221115,13:00:23,18491.25,450,1920450
20221115,13:00:25,18491.05,100,1920450
20221115,13:00:26,18490.85,100,1920450
20221115,13:00:30,18490.80,100,1920450
20221115,13:00:33,18490.70,50,1920450
20221115,13:00:34,18489.65,50,1920450
20221115,13:00:36,18489.30,150,1920450
20221115,13:00:38,18489.05,50,1920450
20221115,13:00:41,18489.25,150,1920450
20221115,13:00:50,18485.45,50,1920450
20221115,13:00:57,18484.15,50,1920450
20221115,13:00:59,18484.15,50,1920450
20221115,13:01:05,18484.15,50,1920450
20221115,13:01:07,18484.00,150,1920450
20221115,13:01:09,18487.05,100,1920450
20221115,13:01:15,18486.15,150,1920450
20221115,13:01:29,18487.05,100,1920450
20221115,13:01:36,18487.05,100,1920450
20221115,13:01:54,18489.30,50,1920450
20221115,13:02:03,18486.05,50,1920450
20221115,13:02:22,18489.55,300,1920450
20221115,13:02:23,18485.75,100,1920450
20221115,13:02:50,18485.40,50,1920450
20221115,13:03:05,18484.80,50,1920450
20221115,13:03:11,18483.95,50,1920450
20221115,13:03:17,18485.00,50,1920250
20221115,13:03:21,18484.80,50,1920250
20221115,13:03:35,18483.00,50,1920250
20221115,13:03:47,18483.35,50,1920250
20221115,13:04:01,18484.80,150,1920250
20221115,13:04:02,18485.00,100,1920250
20221115,13:04:37,18484.00,50,1920250
20221115,13:04:53,18481.30,100,1920250
20221115,13:05:07,18480.30,50,1920250
20221115,13:05:15,18480.20,100,1920250
20221115,13:05:21,18480.65,50,1920250
20221115,13:05:23,18480.20,200,1920250
20221115,13:05:32,18481.05,50,1920250
20221115,13:05:34,18480.20,50,1920250
20221115,13:05:36,18480.00,50,1920250
20221115,13:05:38,18479.25,50,1920250
20221115,13:05:48,18478.00,250,1920250
20221115,13:06:01,18480.00,50,1920250
20221115,13:06:23,18477.00,50,1919950
20221115,13:06:25,18476.50,1050,1919950
20221115,13:06:39,18480.00,50,1919950
20221115,13:06:48,18480.00,50,1919950
20221115,13:06:50,18480.00,350,1919950
20221115,13:06:53,18480.00,150,1919950
20221115,13:06:58,18480.15,50,1919950
20221115,13:07:10,18483.00,150,1919950
20221115,13:07:19,18482.85,50,1919950
20221115,13:07:21,18485.00,100,1919950
20221115,13:07:29,18485.10,100,1919950
20221115,13:07:31,18485.00,50,1919950
20221115,13:07:33,18488.55,150,1919950
20221115,13:07:54,18488.55,50,1919950
20221115,13:08:04,18488.55,50,1919950
20221115,13:08:09,18486.40,50,1919950
20221115,13:08:18,18485.00,50,1919950
20221115,13:08:19,18481.45,100,1919950
20221115,13:08:21,18481.45,50,1919950
20221115,13:08:23,18486.00,50,1919950
20221115,13:08:47,18485.00,50,1919950
20221115,13:08:49,18485.00,50,1919950
20221115,13:09:14,18484.80,50,1919950
20221115,13:09:40,18489.35,50,1919150
20221115,13:09:43,18489.35,500,1919150
20221115,13:10:10,18489.85,50,1919150
20221115,13:10:14,18489.85,150,1919150
20221115,13:10:20,18489.85,50,1919150
20221115,13:10:24,18490.00,150,1919150
20221115,13:10:25,18490.00,450,1919150
20221115,13:10:26,18490.00,50,1919150
20221115,13:10:28,18490.00,100,1919150
20221115,13:10:31,18490.85,50,1919150
20221115,13:10:36,18492.20,200,1919150
20221115,13:10:43,18492.85,550,1919150
20221115,13:10:51,18489.55,50,1919150
20221115,13:11:18,18490.00,100,1919150
20221115,13:11:34,18492.45,50,1919150
20221115,13:11:45,18492.30,50,1919150
20221115,13:11:59,18491.15,50,1919150
20221115,13:12:38,18487.65,50,1919950
20221115,13:12:45,18488.00,100,1919950
20221115,13:12:47,18488.50,50,1919950
20221115,13:12:54,18489.00,50,1919950
20221115,13:13:31,18485.70,50,1919950
20221115,13:13:56,18485.70,50,1919950
20221115,13:14:23,18485.85,50,1919950
20221115,13:14:32,18485.65,50,1919950
20221115,13:14:37,18483.40,50,1919950
20221115,13:14:42,18483.15,50,1919950
20221115,13:14:56,18488.60,50,1919950
20221115,13:15:16,18485.10,300,1919950
20221115,13:15:17,18484.50,200,1919950
20221115,13:15:21,18484.40,50,1920550
20221115,13:15:24,18487.35,150,1920550
20221115,13:15:28,18485.35,50,1920550
20221115,13:15:42,18483.20,50,1920550
20221115,13:15:50,18483.85,100,1920550
20221115,13:15:52,18485.00,50,1920550
20221115,13:15:55,18483.65,100,1920550
20221115,13:16:16,18483.40,50,1920550
20221115,13:16:39,18483.40,50,1920550
20221115,13:17:08,18482.85,50,1920550
20221115,13:17:21,18485.00,50,1920550
20221115,13:17:21,18486.00,50,1920550
20221115,13:17:39,18487.70,50,1920550
20221115,13:17:41,18489.95,50,1920550
20221115,13:18:22,18486.00,100,1920550
20221115,13:18:56,18486.45,50,1920700
20221115,13:19:39,18485.75,100,1920700
20221115,13:20:19,18482.35,50,1920700
20221115,13:20:23,18483.15,50,1920700
20221115,13:20:49,18485.75,50,1920700
20221115,13:20:59,18488.00,50,1920700
20221115,13:21:17,18488.00,50,1920700
20221115,13:21:25,18485.80,100,1920950
20221115,13:22:13,18487.55,100,1920950
20221115,13:23:25,18487.55,50,1920950
20221115,13:23:27,18489.70,200,1920950
20221115,13:23:46,18487.15,200,1920950
20221115,13:23:49,18489.70,50,1920950
20221115,13:24:03,18490.00,100,1920950
20221115,13:24:29,18487.80,50,1921050
20221115,13:24:31,18489.00,50,1921050
20221115,13:24:58,18488.50,50,1921050
20221115,13:25:15,18487.00,250,1921050
20221115,13:25:55,18489.00,50,1921050
20221115,13:26:16,18489.00,100,1921050
20221115,13:26:18,18487.60,250,1921050
20221115,13:26:34,18489.50,50,1921050
20221115,13:26:36,18489.30,50,1921050
20221115,13:26:40,18489.70,50,1921050
20221115,13:26:44,18490.00,50,1921050
20221115,13:26:46,18490.90,100,1921050
20221115,13:26:48,18490.00,50,1921050
20221115,13:26:50,18491.00,50,1921050
20221115,13:26:54,18491.45,50,1921050
20221115,13:26:59,18491.85,50,1921050
20221115,13:27:03,18491.90,50,1921050
20221115,13:27:07,18491.80,50,1921050
20221115,13:27:15,18491.90,50,1921050
