20221128,09:15:00,43497.95,1,283275
20221128,09:15:00,43497.95,25,283275
20221128,09:15:03,43370.00,125,283275
20221128,09:15:05,43370.00,125,283275
20221128,09:15:06,43381.15,75,283275
20221128,09:15:07,43400.00,75,283275
20221128,09:15:08,43389.00,25,283275
20221128,09:15:10,43404.35,75,283275
20221128,09:15:13,43431.40,25,283275
20221128,09:15:14,43429.65,25,283275
20221128,09:15:15,43425.45,150,283275
20221128,09:15:18,43389.00,25,283275
20221128,09:15:19,43394.90,50,283275
20221128,09:15:21,43399.40,25,283275
20221128,09:15:24,43385.40,150,283275
20221128,09:15:28,43398.30,50,283275
20221128,09:15:29,43376.70,250,283275
20221128,09:15:30,43389.85,50,283275
20221128,09:15:36,43370.05,25,283275
20221128,09:15:39,43370.05,25,283275
20221128,09:15:43,43370.15,100,283275
20221128,09:15:44,43379.95,25,283275
20221128,09:15:46,43378.40,50,283275
20221128,09:15:47,43370.10,25,283275
20221128,09:15:48,43378.60,100,283275
20221128,09:15:50,43370.10,100,283275
20221128,09:15:55,43380.00,50,283275
20221128,09:15:59,43379.95,25,283275
20221128,09:16:01,43380.00,125,283275
20221128,09:16:02,43378.65,150,283275
20221128,09:16:06,43380.05,25,283275
20221128,09:16:09,43400.00,100,283275
20221128,09:16:15,43392.65,150,283275
20221128,09:16:21,43401.00,150,283275
20221128,09:16:27,43393.65,100,283275
20221128,09:16:30,43380.00,25,283275
20221128,09:16:31,43387.15,25,283275
20221128,09:16:35,43387.00,75,283275
20221128,09:16:41,43387.00,25,283275
20221128,09:16:44,43385.00,50,283275
20221128,09:16:47,43389.35,25,283275
20221128,09:16:48,43390.65,25,283275
20221128,09:16:58,43390.50,25,283275
20221128,09:17:02,43392.80,25,283275
20221128,09:17:03,43390.50,125,283275
20221128,09:17:05,43390.00,25,283275
20221128,09:17:06,43395.85,50,283275
20221128,09:17:12,43390.05,25,283275
20221128,09:17:20,43397.20,50,283050
20221128,09:17:21,43395.00,50,283050
20221128,09:17:23,43398.15,25,283050
20221128,09:17:24,43390.40,50,283050
20221128,09:17:27,43390.10,25,283050
20221128,09:17:28,43395.00,75,283050
20221128,09:17:30,43395.00,50,283050
20221128,09:17:31,43395.00,25,283050
20221128,09:17:33,43395.00,100,283050
20221128,09:17:34,43395.00,25,283050
20221128,09:17:36,43391.05,100,283050
20221128,09:17:41,43401.00,25,283050
20221128,09:17:43,43400.20,50,283050
20221128,09:17:49,43394.20,25,283050
20221128,09:17:53,43405.10,250,283050
20221128,09:17:54,43404.40,50,283050
20221128,09:17:59,43404.40,25,283050
20221128,09:18:01,43404.40,150,283050
20221128,09:18:05,43401.05,75,283050
20221128,09:18:07,43404.40,25,283050
20221128,09:18:09,43405.00,25,283050
20221128,09:18:14,43422.70,25,283050
20221128,09:18:23,43404.40,25,283050
20221128,09:18:31,43404.40,50,283050
20221128,09:18:34,43405.00,50,283050
20221128,09:18:41,43404.00,50,283050
20221128,09:18:44,43413.40,25,283050
20221128,09:18:46,43404.00,50,283050
20221128,09:18:54,43412.70,25,283050
20221128,09:18:56,43412.70,25,283050
20221128,09:18:59,43414.85,100,283050
20221128,09:19:04,43418.25,125,283050
20221128,09:19:15,43421.25,25,283050
20221128,09:19:17,43418.75,50,283050
20221128,09:19:24,43424.65,25,283050
20221128,09:19:27,43433.20,75,283050
20221128,09:19:30,43437.25,75,283050
20221128,09:19:32,43437.05,25,283050
20221128,09:19:37,43432.45,25,283050
20221128,09:19:40,43437.45,125,283050
20221128,09:19:42,43432.65,25,283050
20221128,09:19:43,43429.00,25,283050
20221128,09:19:48,43432.95,200,283050
20221128,09:19:50,43432.40,75,283050
20221128,09:19:53,43434.40,25,283050
20221128,09:19:55,43431.90,50,283050
20221128,09:19:56,43428.00,25,283050
20221128,09:19:58,43428.00,50,283050
20221128,09:20:00,43429.75,50,283050
20221128,09:20:03,43430.00,175,283050
20221128,09:20:05,43436.25,100,283050
20221128,09:20:06,43438.80,75,283050
20221128,09:20:08,43439.50,50,283050
20221128,09:20:10,43432.75,25,283050
20221128,09:20:13,43438.00,25,283050
20221128,09:20:14,43438.00,25,283350
20221128,09:20:19,43440.00,25,283350
20221128,09:20:26,43440.00,175,283350
20221128,09:20:32,43440.05,75,283350
20221128,09:20:40,43450.00,75,283350
20221128,09:20:43,43449.95,25,283350
20221128,09:20:45,43450.00,75,283350
20221128,09:20:51,43459.45,175,283350
20221128,09:20:53,43459.70,25,283350
20221128,09:21:01,43445.05,25,283350
20221128,09:21:03,43445.00,100,283350
20221128,09:21:04,43442.00,75,283350
20221128,09:21:06,43442.00,25,283350
20221128,09:21:09,43440.00,50,283350
20221128,09:21:11,43440.05,50,283350
20221128,09:21:12,43440.05,25,283350
20221128,09:21:16,43440.00,200,283350
20221128,09:21:17,43440.00,100,283350
20221128,09:21:19,43433.00,25,283350
20221128,09:21:20,43430.00,200,283350
20221128,09:21:24,43425.70,75,283350
20221128,09:21:27,43430.00,25,283350
20221128,09:21:30,43427.85,25,283350
20221128,09:21:33,43425.00,25,283350
20221128,09:21:36,43418.65,100,283350
20221128,09:21:40,43420.10,25,283350
20221128,09:21:41,43418.65,50,283350
20221128,09:21:44,43429.35,50,283350
20221128,09:21:49,43420.05,50,283350
20221128,09:21:51,43422.00,25,283350
20221128,09:21:52,43431.50,50,283350
20221128,09:21:56,43429.35,25,283350
20221128,09:21:59,43418.65,25,283350
20221128,09:22:05,43419.00,25,283350
20221128,09:22:07,43414.85,50,283350
20221128,09:22:10,43412.05,25,283350
20221128,09:22:22,43412.10,75,283350
20221128,09:22:25,43412.05,50,283350
20221128,09:22:26,43412.00,25,283350
20221128,09:22:36,43419.40,25,283350
20221128,09:22:40,43412.00,25,283350
20221128,09:22:43,43412.00,100,283350
20221128,09:22:46,43410.00,25,283350
20221128,09:22:54,43405.10,50,283350
20221128,09:23:09,43405.10,25,283350
20221128,09:23:12,43417.00,200,283350
20221128,09:23:15,43409.60,25,282750
20221128,09:23:17,43412.55,25,282750
20221128,09:23:30,43413.10,25,282750
20221128,09:23:31,43405.15,25,282750
20221128,09:23:35,43412.00,25,282750
20221128,09:23:46,43410.70,25,282750
20221128,09:23:51,43424.65,25,282750
20221128,09:24:07,43410.00,75,282750
20221128,09:24:09,43410.00,25,282750
20221128,09:24:12,43405.25,25,282750
20221128,09:24:14,43405.10,25,282750
20221128,09:24:35,43408.95,25,282750
20221128,09:24:37,43408.95,25,282750
20221128,09:24:57,43411.00,25,282750
20221128,09:25:00,43415.00,25,282750
20221128,09:25:05,43415.00,50,282750
20221128,09:25:07,43408.95,75,282750
20221128,09:25:30,43411.40,25,282750
20221128,09:25:40,43410.35,25,282750
20221128,09:25:41,43414.75,50,282750
20221128,09:25:45,43417.15,25,282750
20221128,09:25:55,43411.40,25,282750
20221128,09:26:06,43416.40,50,282750
20221128,09:26:18,43423.85,25,282875
20221128,09:26:23,43418.15,25,282875
20221128,09:26:28,43421.70,25,282875
20221128,09:26:30,43424.45,25,282875
20221128,09:26:41,43427.95,50,282875
20221128,09:26:48,43428.35,50,282875
20221128,09:27:05,43436.30,25,282875
20221128,09:27:17,43439.90,50,282875
20221128,09:27:31,43444.75,75,282875
20221128,09:27:36,43445.70,25,282875
20221128,09:27:41,43450.00,50,282875
20221128,09:27:50,43460.00,100,282875
20221128,09:27:51,43456.25,25,282875
20221128,09:27:56,43458.45,25,282875
20221128,09:27:58,43456.00,25,282875
20221128,09:28:10,43451.00,75,282875
20221128,09:28:11,43449.45,175,282875
20221128,09:28:33,43446.50,25,282875
20221128,09:28:35,43444.00,25,282875
20221128,09:28:36,43444.00,225,282875
20221128,09:28:43,43445.70,25,282875
20221128,09:28:50,43445.60,25,282875
20221128,09:28:56,43441.95,25,282875
20221128,09:29:38,43458.40,25,282725
20221128,09:29:54,43457.30,300,282725
20221128,09:30:02,43449.00,25,282725
20221128,09:30:17,43459.15,75,282725
20221128,09:30:27,43460.00,25,282725
20221128,09:30:31,43465.35,25,282725
20221128,09:30:38,43460.05,25,282725
20221128,09:31:17,43461.15,25,282725
20221128,09:31:20,43460.05,25,282725
20221128,09:31:38,43461.05,25,282725
20221128,09:31:50,43468.70,25,282725
20221128,09:31:56,43464.45,50,282725
20221128,09:31:58,43464.50,75,282725
20221128,09:32:03,43454.60,25,282725
20221128,09:32:05,43450.95,50,282725
20221128,09:32:18,43450.00,50,283000
20221128,09:32:32,43450.00,25,283000
20221128,09:33:01,43470.00,75,283000
20221128,09:33:21,43470.20,25,283000
20221128,09:33:28,43456.85,25,283000
20221128,09:33:36,43463.70,25,283000
20221128,09:33:41,43459.05,25,283000
20221128,09:33:43,43460.00,50,283000
20221128,09:33:59,43470.90,25,283000
20221128,09:34:14,43465.05,25,283000
20221128,09:34:22,43469.90,100,283000
20221128,09:34:54,43460.00,25,283000
20221128,09:35:12,43460.00,25,283000
20221128,09:35:20,43463.00,25,283150
20221128,09:35:36,43453.50,25,283150
20221128,09:35:38,43449.85,125,283150
20221128,09:35:40,43447.00,50,283150
20221128,09:35:49,43440.00,125,283150
20221128,09:36:09,43444.00,25,283150
20221128,09:36:10,43443.05,50,283150
20221128,09:36:31,43444.35,50,283150
20221128,09:36:37,43430.05,25,283150
20221128,09:36:47,43434.55,25,283150
20221128,09:37:12,43444.30,25,283150
20221128,09:37:20,43450.00,25,283150
20221128,09:37:31,43449.05,25,283150
20221128,09:37:43,43463.00,25,283150
20221128,09:37:45,43465.00,25,283150
20221128,09:37:51,43462.40,50,283150
20221128,09:37:56,43464.15,25,283150
20221128,09:38:04,43462.15,25,283150
20221128,09:38:07,43460.00,25,283150
20221128,09:38:09,43460.00,25,283150
20221128,09:38:24,43454.05,25,283325
20221128,09:38:29,43450.00,250,283325
20221128,09:38:49,43454.05,50,283325
20221128,09:38:54,43455.05,25,283325
20221128,09:39:01,43465.00,100,283325
20221128,09:39:11,43461.05,25,283325
20221128,09:39:52,43462.00,25,283325
20221128,09:39:53,43459.70,50,283325
20221128,09:40:48,43464.25,25,283325
20221128,09:40:51,43465.15,25,283325
20221128,09:41:10,43459.50,25,283325
20221128,09:41:11,43450.40,50,283325
20221128,09:41:13,43459.55,75,283325
20221128,09:41:15,43451.45,50,283325
20221128,09:41:54,43443.00,75,283350
20221128,09:41:55,43441.00,25,283350
20221128,09:41:57,43441.00,25,283350
20221128,09:42:50,43441.00,25,283350
20221128,09:43:21,43441.00,25,283350
20221128,09:43:34,43441.00,25,283350
20221128,09:43:36,43440.00,50,283350
20221128,09:43:57,43450.00,25,283350
20221128,09:44:35,43460.90,25,283400
20221128,09:45:06,43450.15,25,283400
20221128,09:45:24,43470.60,250,283400
20221128,09:45:48,43460.00,25,283400
20221128,09:46:16,43450.00,25,283400
20221128,09:46:35,43454.80,25,283400
20221128,09:46:39,43449.00,50,283400
20221128,09:46:40,43449.00,25,283400
20221128,09:46:53,43449.00,100,283400
20221128,09:47:29,43439.00,75,283225
20221128,09:47:32,43439.00,50,283225
20221128,09:47:40,43437.65,25,283225
20221128,09:49:53,43449.25,25,283225
20221128,09:50:01,43448.60,25,283225
20221128,09:50:24,43447.55,25,283350
20221128,09:50:38,43439.00,25,283350
20221128,09:51:07,43431.50,100,283350
20221128,09:51:13,43430.00,25,283350
20221128,09:51:18,43430.00,25,283350
20221128,09:51:23,43430.00,25,283350
20221128,09:51:24,43422.35,25,283350
20221128,09:51:26,43421.25,25,283350
20221128,09:51:31,43430.00,25,283350
20221128,09:51:42,43424.95,25,283350
20221128,09:51:50,43427.75,25,283350
20221128,09:52:06,43431.35,50,283350
20221128,09:52:25,43428.10,25,283350
20221128,09:52:28,43427.80,25,283350
20221128,09:52:39,43432.00,50,283350
20221128,09:52:47,43432.45,25,283350
20221128,09:52:50,43432.00,25,283350
20221128,09:53:01,43427.80,25,283350
20221128,09:53:03,43425.00,25,283350
20221128,09:53:04,43420.00,150,283350
20221128,09:53:12,43420.00,50,283350
20221128,09:53:22,43413.15,25,283300
20221128,09:53:27,43416.10,25,283300
20221128,09:53:45,43425.10,175,283300
20221128,09:53:48,43418.20,50,283300
20221128,09:53:51,43416.10,25,283300
20221128,09:53:56,43416.30,25,283300
20221128,09:54:04,43417.00,25,283300
20221128,09:54:06,43416.10,25,283300
20221128,09:54:13,43423.25,125,283300
20221128,09:54:19,43416.40,50,283300
20221128,09:54:27,43416.90,25,283300
20221128,09:54:32,43418.40,50,283300
20221128,09:54:45,43429.00,50,283300
20221128,09:54:50,43420.70,25,283300
20221128,09:55:11,43430.00,25,283300
20221128,09:55:12,43422.90,25,283300
20221128,09:55:14,43421.65,50,283300
20221128,09:55:19,43420.00,25,283300
20221128,09:55:25,43417.00,25,283300
20221128,09:55:28,43416.45,25,283300
20221128,09:55:50,43416.45,25,283300
20221128,09:56:14,43416.45,25,283300
20221128,09:56:16,43416.45,25,283300
20221128,09:56:17,43416.40,25,283300
20221128,09:56:19,43416.10,25,283300
20221128,09:56:20,43411.65,25,283125
20221128,09:56:25,43418.00,25,283125
20221128,09:56:35,43411.55,25,283125
20221128,09:56:37,43411.05,25,283125
20221128,09:56:43,43421.20,250,283125
20221128,09:56:49,43412.15,25,283125
20221128,09:56:52,43412.15,25,283125
20221128,09:56:54,43412.15,25,283125
20221128,09:57:00,43412.25,25,283125
20221128,09:57:32,43413.35,50,283125
20221128,09:57:35,43416.90,25,283125
20221128,09:57:40,43422.65,25,283125
20221128,09:57:44,43412.00,50,283125
20221128,09:57:50,43411.00,25,283125
20221128,09:57:51,43409.90,50,283125
20221128,09:57:55,43407.00,150,283125
20221128,09:57:56,43401.00,50,283125
20221128,09:57:59,43400.00,50,283125
20221128,09:58:01,43400.00,25,283125
20221128,09:58:03,43400.00,25,283125
20221128,09:58:04,43406.45,100,283125
20221128,09:58:10,43400.05,25,283125
20221128,09:58:19,43400.00,25,283125
20221128,09:58:32,43406.00,25,283125
20221128,09:58:48,43417.90,25,283125
20221128,09:58:55,43409.80,50,283125
20221128,09:59:17,43415.00,25,283125
20221128,09:59:20,43415.00,25,283125
20221128,09:59:25,43403.45,25,282925
20221128,09:59:36,43400.00,25,282925
20221128,09:59:40,43400.00,25,282925
20221128,09:59:43,43400.10,50,282925
20221128,09:59:50,43400.00,25,282925
20221128,10:00:04,43400.00,125,282925
20221128,10:00:06,43400.00,25,282925
20221128,10:00:27,43411.00,25,282925
20221128,10:00:35,43412.85,25,282925
20221128,10:00:46,43410.65,25,282925
20221128,10:01:09,43400.10,100,282925
20221128,10:01:16,43414.95,25,282925
20221128,10:01:44,43414.95,25,282925
20221128,10:02:13,43422.95,25,282925
20221128,10:03:53,43416.20,25,282950
20221128,10:04:12,43416.20,25,282950
20221128,10:04:52,43416.20,25,282950
20221128,10:05:46,43424.75,25,282975
20221128,10:06:13,43424.00,25,282975
20221128,10:06:14,43424.60,25,282975
20221128,10:06:21,43415.35,25,282975
20221128,10:06:27,43424.90,50,282975
20221128,10:07:13,43426.60,25,282975
20221128,10:07:16,43432.95,25,282975
20221128,10:08:04,43426.00,25,282975
20221128,10:08:25,43419.45,25,282975
20221128,10:08:28,43426.00,25,282975
20221128,10:09:07,43421.00,25,282975
20221128,10:09:09,43420.40,25,282975
20221128,10:09:31,43420.00,25,282975
20221128,10:09:40,43427.50,25,282975
20221128,10:09:58,43420.00,25,282975
20221128,10:10:23,43420.00,25,282975
20221128,10:10:39,43421.05,25,282975
20221128,10:10:43,43420.15,25,282975
20221128,10:10:54,43427.00,50,282975
20221128,10:10:56,43427.00,50,282975
20221128,10:11:06,43429.00,25,282975
20221128,10:11:33,43430.00,25,282875
20221128,10:11:51,43429.05,25,282875
20221128,10:12:18,43436.40,25,282875
20221128,10:12:34,43444.75,25,282875
20221128,10:12:59,43440.00,25,282875
20221128,10:13:14,43437.10,50,282875
20221128,10:13:25,43434.00,25,282875
20221128,10:13:30,43442.90,25,282875
20221128,10:13:36,43439.45,25,282875
20221128,10:14:17,43441.95,25,282875
20221128,10:14:25,43429.05,25,282800
20221128,10:14:38,43435.05,25,282800
20221128,10:14:39,43439.90,25,282800
20221128,10:15:15,43440.00,25,282800
20221128,10:15:42,43446.65,25,282800
20221128,10:15:58,43434.05,900,282800
20221128,10:16:52,43436.00,25,282800
20221128,10:18:01,43434.00,50,283525
20221128,10:18:42,43439.80,50,283525
20221128,10:18:45,43439.25,25,283525
20221128,10:20:21,43446.75,25,283525
20221128,10:20:24,43447.45,100,283525
20221128,10:20:41,43440.00,50,283350
20221128,10:22:30,43442.00,25,283350
20221128,10:22:41,43447.80,100,283350
20221128,10:22:54,43445.00,25,283350
20221128,10:23:10,43448.00,50,283350
20221128,10:23:11,43448.00,250,283350
20221128,10:23:36,43462.90,25,283350
20221128,10:24:27,43464.90,50,283325
20221128,10:24:45,43464.90,50,283325
20221128,10:25:09,43464.90,25,283325
20221128,10:25:14,43466.00,50,283325
20221128,10:25:35,43465.00,25,283325
20221128,10:26:28,43465.00,25,283375
20221128,10:26:30,43460.00,25,283375
20221128,10:26:51,43461.00,75,283375
20221128,10:27:12,43455.50,25,283375
20221128,10:27:15,43455.50,50,283375
20221128,10:27:37,43456.50,25,283375
20221128,10:28:21,43455.00,50,283375
20221128,10:28:31,43455.00,50,283375
20221128,10:29:13,43455.00,25,283375
20221128,10:29:57,43453.00,50,283425
20221128,10:30:06,43445.00,25,283425
20221128,10:30:11,43445.00,100,283425
20221128,10:30:13,43442.00,50,283425
20221128,10:30:16,43446.30,150,283425
20221128,10:30:24,43432.25,50,283425
20221128,10:30:30,43444.25,100,283425
20221128,10:30:37,43434.10,25,283425
20221128,10:31:15,43440.95,25,283425
20221128,10:31:34,43439.00,25,283425
20221128,10:33:28,43430.00,50,283275
20221128,10:33:57,43431.00,25,283275
20221128,10:34:01,43430.95,25,283275
20221128,10:34:09,43428.85,50,283275
20221128,10:34:19,43420.00,75,283275
20221128,10:34:25,43420.00,25,283275
20221128,10:34:30,43420.00,25,283275
20221128,10:34:33,43420.00,25,283275
20221128,10:34:37,43412.20,100,283275
20221128,10:34:41,43412.20,25,283275
20221128,10:34:51,43421.90,25,283275
20221128,10:35:00,43417.95,25,283275
20221128,10:35:30,43410.20,25,283425
20221128,10:35:37,43411.15,25,283425
20221128,10:36:22,43425.00,25,283425
20221128,10:36:29,43425.00,75,283425
20221128,10:37:21,43425.00,100,283425
20221128,10:37:55,43420.05,25,283425
20221128,10:38:14,43415.15,25,283425
20221128,10:39:46,43433.00,25,283500
20221128,10:40:21,43440.00,25,283500
20221128,10:40:26,43443.00,25,283500
20221128,10:42:11,43442.00,125,283525
20221128,10:42:13,43440.00,50,283525
20221128,10:42:14,43440.00,50,283525
20221128,10:43:39,43445.00,25,283525
20221128,10:44:13,43450.20,25,283525
20221128,10:44:16,43458.95,25,283525
20221128,10:44:23,43458.95,25,283525
20221128,10:44:28,43456.50,25,283525
20221128,10:46:32,43446.80,25,283325
20221128,10:47:43,43446.90,125,283350
20221128,10:48:17,43440.00,150,283350
20221128,10:48:49,43440.20,25,283350
20221128,10:49:45,43448.00,25,283350
20221128,10:49:46,43448.00,25,283350
20221128,10:50:04,43450.00,50,283350
20221128,10:50:53,43456.25,75,283225
20221128,10:51:27,43456.35,50,283225
20221128,10:52:00,43458.60,75,283225
20221128,10:52:29,43459.60,75,283225
20221128,10:53:27,43452.05,25,283225
20221128,10:53:36,43460.00,75,283050
20221128,10:54:26,43460.85,25,283050
20221128,10:55:06,43452.05,25,283050
20221128,10:55:27,43461.00,25,283050
20221128,10:55:29,43458.75,25,283050
20221128,10:55:30,43459.10,25,283050
20221128,10:55:32,43460.85,125,283050
20221128,10:55:33,43460.70,75,283050
20221128,10:56:09,43460.35,25,283050
20221128,10:56:15,43461.35,200,283050
20221128,10:56:17,43461.25,200,283050
20221128,10:56:18,43461.70,75,283050
20221128,10:56:40,43466.00,325,283175
20221128,10:56:45,43466.00,25,283175
20221128,10:59:06,43454.05,25,283175
20221128,11:01:56,43457.00,50,283000
20221128,11:02:04,43458.00,75,283000
20221128,11:02:09,43458.00,25,283000
20221128,11:03:10,43458.10,50,283075
20221128,11:03:13,43458.00,25,283075
20221128,11:03:38,43464.00,25,283075
20221128,11:03:47,43465.00,50,283075
20221128,11:03:48,43470.00,100,283075
20221128,11:04:05,43469.90,25,283075
20221128,11:04:34,43464.00,75,283075
20221128,11:04:42,43464.00,25,283075
20221128,11:04:54,43458.20,25,283075
20221128,11:05:07,43461.90,25,283075
20221128,11:08:51,43450.00,25,283300
20221128,11:09:01,43450.00,25,283300
20221128,11:09:40,43450.20,25,283300
20221128,11:10:04,43454.25,25,283300
20221128,11:10:55,43450.00,25,283300
20221128,11:11:31,43443.05,25,283300
20221128,11:11:47,43441.00,50,283375
20221128,11:11:48,43443.75,25,283375
20221128,11:11:53,43442.00,25,283375
20221128,11:11:57,43440.00,25,283375
20221128,11:12:01,43439.00,25,283375
20221128,11:12:32,43436.00,25,283375
20221128,11:12:53,43431.00,25,283375
20221128,11:13:39,43435.00,25,283375
20221128,11:14:29,43446.80,25,283375
20221128,11:15:23,43434.05,25,283525
20221128,11:15:40,43434.05,25,283525
20221128,11:16:01,43434.05,50,283525
20221128,11:16:20,43441.25,25,283525
20221128,11:17:05,43435.00,25,283525
20221128,11:17:41,43429.50,25,283550
20221128,11:18:33,43434.35,25,283550
20221128,11:18:43,43432.95,25,283550
20221128,11:19:13,43440.85,25,283550
20221128,11:21:17,43440.85,50,283550
20221128,11:21:35,43438.70,50,283550
20221128,11:22:39,43443.55,25,283550
20221128,11:23:22,43445.00,25,283550
20221128,11:23:40,43435.00,25,283625
20221128,11:25:04,43427.05,25,283625
20221128,11:25:09,43425.20,25,283625
20221128,11:25:32,43425.00,25,283625
20221128,11:27:26,43448.95,25,283625
20221128,11:28:14,43448.75,75,283625
20221128,11:28:36,43448.90,25,283625
20221128,11:29:15,43434.15,25,283625
20221128,11:29:36,43434.75,25,283625
20221128,11:30:18,43431.00,25,283625
20221128,11:30:19,43434.75,25,283625
20221128,11:30:32,43437.20,25,283625
20221128,11:32:17,43434.30,25,283625
20221128,11:33:47,43440.05,25,283625
20221128,11:34:16,43447.00,25,283625
20221128,11:34:32,43447.00,25,283625
20221128,11:34:40,43449.00,25,283625
20221128,11:34:41,43452.10,25,283625
20221128,11:35:01,43462.80,25,283625
20221128,11:35:33,43462.80,25,283625
20221128,11:35:37,43461.20,50,283625
20221128,11:35:43,43462.00,25,283700
20221128,11:35:49,43455.30,225,283700
20221128,11:36:46,43454.10,25,283700
20221128,11:37:04,43453.00,25,283700
20221128,11:37:10,43453.00,25,283700
20221128,11:37:20,43452.05,25,283700
20221128,11:39:00,43460.00,25,283575
20221128,11:39:08,43462.75,25,283575
20221128,11:39:24,43461.20,25,283575
20221128,11:40:16,43450.00,25,283575
20221128,11:40:31,43447.05,25,283575
20221128,11:40:40,43448.05,25,283575
20221128,11:41:01,43452.05,25,283575
20221128,11:41:51,43457.00,25,283700
20221128,11:42:53,43454.10,25,283700
20221128,11:43:07,43454.50,125,283700
20221128,11:43:10,43463.60,25,283700
20221128,11:43:17,43453.75,125,283700
20221128,11:44:11,43455.10,100,283700
20221128,11:44:24,43464.55,25,283700
20221128,11:44:36,43460.15,25,283700
20221128,11:44:37,43465.00,50,283700
20221128,11:44:53,43465.00,25,283825
20221128,11:45:05,43470.00,100,283825
20221128,11:45:13,43470.05,25,283825
20221128,11:45:21,43473.70,25,283825
20221128,11:45:26,43472.05,25,283825
20221128,11:45:27,43476.70,275,283825
20221128,11:45:29,43477.35,100,283825
20221128,11:45:32,43478.00,175,283825
20221128,11:45:36,43480.00,25,283825
20221128,11:45:44,43478.00,25,283825
20221128,11:45:50,43476.45,50,283825
20221128,11:45:55,43477.10,100,283825
20221128,11:45:57,43480.00,25,283825
20221128,11:46:20,43474.50,25,283825
20221128,11:46:27,43479.95,25,283825
20221128,11:46:49,43472.00,25,283825
20221128,11:46:57,43470.00,25,283825
20221128,11:47:00,43471.40,25,283825
20221128,11:47:05,43479.90,25,283825
20221128,11:47:08,43479.75,50,283825
20221128,11:47:10,43479.95,25,283825
20221128,11:47:39,43479.00,25,283825
20221128,11:47:50,43479.00,25,284025
20221128,11:47:58,43479.95,25,284025
20221128,11:48:02,43485.00,25,284025
20221128,11:48:06,43484.00,25,284025
20221128,11:48:17,43483.00,50,284025
20221128,11:48:29,43489.00,50,284025
20221128,11:48:55,43476.00,25,284025
20221128,11:48:57,43484.60,25,284025
20221128,11:50:19,43485.95,75,284025
20221128,11:50:23,43490.00,50,284025
20221128,11:50:38,43498.25,150,284025
20221128,11:50:40,43499.00,25,284025
20221128,11:50:55,43499.00,50,284050
20221128,11:51:00,43498.25,300,284050
20221128,11:51:03,43498.10,50,284050
20221128,11:51:21,43500.00,100,284050
20221128,11:51:44,43500.00,100,284050
20221128,11:51:58,43500.00,25,284050
20221128,11:52:10,43500.00,100,284050
20221128,11:52:24,43495.05,25,284050
20221128,11:52:37,43490.55,350,284050
20221128,11:52:40,43497.35,50,284050
20221128,11:52:52,43497.35,25,284050
20221128,11:53:00,43495.00,25,284050
20221128,11:53:42,43494.95,25,284050
20221128,11:53:44,43495.00,100,284050
20221128,11:53:47,43500.00,25,284225
20221128,11:54:20,43500.00,25,284225
20221128,11:54:31,43500.00,25,284225
20221128,11:55:06,43493.00,25,284225
20221128,11:55:11,43494.00,25,284225
20221128,11:55:13,43495.00,25,284225
20221128,11:55:18,43500.00,25,284225
20221128,11:55:23,43500.00,25,284225
20221128,11:55:28,43493.00,100,284225
20221128,11:55:35,43500.00,25,284225
20221128,11:55:40,43500.00,25,284225
20221128,11:55:43,43500.00,50,284225
20221128,11:55:54,43500.70,25,284225
20221128,11:55:58,43500.70,25,284225
20221128,11:56:03,43501.95,25,284225
20221128,11:56:39,43504.95,25,284225
20221128,11:57:05,43504.95,25,284250
20221128,11:57:18,43501.00,25,284250
20221128,11:57:26,43505.00,25,284250
20221128,11:57:46,43506.00,50,284250
20221128,11:57:47,43506.00,50,284250
20221128,11:57:56,43506.25,100,284250
20221128,11:57:59,43506.25,150,284250
20221128,11:58:26,43506.25,25,284250
20221128,11:59:17,43506.20,50,284250
20221128,11:59:34,43506.20,25,284250
20221128,11:59:57,43506.25,650,284050
20221128,11:59:59,43506.25,25,284050
20221128,12:00:00,43506.25,100,284050
20221128,12:00:02,43506.25,1375,284050
20221128,12:00:04,43506.25,2600,284050
20221128,12:00:05,43531.90,325,284050
20221128,12:00:07,43560.00,1275,284050
20221128,12:00:22,43553.00,50,284050
20221128,12:00:25,43550.10,25,284050
20221128,12:00:42,43550.10,25,284050
20221128,12:00:43,43550.00,25,284050
20221128,12:00:53,43556.50,75,284050
20221128,12:01:05,43559.90,25,284050
20221128,12:01:08,43559.00,25,284050
20221128,12:01:13,43564.10,125,284050
20221128,12:01:16,43564.10,25,284050
20221128,12:01:30,43557.95,75,284050
20221128,12:01:41,43548.65,25,284050
20221128,12:01:45,43539.05,100,284050
20221128,12:01:46,43535.00,25,284050
20221128,12:01:51,43535.00,100,284050
20221128,12:02:03,43537.15,150,284050
20221128,12:02:10,43536.00,25,284050
20221128,12:02:11,43536.75,25,284050
20221128,12:02:34,43530.00,25,284050
20221128,12:02:48,43533.35,25,284050
20221128,12:03:07,43538.00,25,282675
20221128,12:03:19,43548.50,25,282675
20221128,12:03:22,43544.15,100,282675
20221128,12:03:23,43544.50,250,282675
20221128,12:03:28,43550.00,500,282675
20221128,12:03:33,43543.55,100,282675
20221128,12:04:04,43542.55,50,282675
20221128,12:04:09,43549.95,25,282675
20221128,12:04:13,43557.50,50,282675
20221128,12:04:24,43550.05,25,282675
20221128,12:05:21,43552.80,25,282675
20221128,12:05:39,43550.00,50,282675
20221128,12:05:54,43550.00,25,282500
20221128,12:05:59,43545.75,25,282500
20221128,12:06:22,43557.85,25,282500
20221128,12:06:46,43557.80,200,282500
20221128,12:06:56,43557.65,25,282500
20221128,12:06:59,43557.65,50,282500
20221128,12:07:01,43557.65,25,282500
20221128,12:07:26,43560.00,100,282500
20221128,12:07:43,43565.00,50,282500
20221128,12:08:02,43568.60,50,282500
20221128,12:08:09,43571.00,75,282500
20221128,12:08:11,43576.45,25,282500
20221128,12:08:24,43576.45,25,282500
20221128,12:08:41,43560.00,25,282500
20221128,12:09:29,43570.00,25,282450
20221128,12:09:31,43574.10,50,282450
20221128,12:09:42,43577.50,250,282450
20221128,12:09:55,43577.50,25,282450
20221128,12:10:07,43581.85,50,282450
20221128,12:10:21,43581.85,100,282450
20221128,12:10:35,43573.00,150,282450
20221128,12:10:37,43573.00,275,282450
20221128,12:10:40,43573.00,100,282450
20221128,12:10:53,43560.95,25,282450
20221128,12:11:14,43561.00,25,282450
20221128,12:11:36,43567.60,50,282450
20221128,12:12:12,43567.90,50,282650
20221128,12:12:16,43570.00,25,282650
20221128,12:12:22,43573.00,25,282650
20221128,12:12:27,43572.05,25,282650
20221128,12:12:30,43581.20,125,282650
20221128,12:12:41,43583.00,25,282650
20221128,12:13:13,43585.00,125,282650
20221128,12:13:50,43593.00,250,282650
20221128,12:14:02,43601.90,350,282650
20221128,12:14:04,43601.90,25,282650
20221128,12:14:07,43605.00,25,282650
20221128,12:14:09,43611.00,25,282650
20221128,12:14:12,43611.00,25,282650
20221128,12:14:19,43611.50,25,282650
20221128,12:14:25,43611.50,50,282650
20221128,12:14:32,43614.45,25,282650
20221128,12:14:43,43614.45,25,282650
20221128,12:14:45,43611.00,25,282650
20221128,12:15:01,43611.00,25,282475
20221128,12:15:03,43621.00,500,282475
20221128,12:15:11,43629.00,25,282475
20221128,12:15:13,43632.85,100,282475
20221128,12:15:21,43630.35,100,282475
20221128,12:15:28,43629.00,75,282475
20221128,12:15:43,43627.90,25,282475
20221128,12:15:50,43625.80,25,282475
20221128,12:16:06,43625.80,25,282475
20221128,12:16:37,43621.00,25,282475
20221128,12:16:39,43621.00,25,282475
20221128,12:16:52,43610.00,25,282475
20221128,12:16:57,43602.20,25,282475
20221128,12:17:22,43603.05,100,282475
20221128,12:17:25,43603.05,50,282475
20221128,12:17:55,43603.15,25,282500
20221128,12:18:23,43604.90,25,282500
20221128,12:18:32,43610.00,25,282500
20221128,12:18:37,43607.05,25,282500
20221128,12:18:42,43613.00,75,282500
20221128,12:18:45,43616.05,50,282500
20221128,12:19:12,43616.05,25,282500
20221128,12:19:25,43616.05,25,282500
20221128,12:19:27,43613.05,750,282500
20221128,12:20:37,43601.00,25,282500
20221128,12:20:47,43600.05,25,282500
20221128,12:20:52,43605.00,25,282500
20221128,12:20:55,43609.00,25,282475
20221128,12:20:57,43610.00,25,282475
20221128,12:21:17,43624.90,100,282475
20221128,12:21:27,43626.40,200,282475
20221128,12:21:39,43629.95,25,282475
20221128,12:21:43,43621.95,25,282475
20221128,12:21:51,43630.00,25,282475
20221128,12:21:52,43630.00,25,282475
20221128,12:22:06,43630.65,50,282475
20221128,12:22:29,43618.05,25,282475
20221128,12:22:38,43620.15,25,282475
20221128,12:23:45,43620.55,50,282475
20221128,12:24:09,43627.90,25,282475
20221128,12:24:46,43620.00,25,282475
20221128,12:25:09,43608.10,25,282475
20221128,12:25:30,43610.05,25,282475
20221128,12:26:28,43602.10,25,282475
20221128,12:26:45,43600.00,75,282475
20221128,12:27:38,43599.45,50,282475
20221128,12:27:40,43600.00,25,282550
20221128,12:28:10,43605.00,25,282550
20221128,12:28:13,43604.05,25,282550
20221128,12:28:24,43611.30,25,282550
20221128,12:28:46,43611.00,250,282550
20221128,12:29:02,43619.95,25,282550
20221128,12:29:04,43620.00,25,282550
20221128,12:29:07,43617.20,25,282550
20221128,12:29:29,43624.25,100,282550
20221128,12:29:35,43622.25,50,282550
20221128,12:30:01,43620.95,25,282475
20221128,12:30:27,43619.70,25,282475
20221128,12:30:32,43611.00,25,282475
20221128,12:30:38,43611.00,25,282475
20221128,12:30:50,43601.05,25,282475
20221128,12:31:03,43598.25,50,282475
20221128,12:31:11,43601.05,25,282475
20221128,12:31:15,43607.00,25,282475
20221128,12:31:16,43613.95,50,282475
20221128,12:31:20,43608.05,25,282475
20221128,12:31:29,43620.00,25,282475
20221128,12:31:44,43620.00,25,282475
20221128,12:32:07,43620.00,25,282475
20221128,12:32:13,43620.00,25,282475
20221128,12:32:18,43620.00,50,282475
20221128,12:32:29,43617.45,50,282475
20221128,12:32:31,43620.00,25,282475
20221128,12:32:58,43611.05,400,282425
20221128,12:33:02,43611.30,25,282425
20221128,12:33:11,43613.50,25,282425
20221128,12:33:30,43610.00,25,282425
20221128,12:33:31,43610.00,25,282425
20221128,12:34:03,43606.15,25,282425
20221128,12:34:48,43600.55,25,282425
20221128,12:35:15,43604.80,25,282425
20221128,12:35:23,43615.00,25,282425
20221128,12:36:41,43600.80,25,282275
20221128,12:36:49,43599.95,25,282275
20221128,12:36:59,43600.00,25,282275
20221128,12:37:12,43604.20,25,282275
20221128,12:38:03,43598.45,25,282275
20221128,12:38:09,43602.50,25,282275
20221128,12:39:08,43600.30,100,282325
20221128,12:39:38,43590.00,25,282325
20221128,12:40:12,43588.55,75,282325
20221128,12:40:56,43588.55,25,282325
20221128,12:41:05,43580.00,25,282325
20221128,12:41:29,43578.35,50,282325
20221128,12:41:30,43580.00,25,282325
20221128,12:41:38,43583.10,25,282325
20221128,12:41:43,43588.85,25,282325
20221128,12:41:46,43588.85,50,282325
20221128,12:42:49,43585.00,25,282225
20221128,12:42:55,43585.00,25,282225
20221128,12:43:25,43585.00,625,282225
20221128,12:43:37,43588.85,175,282225
20221128,12:43:40,43596.90,25,282225
20221128,12:43:42,43600.00,25,282225
20221128,12:44:18,43600.00,700,282225
20221128,12:44:26,43590.00,25,282225
20221128,12:45:12,43590.00,500,282525
20221128,12:46:05,43608.95,25,282525
20221128,12:46:19,43608.95,25,282525
20221128,12:46:23,43607.00,100,282525
20221128,12:47:16,43610.00,75,282525
20221128,12:47:18,43609.85,25,282525
20221128,12:47:29,43615.00,25,282525
20221128,12:47:46,43620.00,25,282525
20221128,12:47:58,43622.00,25,282000
20221128,12:48:00,43622.95,25,282000
20221128,12:48:08,43620.00,25,282000
20221128,12:48:52,43620.00,25,282000
20221128,12:48:54,43618.70,50,282000
20221128,12:48:57,43624.00,25,282000
20221128,12:49:08,43624.00,25,282000
20221128,12:49:13,43625.00,25,282000
20221128,12:49:21,43626.00,50,282000
20221128,12:49:24,43620.05,50,282000
20221128,12:49:32,43626.00,25,282000
20221128,12:49:38,43620.05,25,282000
20221128,12:52:24,43622.00,25,281925
20221128,12:52:26,43626.95,25,281925
20221128,12:52:37,43627.00,25,281925
20221128,12:52:49,43628.95,25,281925
20221128,12:52:53,43628.55,25,281925
20221128,12:52:54,43627.30,25,281925
20221128,12:53:00,43620.15,25,281925
20221128,12:53:17,43624.15,25,281925
20221128,12:53:21,43620.00,50,281925
20221128,12:53:46,43627.45,25,281925
20221128,12:54:56,43645.00,1150,281925
20221128,12:55:22,43639.55,25,281925
20221128,12:55:41,43640.00,50,281925
20221128,12:55:43,43645.50,25,281925
20221128,12:55:58,43646.00,75,281925
20221128,12:56:26,43646.00,50,281925
20221128,12:56:35,43644.95,75,281925
20221128,12:56:44,43646.95,25,281925
20221128,12:57:04,43648.75,25,282050
20221128,12:57:19,43649.00,50,282050
20221128,12:58:26,43648.95,25,282050
20221128,12:58:53,43632.40,25,282050
20221128,12:59:30,43633.00,25,282050
20221128,12:59:38,43637.50,25,282050
20221128,13:00:16,43629.10,25,282075
20221128,13:00:21,43636.60,25,282075
20221128,13:00:22,43634.65,25,282075
20221128,13:00:27,43640.00,25,282075
20221128,13:00:45,43650.00,250,282075
20221128,13:00:47,43651.00,125,282075
20221128,13:00:53,43657.40,75,282075
20221128,13:01:58,43657.40,200,282075
20221128,13:02:14,43628.50,25,282075
20221128,13:02:21,43636.60,25,282075
20221128,13:03:02,43620.10,25,282075
20221128,13:03:11,43625.00,25,282075
20221128,13:03:52,43630.00,25,282075
20221128,13:04:04,43624.85,25,282075
20221128,13:04:36,43620.00,25,282075
20221128,13:04:58,43631.95,25,282075
20221128,13:05:00,43633.95,25,282075
20221128,13:05:23,43620.20,25,282075
20221128,13:05:47,43626.70,25,282075
20221128,13:05:55,43626.20,25,282075
20221128,13:06:10,43630.55,75,282075
20221128,13:06:37,43630.55,25,282075
20221128,13:06:52,43632.35,50,282075
20221128,13:07:16,43629.35,25,282075
20221128,13:09:55,43630.00,50,282250
20221128,13:10:21,43629.35,25,282250
20221128,13:10:28,43629.35,25,282250
20221128,13:10:47,43626.95,50,282250
20221128,13:10:59,43610.70,100,282250
20221128,13:11:17,43611.95,25,282250
20221128,13:12:22,43610.00,900,282250
20221128,13:12:51,43615.60,75,282250
20221128,13:13:06,43620.00,25,282250
20221128,13:14:36,43616.00,25,282250
20221128,13:14:58,43614.35,175,282250
20221128,13:16:03,43614.35,25,282775
20221128,13:16:09,43619.00,25,282775
20221128,13:16:32,43613.15,75,282775
20221128,13:16:37,43619.00,25,282775
20221128,13:16:46,43620.00,25,282775
20221128,13:16:51,43620.00,25,282775
20221128,13:17:09,43619.95,50,282775
20221128,13:17:58,43611.00,25,282775
20221128,13:18:04,43605.40,25,282775
20221128,13:18:09,43609.00,25,282775
20221128,13:19:36,43601.55,25,282775
20221128,13:19:59,43600.00,75,282775
20221128,13:20:33,43600.00,25,282775
20221128,13:20:37,43597.95,25,282775
20221128,13:21:04,43600.00,100,282800
20221128,13:21:50,43598.95,25,282800
20221128,13:22:40,43591.00,25,282800
20221128,13:22:50,43590.00,75,282800
20221128,13:22:58,43580.25,25,282800
20221128,13:23:10,43587.20,50,282800
20221128,13:23:13,43588.00,125,282800
20221128,13:23:15,43587.20,25,282800
20221128,13:23:16,43588.00,25,282800
20221128,13:24:02,43588.00,25,282800
20221128,13:24:04,43588.00,50,282800
20221128,13:24:14,43587.75,25,282725
20221128,13:25:09,43582.00,25,282725
20221128,13:25:13,43580.00,25,282725
20221128,13:25:32,43580.25,25,282725
20221128,13:25:50,43577.00,150,282725
20221128,13:25:52,43581.65,50,282725
20221128,13:26:00,43587.40,25,282725
20221128,13:26:33,43587.15,25,282725
20221128,13:27:38,43600.50,50,282875
20221128,13:29:55,43604.00,25,282875
20221128,13:30:10,43600.50,75,282900
20221128,13:30:41,43600.00,25,282900
20221128,13:30:42,43596.50,175,282900
20221128,13:31:10,43597.15,50,282900
20221128,13:31:13,43596.50,25,282900
20221128,13:31:34,43590.00,25,282900
20221128,13:31:37,43596.10,25,282900
20221128,13:31:47,43602.15,25,282900
20221128,13:32:01,43602.05,25,282900
20221128,13:33:08,43596.05,25,283275
20221128,13:33:10,43600.00,25,283275
20221128,13:33:11,43598.30,25,283275
20221128,13:34:07,43599.05,25,283275
20221128,13:34:29,43607.70,25,283275
20221128,13:35:20,43607.75,75,283275
20221128,13:36:21,43616.90,75,283375
20221128,13:36:28,43617.90,25,283375
20221128,13:36:41,43615.00,25,283375
20221128,13:36:51,43610.25,25,283375
20221128,13:37:19,43610.25,25,283375
20221128,13:37:49,43608.00,25,283375
20221128,13:38:12,43600.00,25,283375
20221128,13:38:29,43600.00,25,283375
20221128,13:38:42,43595.00,50,283375
20221128,13:38:56,43595.00,25,283375
20221128,13:39:09,43590.00,25,283525
20221128,13:39:20,43590.00,125,283525
20221128,13:39:21,43590.00,175,283525
20221128,13:39:44,43594.30,50,283525
20221128,13:40:05,43599.50,50,283525
20221128,13:40:30,43608.40,25,283525
20221128,13:40:39,43605.00,25,283525
20221128,13:40:41,43604.65,150,283525
20221128,13:41:22,43606.10,25,283525
20221128,13:41:25,43605.85,25,283525
20221128,13:42:00,43605.55,25,283525
20221128,13:42:04,43616.20,50,283525
20221128,13:42:15,43602.45,25,283575
20221128,13:42:18,43602.85,25,283575
20221128,13:43:20,43610.00,50,283575
20221128,13:44:09,43619.95,25,283575
20221128,13:44:10,43620.00,275,283575
20221128,13:44:12,43629.10,350,283575
20221128,13:44:14,43630.00,25,283575
20221128,13:44:42,43620.05,25,283575
20221128,13:44:52,43623.20,25,283575
20221128,13:45:26,43618.70,25,284050
20221128,13:45:50,43629.90,25,284050
20221128,13:45:56,43621.30,25,284050
20221128,13:46:19,43621.30,25,284050
20221128,13:46:59,43619.30,50,284050
20221128,13:47:28,43609.60,100,284050
20221128,13:48:02,43615.35,25,284050
20221128,13:48:05,43609.60,25,284050
20221128,13:48:53,43598.90,25,284125
20221128,13:48:58,43598.90,50,284125
20221128,13:50:00,43595.90,25,284125
20221128,13:50:56,43585.00,25,284125
20221128,13:51:29,43580.00,25,284125
20221128,13:51:31,43580.00,25,284200
20221128,13:51:32,43580.00,150,284200
20221128,13:51:34,43575.00,25,284200
20221128,13:51:42,43564.15,150,284200
20221128,13:51:49,43564.10,25,284200
20221128,13:51:57,43564.20,25,284200
20221128,13:52:04,43564.15,75,284200
20221128,13:52:10,43564.90,25,284200
20221128,13:52:17,43574.95,25,284200
20221128,13:52:26,43570.00,25,284200
20221128,13:53:07,43565.30,25,284200
20221128,13:53:30,43565.85,25,284200
20221128,13:53:48,43570.70,25,284200
20221128,13:53:51,43565.20,25,284200
20221128,13:53:59,43568.85,25,284200
20221128,13:54:01,43566.45,25,284200
20221128,13:54:11,43565.15,25,284200
20221128,13:54:17,43565.15,25,284475
20221128,13:54:28,43576.20,100,284475
20221128,13:54:47,43580.00,25,284475
20221128,13:55:15,43595.80,50,284475
20221128,13:55:26,43591.95,25,284475
20221128,13:55:36,43595.00,25,284475
20221128,13:55:37,43600.00,25,284475
20221128,13:55:42,43604.80,50,284475
20221128,13:57:02,43605.95,100,284475
20221128,13:57:23,43599.50,25,284700
20221128,13:57:26,43599.50,75,284700
20221128,13:58:04,43603.00,25,284700
20221128,13:58:37,43610.00,75,284700
20221128,13:59:03,43609.00,50,284700
20221128,13:59:04,43610.00,25,284700
20221128,14:00:13,43610.00,150,284750
20221128,14:01:44,43600.00,125,284750
20221128,14:01:46,43600.00,100,284750
20221128,14:01:55,43600.00,25,284750
20221128,14:02:20,43582.95,200,284750
20221128,14:02:27,43580.00,25,284750
20221128,14:02:59,43571.00,25,284750
20221128,14:03:06,43566.00,25,284750
20221128,14:03:09,43566.00,25,284750
20221128,14:03:11,43574.90,25,284750
20221128,14:03:31,43568.80,100,284550
20221128,14:03:47,43574.90,25,284550
20221128,14:04:21,43578.85,25,284550
20221128,14:04:50,43570.00,25,284550
20221128,14:05:08,43562.00,25,284550
20221128,14:05:10,43560.00,25,284550
20221128,14:05:25,43547.00,50,284550
20221128,14:05:40,43545.65,25,284550
20221128,14:05:46,43542.00,25,284550
20221128,14:05:50,43546.00,25,284550
20221128,14:06:24,43548.00,25,284425
20221128,14:06:27,43546.05,100,284425
20221128,14:06:35,43550.00,25,284425
20221128,14:06:36,43550.00,25,284425
20221128,14:06:45,43549.35,25,284425
20221128,14:06:54,43560.95,50,284425
20221128,14:07:17,43540.05,50,284425
20221128,14:07:59,43540.25,50,284425
20221128,14:08:12,43544.95,25,284425
20221128,14:08:35,43540.20,25,284425
20221128,14:09:03,43541.00,25,284425
20221128,14:09:07,43543.00,25,284425
20221128,14:09:37,43540.25,25,284450
20221128,14:09:44,43547.65,25,284450
20221128,14:09:59,43540.00,450,284450
20221128,14:10:02,43537.00,25,284450
20221128,14:10:07,43535.95,25,284450
20221128,14:10:10,43535.95,25,284450
20221128,14:10:15,43530.65,25,284450
20221128,14:10:28,43530.05,25,284450
20221128,14:10:30,43530.05,25,284450
20221128,14:10:32,43530.15,50,284450
20221128,14:10:36,43535.05,25,284450
20221128,14:10:41,43539.00,25,284450
20221128,14:10:56,43539.05,25,284450
20221128,14:11:01,43544.00,25,284450
20221128,14:11:17,43546.00,75,284450
20221128,14:11:46,43546.00,25,284450
20221128,14:12:14,43557.60,25,284450
20221128,14:12:17,43557.60,25,284250
20221128,14:12:34,43565.80,25,284250
20221128,14:12:46,43559.55,25,284250
20221128,14:12:57,43558.25,25,284250
20221128,14:13:38,43561.65,25,284250
20221128,14:14:58,43551.00,25,284250
20221128,14:15:16,43550.10,100,284175
20221128,14:15:33,43540.00,50,284175
20221128,14:15:35,43535.00,25,284175
20221128,14:15:49,43530.05,25,284175
20221128,14:16:21,43540.00,25,284175
20221128,14:16:53,43540.00,25,284175
20221128,14:17:05,43552.95,25,284175
20221128,14:17:11,43550.95,25,284175
20221128,14:17:13,43550.00,75,284175
20221128,14:17:31,43550.95,25,284175
20221128,14:18:05,43545.00,100,284175
20221128,14:18:16,43533.00,25,284175
20221128,14:18:45,43538.95,50,284175
20221128,14:18:52,43533.95,25,284175
20221128,14:18:53,43540.00,25,284175
20221128,14:19:18,43539.65,25,284175
20221128,14:19:51,43532.25,25,284175
20221128,14:20:12,43530.00,50,284175
20221128,14:20:48,43543.35,25,284175
20221128,14:20:53,43549.95,25,284175
20221128,14:20:56,43550.95,25,284175
20221128,14:21:48,43556.00,25,284225
20221128,14:21:50,43550.95,25,284225
20221128,14:21:52,43550.00,25,284225
20221128,14:22:10,43552.00,25,284225
20221128,14:22:40,43552.00,100,284225
20221128,14:23:18,43560.00,75,284225
20221128,14:23:35,43561.65,25,284225
20221128,14:23:45,43580.00,50,284225
20221128,14:23:55,43590.00,25,284225
20221128,14:25:34,43595.00,75,284075
20221128,14:25:39,43593.00,25,284075
20221128,14:27:21,43583.35,25,283975
20221128,14:28:10,43585.00,25,283975
20221128,14:28:29,43581.00,25,283975
20221128,14:29:18,43570.00,75,283975
20221128,14:29:53,43560.00,375,283975
20221128,14:30:53,43545.15,50,284150
20221128,14:31:02,43554.00,25,284150
20221128,14:31:12,43549.95,25,284150
20221128,14:31:45,43548.75,25,284150
20221128,14:33:14,43528.80,100,284150
20221128,14:33:33,43539.40,475,284050
20221128,14:33:34,43532.05,25,284050
20221128,14:33:51,43551.40,125,284050
20221128,14:35:09,43551.40,25,284050
20221128,14:35:41,43547.95,25,284050
20221128,14:35:44,43545.00,25,284050
20221128,14:36:22,43545.25,25,283625
20221128,14:37:59,43561.00,25,283625
20221128,14:38:35,43563.95,25,283625
20221128,14:38:40,43565.00,75,283625
20221128,14:40:16,43570.00,25,283575
20221128,14:40:58,43572.65,25,283575
20221128,14:41:20,43573.15,25,283575
20221128,14:41:51,43578.00,25,283575
20221128,14:42:33,43570.00,25,283575
20221128,14:42:54,43578.55,50,283575
20221128,14:43:23,43569.00,25,283575
20221128,14:43:44,43570.80,25,283575
20221128,14:43:55,43561.50,50,283575
20221128,14:44:28,43560.00,50,283575
20221128,14:46:31,43582.00,25,283650
20221128,14:46:44,43578.10,25,283650
20221128,14:46:55,43586.10,25,283650
20221128,14:47:30,43590.60,200,283650
20221128,14:47:46,43582.00,50,283650
20221128,14:48:28,43577.00,25,283750
20221128,14:49:20,43582.00,25,283750
20221128,14:50:13,43588.00,25,283750
20221128,14:50:39,43588.05,50,283750
20221128,14:50:51,43599.00,25,283750
20221128,14:51:18,43600.00,150,283750
20221128,14:51:47,43614.10,100,283650
20221128,14:52:06,43613.05,150,283650
20221128,14:52:17,43613.05,75,283650
20221128,14:52:19,43616.00,25,283650
20221128,14:52:36,43614.90,25,283650
20221128,14:52:56,43607.25,175,283650
20221128,14:53:11,43600.05,25,283650
20221128,14:53:45,43609.65,25,283650
20221128,14:53:48,43610.00,50,283650
20221128,14:54:04,43608.40,50,283650
20221128,14:54:13,43610.00,25,283650
20221128,14:54:19,43610.00,25,283650
20221128,14:54:21,43610.00,25,283650
20221128,14:54:49,43610.00,25,283325
20221128,14:54:56,43610.00,300,283325
20221128,14:55:36,43605.05,25,283325
20221128,14:55:39,43610.00,25,283325
20221128,14:55:44,43611.75,50,283325
20221128,14:57:07,43600.00,50,283325
20221128,14:57:09,43598.00,25,283325
20221128,14:57:19,43587.05,150,283325
20221128,14:57:27,43600.00,25,283325
20221128,14:57:36,43613.35,300,283225
20221128,14:57:42,43606.05,150,283225
20221128,14:57:49,43613.95,50,283225
20221128,14:57:50,43625.00,150,283225
20221128,14:58:09,43625.95,150,283225
20221128,14:58:14,43626.00,25,283225
20221128,14:58:47,43621.85,25,283225
20221128,14:59:32,43614.05,25,283225
20221128,14:59:53,43610.05,25,283225
20221128,15:00:23,43610.05,100,283225
20221128,15:01:03,43590.00,25,283000
20221128,15:01:04,43580.00,225,283000
20221128,15:01:39,43602.95,50,283000
20221128,15:02:04,43586.35,25,283000
20221128,15:02:24,43589.20,200,283000
20221128,15:02:28,43598.00,25,283000
20221128,15:02:38,43597.05,25,283000
20221128,15:02:44,43600.00,25,283000
20221128,15:02:48,43600.00,25,283000
20221128,15:02:54,43608.35,25,283000
20221128,15:02:58,43607.15,25,283000
20221128,15:02:59,43611.55,25,283000
20221128,15:03:02,43613.05,25,283000
20221128,15:03:04,43613.05,25,283000
20221128,15:03:19,43608.35,25,283000
20221128,15:03:27,43603.00,25,283150
20221128,15:03:42,43608.00,25,283150
20221128,15:04:21,43594.40,25,283150
20221128,15:04:44,43585.00,25,283150
20221128,15:04:54,43585.00,100,283150
20221128,15:05:23,43580.00,25,283150
20221128,15:05:43,43571.20,150,283150
20221128,15:05:55,43580.00,100,283150
20221128,15:05:58,43580.00,100,283150
20221128,15:06:21,43571.05,25,283150
20221128,15:06:28,43560.00,50,283275
20221128,15:06:30,43558.10,25,283275
20221128,15:06:59,43568.55,200,283275
20221128,15:07:01,43557.65,150,283275
20221128,15:07:06,43550.00,100,283275
20221128,15:07:11,43545.85,25,283275
20221128,15:07:13,43535.05,100,283275
20221128,15:07:14,43535.05,25,283275
20221128,15:07:16,43542.15,25,283275
20221128,15:07:18,43542.30,25,283275
20221128,15:07:46,43545.05,50,283275
20221128,15:07:54,43547.70,25,283275
20221128,15:07:56,43544.35,25,283275
20221128,15:08:02,43542.30,25,283275
20221128,15:08:07,43543.15,25,283275
20221128,15:08:09,43541.80,100,283275
20221128,15:08:23,43544.75,50,283275
20221128,15:08:30,43545.65,25,283275
20221128,15:08:45,43546.90,25,283275
20221128,15:09:05,43540.00,25,283275
20221128,15:09:18,43539.00,75,283275
20221128,15:09:21,43530.20,100,283275
20221128,15:09:23,43530.35,75,283275
20221128,15:09:25,43530.20,75,283275
20221128,15:09:30,43530.90,50,283425
20221128,15:10:20,43542.00,25,283425
20221128,15:10:33,43545.60,25,283425
20221128,15:10:45,43549.90,25,283425
20221128,15:10:52,43538.00,125,283425
20221128,15:11:22,43538.00,25,283425
20221128,15:12:56,43576.95,50,283450
20221128,15:13:11,43565.95,925,283450
20221128,15:13:37,43574.95,50,283450
20221128,15:14:00,43566.95,25,283450
20221128,15:14:02,43551.70,25,283450
20221128,15:14:24,43550.00,25,283450
20221128,15:14:30,43550.00,925,283450
20221128,15:14:37,43550.00,25,283450
20221128,15:15:02,43540.00,50,283450
20221128,15:15:25,43555.35,25,283450
20221128,15:15:29,43563.00,25,284950
20221128,15:15:48,43559.85,25,284950
20221128,15:16:13,43551.00,50,284950
20221128,15:16:23,43554.00,25,284950
20221128,15:16:26,43550.00,75,284950
20221128,15:16:28,43550.00,25,284950
20221128,15:16:30,43543.80,25,284950
20221128,15:17:00,43543.80,25,284950
20221128,15:17:02,43547.00,25,284950
20221128,15:17:03,43551.95,25,284950
20221128,15:17:13,43542.20,50,284950
20221128,15:17:56,43543.80,25,284950
20221128,15:18:01,43543.95,25,284950
20221128,15:18:10,43540.00,25,284950
20221128,15:18:12,43539.00,25,284950
20221128,15:18:23,43533.00,100,284950
20221128,15:18:43,43530.00,100,284875
20221128,15:18:46,43520.65,25,284875
20221128,15:18:48,43524.00,25,284875
20221128,15:18:51,43520.25,25,284875
20221128,15:18:53,43520.25,25,284875
20221128,15:19:01,43528.95,50,284875
20221128,15:19:03,43521.50,50,284875
20221128,15:19:30,43528.95,25,284875
20221128,15:19:43,43520.00,75,284875
20221128,15:20:20,43511.15,50,284875
20221128,15:20:37,43526.95,50,284875
20221128,15:20:47,43528.55,50,284875
20221128,15:20:50,43530.30,200,284875
20221128,15:20:52,43535.95,25,284875
20221128,15:21:11,43535.95,100,284875
20221128,15:21:18,43535.95,25,284875
20221128,15:21:44,43530.50,25,284875
20221128,15:21:45,43530.00,100,284875
20221128,15:22:03,43522.75,200,284875
20221128,15:22:13,43525.50,25,284875
20221128,15:22:19,43531.95,75,284875
20221128,15:22:29,43525.00,25,284875
20221128,15:23:20,43524.90,25,284875
20221128,15:23:25,43521.00,50,284875
20221128,15:23:34,43517.80,25,284875
20221128,15:23:44,43518.00,25,284875
20221128,15:23:49,43520.15,25,284875
20221128,15:23:56,43521.75,25,284875
20221128,15:24:02,43510.95,50,284875
20221128,15:24:12,43516.95,25,284875
20221128,15:24:22,43517.95,25,284875
20221128,15:24:26,43510.00,50,284875
20221128,15:24:39,43505.45,125,284800
20221128,15:24:49,43512.85,25,284800
20221128,15:24:53,43505.10,25,284800
20221128,15:24:56,43511.60,50,284800
20221128,15:25:30,43506.00,175,284800
20221128,15:25:35,43505.15,25,284800
20221128,15:25:38,43501.00,50,284800
20221128,15:25:55,43500.10,75,284800
20221128,15:26:04,43500.25,25,284800
20221128,15:26:08,43500.00,100,284800
20221128,15:26:09,43500.25,25,284800
20221128,15:26:14,43501.00,25,284800
20221128,15:26:19,43502.00,25,284800
20221128,15:26:31,43507.75,50,284800
20221128,15:26:45,43514.35,25,284800
20221128,15:26:50,43520.10,25,284800
20221128,15:27:01,43520.10,25,284800
20221128,15:27:06,43520.10,25,284800
20221128,15:27:08,43520.10,50,284800
20221128,15:27:09,43512.45,25,284800
20221128,15:27:14,43510.15,25,284800
20221128,15:27:22,43510.00,25,284800
20221128,15:27:23,43518.85,75,284800
20221128,15:27:36,43510.05,125,284900
20221128,15:27:38,43517.45,25,284900
20221128,15:28:17,43517.45,25,284900
20221128,15:28:36,43514.70,25,284900
20221128,15:29:02,43513.15,50,284900
20221128,15:29:03,43513.15,50,284900
20221128,15:29:19,43514.55,50,284900
20221128,15:29:24,43513.00,250,284900
20221128,15:29:39,43516.10,25,284900
20221128,15:29:47,43515.00,25,284900
20221128,15:29:49,43515.90,25,284900
20221128,15:29:53,43509.00,175,284900
20221128,15:29:57,43515.05,25,284900
