20221128,09:15:00,43050.05,1,2790325
20221128,09:15:00,43198.00,1,2790325
20221128,09:15:00,43111.05,1275,2790325
20221128,09:15:01,43108.30,1575,2790325
20221128,09:15:02,43110.60,1950,2790325
20221128,09:15:03,43106.45,350,2790325
20221128,09:15:04,43115.10,1275,2790325
20221128,09:15:06,43127.05,1850,2790325
20221128,09:15:07,43131.70,525,2790325
20221128,09:15:08,43114.65,2725,2790325
20221128,09:15:10,43130.25,1850,2790325
20221128,09:15:11,43147.95,725,2790325
20221128,09:15:13,43139.90,1125,2790325
20221128,09:15:14,43146.75,1475,2790325
20221128,09:15:15,43133.55,325,2790325
20221128,09:15:17,43129.95,1150,2790325
20221128,09:15:18,43119.65,1350,2790325
20221128,09:15:19,43114.65,1200,2790325
20221128,09:15:21,43112.90,500,2790325
20221128,09:15:22,43124.80,1700,2790325
20221128,09:15:23,43128.45,575,2790325
20221128,09:15:25,43121.65,250,2790325
20221128,09:15:26,43122.50,425,2790325
20221128,09:15:28,43120.15,600,2790325
20221128,09:15:29,43123.65,900,2790325
20221128,09:15:30,43110.00,1100,2790325
20221128,09:15:32,43115.05,850,2790325
20221128,09:15:33,43112.55,1400,2790325
20221128,09:15:34,43113.40,875,2790325
20221128,09:15:36,43110.40,575,2790325
20221128,09:15:37,43106.60,1100,2790325
20221128,09:15:39,43115.65,2025,2790325
20221128,09:15:40,43111.10,550,2790325
20221128,09:15:42,43115.00,850,2790325
20221128,09:15:43,43113.75,475,2790325
20221128,09:15:44,43107.50,1200,2790325
20221128,09:15:46,43100.40,600,2790325
20221128,09:15:47,43100.05,500,2790325
20221128,09:15:48,43107.85,1275,2790325
20221128,09:15:50,43100.00,1350,2790325
20221128,09:15:51,43106.70,925,2790325
20221128,09:15:53,43102.35,625,2790325
20221128,09:15:54,43115.85,2000,2790325
20221128,09:15:55,43115.95,150,2790325
20221128,09:15:57,43113.10,300,2790325
20221128,09:15:58,43110.75,1100,2790325
20221128,09:15:59,43105.00,800,2790325
20221128,09:16:01,43104.70,425,2790325
20221128,09:16:02,43108.15,350,2790325
20221128,09:16:04,43110.15,675,2790325
20221128,09:16:05,43115.15,450,2790325
20221128,09:16:06,43116.95,1625,2790325
20221128,09:16:08,43126.15,800,2790325
20221128,09:16:09,43129.90,825,2790325
20221128,09:16:10,43126.65,1375,2790325
20221128,09:16:12,43123.20,1475,2790325
20221128,09:16:13,43113.40,1400,2790325
20221128,09:16:15,43110.25,600,2790325
20221128,09:16:16,43120.45,350,2790325
20221128,09:16:17,43123.10,2050,2790325
20221128,09:16:19,43118.00,825,2790325
20221128,09:16:20,43117.50,1750,2790325
20221128,09:16:21,43125.70,1450,2790325
20221128,09:16:23,43127.85,475,2790325
20221128,09:16:24,43118.35,450,2790325
20221128,09:16:26,43118.35,3350,2790325
20221128,09:16:27,43115.35,325,2790325
20221128,09:16:28,43114.40,550,2790325
20221128,09:16:30,43109.50,3675,2790325
20221128,09:16:31,43110.00,575,2790325
20221128,09:16:33,43110.10,1075,2790325
20221128,09:16:34,43114.60,1325,2790325
20221128,09:16:35,43110.00,825,2790325
20221128,09:16:37,43110.00,125,2790325
20221128,09:16:38,43111.40,425,2790325
20221128,09:16:40,43110.00,350,2790325
20221128,09:16:41,43110.00,575,2790325
20221128,09:16:42,43106.00,200,2790325
20221128,09:16:44,43109.55,825,2790325
20221128,09:16:45,43110.00,575,2790325
20221128,09:16:46,43114.80,775,2790325
20221128,09:16:48,43113.50,100,2790325
20221128,09:16:49,43113.25,775,2790325
20221128,09:16:51,43110.00,75,2790325
20221128,09:16:52,43114.45,300,2790325
20221128,09:16:53,43114.60,75,2790325
20221128,09:16:55,43110.65,325,2790325
20221128,09:16:58,43110.50,200,2790325
20221128,09:16:59,43122.50,550,2790325
20221128,09:17:00,43123.25,75,2790325
20221128,09:17:02,43117.90,625,2790325
20221128,09:17:03,43115.60,225,2790325
20221128,09:17:05,43116.75,375,2790325
20221128,09:17:06,43113.90,50,2790325
20221128,09:17:07,43119.95,175,2790325
20221128,09:17:09,43125.15,525,2790325
20221128,09:17:10,43122.70,75,2790325
20221128,09:17:12,43120.45,375,2790325
20221128,09:17:13,43118.85,100,2790325
20221128,09:17:14,43126.70,100,2790325
20221128,09:17:16,43126.90,150,2790325
20221128,09:17:17,43124.70,325,2790325
20221128,09:17:19,43122.95,500,2794275
20221128,09:17:20,43119.00,725,2794275
20221128,09:17:21,43121.20,1550,2794275
20221128,09:17:23,43123.10,625,2794275
20221128,09:17:24,43121.60,50,2794275
20221128,09:17:26,43121.55,250,2794275
20221128,09:17:27,43122.85,25,2794275
20221128,09:17:28,43119.95,325,2794275
20221128,09:17:30,43119.40,225,2794275
20221128,09:17:31,43120.45,75,2794275
20221128,09:17:33,43121.20,100,2794275
20221128,09:17:34,43119.85,50,2794275
20221128,09:17:36,43121.20,875,2794275
20221128,09:17:38,43128.05,225,2794275
20221128,09:17:39,43124.35,225,2794275
20221128,09:17:41,43127.95,225,2794275
20221128,09:17:43,43120.00,450,2794275
20221128,09:17:44,43125.00,275,2794275
20221128,09:17:46,43125.00,225,2794275
20221128,09:17:48,43125.00,325,2794275
20221128,09:17:49,43122.95,350,2794275
20221128,09:17:51,43124.35,125,2794275
20221128,09:17:52,43121.00,175,2794275
20221128,09:17:54,43124.35,175,2794275
20221128,09:17:56,43122.20,175,2794275
20221128,09:17:57,43124.65,225,2794275
20221128,09:17:59,43124.65,300,2794275
20221128,09:18:00,43125.00,800,2794275
20221128,09:18:02,43127.95,300,2794275
20221128,09:18:04,43130.00,350,2794275
20221128,09:18:05,43124.75,275,2794275
20221128,09:18:07,43135.90,875,2794275
20221128,09:18:09,43132.40,275,2794275
20221128,09:18:10,43134.35,250,2794275
20221128,09:18:12,43135.70,125,2794275
20221128,09:18:13,43140.10,300,2794275
20221128,09:18:15,43138.75,725,2794275
20221128,09:18:17,43142.25,150,2794275
20221128,09:18:18,43139.15,475,2794275
20221128,09:18:20,43135.00,975,2794275
20221128,09:18:22,43129.85,325,2794275
20221128,09:18:23,43129.60,750,2794275
20221128,09:18:25,43130.00,300,2794275
20221128,09:18:26,43136.80,1175,2794275
20221128,09:18:28,43135.00,325,2794275
20221128,09:18:30,43131.10,250,2794275
20221128,09:18:31,43133.85,575,2794275
20221128,09:18:33,43131.00,200,2794275
20221128,09:18:34,43132.40,1000,2794275
20221128,09:18:36,43130.00,100,2794275
20221128,09:18:38,43130.40,550,2794275
20221128,09:18:39,43130.00,75,2794275
20221128,09:18:41,43129.65,400,2794275
20221128,09:18:43,43129.10,450,2794275
20221128,09:18:44,43132.40,275,2794275
20221128,09:18:46,43132.40,150,2794275
20221128,09:18:47,43132.95,150,2794275
20221128,09:18:49,43132.40,350,2794275
20221128,09:18:51,43131.05,275,2794275
20221128,09:18:52,43131.05,75,2794275
20221128,09:18:54,43132.60,500,2794275
20221128,09:18:56,43131.00,75,2794275
20221128,09:18:57,43134.80,1025,2794275
20221128,09:18:59,43135.00,475,2794275
20221128,09:19:01,43135.00,200,2794275
20221128,09:19:02,43144.00,1375,2794275
20221128,09:19:04,43149.90,2175,2794275
20221128,09:19:06,43151.00,775,2794275
20221128,09:19:07,43144.00,200,2794275
20221128,09:19:09,43145.10,350,2794275
20221128,09:19:10,43145.75,400,2794275
20221128,09:19:12,43144.30,625,2794275
20221128,09:19:14,43140.00,1225,2794275
20221128,09:19:15,43140.00,1675,2794275
20221128,09:19:17,43146.75,1450,2794275
20221128,09:19:19,43144.35,650,2794275
20221128,09:19:20,43143.55,1150,2794275
20221128,09:19:22,43151.85,2000,2794275
20221128,09:19:24,43148.65,600,2794275
20221128,09:19:25,43154.60,625,2794275
20221128,09:19:27,43151.90,50,2794275
20221128,09:19:29,43153.20,1325,2794275
20221128,09:19:30,43158.00,1475,2794275
20221128,09:19:32,43159.05,1600,2794275
20221128,09:19:33,43163.65,325,2794275
20221128,09:19:35,43161.15,1400,2794275
20221128,09:19:37,43161.15,50,2794275
20221128,09:19:38,43155.30,200,2794275
20221128,09:19:40,43155.30,550,2794275
20221128,09:19:42,43155.10,550,2794275
20221128,09:19:43,43155.05,1275,2794275
20221128,09:19:45,43153.20,250,2794275
20221128,09:19:46,43151.85,600,2794275
20221128,09:19:48,43151.85,875,2794275
20221128,09:19:50,43152.50,1350,2794275
20221128,09:19:51,43156.20,1025,2794275
20221128,09:19:53,43152.40,275,2794275
20221128,09:19:55,43150.00,1600,2794275
20221128,09:19:56,43150.90,450,2794275
20221128,09:19:58,43150.00,650,2794275
20221128,09:20:00,43150.00,300,2794275
20221128,09:20:01,43150.00,700,2794275
20221128,09:20:03,43157.35,1600,2794275
20221128,09:20:05,43155.60,6075,2794275
20221128,09:20:06,43159.05,1150,2794275
20221128,09:20:08,43157.70,1900,2794275
20221128,09:20:10,43154.30,675,2794275
20221128,09:20:11,43158.25,650,2794275
20221128,09:20:13,43158.25,200,2794275
20221128,09:20:14,43158.20,875,2794275
20221128,09:20:16,43158.25,425,2794275
20221128,09:20:17,43161.00,2300,2794275
20221128,09:20:19,43160.00,300,2809600
20221128,09:20:21,43164.00,25,2809600
20221128,09:20:22,43160.65,100,2809600
20221128,09:20:24,43164.35,275,2809600
20221128,09:20:26,43163.15,175,2809600
20221128,09:20:27,43161.15,250,2809600
20221128,09:20:29,43163.15,250,2809600
20221128,09:20:30,43163.15,475,2809600
20221128,09:20:32,43165.00,2025,2809600
20221128,09:20:33,43168.80,1625,2809600
20221128,09:20:35,43169.80,175,2809600
20221128,09:20:37,43174.50,175,2809600
20221128,09:20:38,43171.65,150,2809600
20221128,09:20:40,43173.65,1275,2809600
20221128,09:20:42,43177.90,675,2809600
20221128,09:20:43,43170.75,275,2809600
20221128,09:20:45,43178.10,1150,2809600
20221128,09:20:46,43175.00,50,2809600
20221128,09:20:48,43180.00,200,2809600
20221128,09:20:50,43178.85,300,2809600
20221128,09:20:51,43179.55,100,2809600
20221128,09:20:53,43177.95,625,2809600
20221128,09:20:54,43170.10,525,2809600
20221128,09:20:56,43173.85,150,2809600
20221128,09:20:58,43172.70,125,2809600
20221128,09:20:59,43172.00,225,2809600
20221128,09:21:01,43167.45,175,2809600
20221128,09:21:02,43167.35,275,2809600
20221128,09:21:04,43163.70,275,2809600
20221128,09:21:06,43161.00,100,2809600
20221128,09:21:07,43162.95,125,2809600
20221128,09:21:09,43160.00,150,2809600
20221128,09:21:11,43160.00,275,2809600
20221128,09:21:12,43161.00,150,2809600
20221128,09:21:14,43160.00,150,2809600
20221128,09:21:15,43160.00,125,2809600
20221128,09:21:17,43153.35,1275,2809600
20221128,09:21:19,43158.45,300,2809600
20221128,09:21:20,43150.05,1625,2809600
20221128,09:21:22,43145.95,150,2809600
20221128,09:21:24,43147.05,1875,2809600
20221128,09:21:25,43154.50,75,2809600
20221128,09:21:27,43149.30,125,2809600
20221128,09:21:28,43155.70,50,2809600
20221128,09:21:30,43148.80,25,2809600
20221128,09:21:31,43145.95,250,2809600
20221128,09:21:33,43145.00,150,2809600
20221128,09:21:35,43146.30,775,2809600
20221128,09:21:36,43146.30,200,2809600
20221128,09:21:38,43144.95,750,2809600
20221128,09:21:39,43142.95,500,2809600
20221128,09:21:41,43149.80,3075,2809600
20221128,09:21:43,43144.25,25,2809600
20221128,09:21:44,43145.00,75,2809600
20221128,09:21:46,43147.45,300,2809600
20221128,09:21:48,43146.50,300,2809600
20221128,09:21:49,43149.80,25,2809600
20221128,09:21:51,43151.20,300,2809600
20221128,09:21:52,43146.65,600,2809600
20221128,09:21:54,43145.55,150,2809600
20221128,09:21:56,43149.30,550,2809600
20221128,09:21:57,43143.75,425,2809600
20221128,09:21:59,43141.15,300,2809600
20221128,09:22:00,43143.75,25,2809600
20221128,09:22:02,43145.95,350,2809600
20221128,09:22:04,43145.95,700,2809600
20221128,09:22:05,43143.65,250,2809600
20221128,09:22:07,43140.00,500,2809600
20221128,09:22:10,43145.00,200,2809600
20221128,09:22:12,43147.35,125,2809600
20221128,09:22:13,43145.25,150,2809600
20221128,09:22:15,43138.00,950,2809600
20221128,09:22:17,43140.10,400,2809600
20221128,09:22:18,43134.75,600,2809600
20221128,09:22:20,43132.90,575,2809600
20221128,09:22:22,43131.75,75,2809600
20221128,09:22:23,43137.15,25,2809600
20221128,09:22:25,43137.95,75,2809600
20221128,09:22:26,43140.20,150,2809600
20221128,09:22:28,43141.45,125,2809600
20221128,09:22:30,43142.60,900,2809600
20221128,09:22:31,43137.70,225,2809600
20221128,09:22:33,43133.45,150,2809600
20221128,09:22:34,43136.40,25,2809600
20221128,09:22:36,43141.50,150,2809600
20221128,09:22:38,43141.50,25,2809600
20221128,09:22:39,43138.65,25,2809600
20221128,09:22:41,43135.00,275,2809600
20221128,09:22:43,43132.05,175,2809600
20221128,09:22:44,43130.40,75,2809600
20221128,09:22:46,43125.55,1650,2809600
20221128,09:22:48,43128.85,375,2809600
20221128,09:22:49,43127.50,125,2809600
20221128,09:22:51,43125.00,200,2809600
20221128,09:22:53,43126.05,525,2809600
20221128,09:22:54,43132.95,25,2809600
20221128,09:22:56,43132.25,125,2809600
20221128,09:22:58,43130.15,275,2809600
20221128,09:22:59,43132.00,75,2809600
20221128,09:23:01,43135.00,175,2809600
20221128,09:23:02,43137.45,125,2809600
20221128,09:23:04,43135.00,225,2809600
20221128,09:23:06,43136.60,50,2809600
20221128,09:23:07,43139.15,100,2809600
20221128,09:23:09,43139.35,100,2809600
20221128,09:23:10,43139.95,50,2809600
20221128,09:23:12,43135.55,150,2809600
20221128,09:23:13,43136.60,150,2809600
20221128,09:23:15,43139.10,75,2809600
20221128,09:23:17,43139.95,50,2809600
20221128,09:23:23,43138.60,925,2809125
20221128,09:23:25,43140.00,225,2809125
20221128,09:23:26,43139.00,75,2809125
20221128,09:23:28,43138.00,150,2809125
20221128,09:23:30,43131.70,575,2809125
20221128,09:23:31,43134.15,50,2809125
20221128,09:23:33,43133.20,225,2809125
20221128,09:23:34,43131.40,25,2809125
20221128,09:23:36,43135.25,75,2809125
20221128,09:23:38,43139.95,25,2809125
20221128,09:23:39,43143.15,175,2809125
20221128,09:23:41,43141.35,100,2809125
20221128,09:23:43,43137.65,950,2809125
20221128,09:23:44,43143.35,1275,2809125
20221128,09:23:46,43139.90,75,2809125
20221128,09:23:47,43144.00,25,2809125
20221128,09:23:49,43145.00,25,2809125
20221128,09:23:51,43145.00,50,2809125
20221128,09:23:52,43146.00,200,2809125
20221128,09:23:54,43146.10,25,2809125
20221128,09:23:55,43145.00,75,2809125
20221128,09:23:57,43146.10,25,2809125
20221128,09:23:59,43140.75,1075,2809125
20221128,09:24:02,43141.95,600,2809125
20221128,09:24:04,43143.05,525,2809125
20221128,09:24:05,43143.75,125,2809125
20221128,09:24:07,43134.35,450,2809125
20221128,09:24:08,43137.10,200,2809125
20221128,09:24:10,43135.60,50,2809125
20221128,09:24:12,43137.75,150,2809125
20221128,09:24:13,43136.85,150,2809125
20221128,09:24:15,43141.95,25,2809125
20221128,09:24:17,43141.95,50,2809125
20221128,09:24:18,43142.95,275,2809125
20221128,09:24:20,43137.75,100,2809125
20221128,09:24:24,43131.55,175,2809125
20221128,09:24:25,43137.70,25,2809125
20221128,09:24:27,43132.05,100,2809125
20221128,09:24:29,43135.15,50,2809125
20221128,09:24:30,43141.00,25,2809125
20221128,09:24:32,43135.35,50,2809125
20221128,09:24:33,43135.80,100,2809125
20221128,09:24:35,43131.85,325,2809125
20221128,09:24:37,43132.25,275,2809125
20221128,09:24:38,43139.80,25,2809125
20221128,09:24:40,43132.05,50,2809125
20221128,09:24:42,43138.55,75,2809125
20221128,09:24:43,43130.20,900,2809125
20221128,09:24:45,43133.45,125,2809125
20221128,09:24:48,43141.00,25,2809125
20221128,09:24:50,43143.00,75,2809125
20221128,09:24:52,43142.80,300,2809125
20221128,09:24:53,43137.15,25,2809125
20221128,09:24:55,43137.30,25,2809125
20221128,09:24:57,43137.45,100,2809125
20221128,09:24:58,43142.70,75,2809125
20221128,09:25:00,43139.90,250,2809125
20221128,09:25:03,43139.95,300,2809125
20221128,09:25:05,43137.65,450,2809125
20221128,09:25:07,43136.90,500,2809125
20221128,09:25:08,43136.35,125,2809125
20221128,09:25:10,43133.95,25,2809125
20221128,09:25:12,43136.35,100,2809125
20221128,09:25:15,43137.95,400,2809125
20221128,09:25:17,43138.45,25,2809125
20221128,09:25:18,43135.80,1200,2809125
20221128,09:25:23,43131.00,175,2809125
20221128,09:25:28,43134.75,175,2809125
20221128,09:25:30,43135.15,75,2809125
20221128,09:25:31,43135.00,50,2809125
20221128,09:25:36,43134.25,25,2809125
20221128,09:25:38,43135.00,25,2809125
20221128,09:25:39,43134.35,25,2809125
20221128,09:25:41,43136.90,250,2809125
20221128,09:25:43,43138.45,75,2809125
20221128,09:25:44,43133.05,200,2809125
20221128,09:25:46,43135.70,25,2809125
20221128,09:25:48,43136.00,50,2809125
20221128,09:25:53,43137.95,75,2809125
20221128,09:25:54,43136.00,25,2809125
20221128,09:25:56,43135.00,25,2809125
20221128,09:25:59,43135.05,150,2809125
20221128,09:26:01,43139.00,950,2809125
20221128,09:26:03,43140.00,225,2809125
20221128,09:26:06,43140.00,75,2809125
20221128,09:26:08,43139.30,100,2809125
20221128,09:26:09,43144.30,100,2809125
20221128,09:26:13,43144.00,50,2809125
20221128,09:26:14,43144.00,100,2809125
20221128,09:26:16,43145.00,50,2809125
20221128,09:26:18,43139.65,525,2809125
20221128,09:26:19,43140.85,225,2809125
20221128,09:26:21,43143.40,100,2809600
20221128,09:26:23,43144.00,175,2809600
20221128,09:26:26,43146.70,25,2809600
20221128,09:26:28,43150.00,125,2809600
20221128,09:26:29,43155.00,450,2809600
20221128,09:26:31,43154.95,100,2809600
20221128,09:26:33,43152.45,25,2809600
20221128,09:26:34,43154.00,75,2809600
20221128,09:26:36,43156.50,75,2809600
20221128,09:26:38,43153.20,25,2809600
20221128,09:26:39,43153.25,300,2809600
20221128,09:26:41,43152.85,50,2809600
20221128,09:26:43,43154.55,75,2809600
20221128,09:26:44,43153.00,25,2809600
20221128,09:26:46,43154.70,50,2809600
20221128,09:26:47,43152.35,50,2809600
20221128,09:26:49,43153.95,125,2809600
20221128,09:26:51,43155.00,75,2809600
20221128,09:26:52,43155.05,75,2809600
20221128,09:26:54,43157.00,175,2809600
20221128,09:26:55,43155.00,50,2809600
20221128,09:26:58,43159.60,75,2809600
20221128,09:27:00,43155.00,50,2809600
20221128,09:27:02,43155.30,275,2809600
20221128,09:27:03,43159.55,150,2809600
20221128,09:27:05,43157.30,1200,2809600
20221128,09:27:07,43163.85,25,2809600
20221128,09:27:08,43161.45,150,2809600
20221128,09:27:10,43167.85,225,2809600
20221128,09:27:12,43169.00,350,2809600
20221128,09:27:13,43167.95,225,2809600
20221128,09:27:15,43165.00,225,2809600
20221128,09:27:16,43169.90,675,2809600
20221128,09:27:18,43166.05,175,2809600
20221128,09:27:20,43169.90,125,2809600
20221128,09:27:21,43171.00,350,2809600
20221128,09:27:23,43172.65,25,2809600
20221128,09:27:28,43172.70,150,2809600
20221128,09:27:30,43170.00,50,2809600
20221128,09:27:31,43172.15,50,2809600
20221128,09:27:35,43172.70,25,2809600
20221128,09:27:36,43175.00,175,2809600
20221128,09:27:38,43175.00,125,2809600
20221128,09:27:40,43183.00,2325,2809600
20221128,09:27:41,43182.00,400,2809600
20221128,09:27:43,43183.00,400,2809600
20221128,09:27:45,43182.60,25,2809600
20221128,09:27:46,43187.00,500,2809600
20221128,09:27:48,43189.00,775,2809600
20221128,09:27:50,43189.40,75,2809600
20221128,09:27:51,43194.15,1025,2809600
20221128,09:27:53,43189.30,600,2809600
20221128,09:27:55,43189.85,200,2809600
20221128,09:27:56,43185.00,350,2809600
20221128,09:27:58,43182.60,125,2809600
20221128,09:28:00,43186.50,25,2809600
20221128,09:28:01,43182.05,150,2809600
20221128,09:28:03,43186.20,100,2809600
20221128,09:28:05,43185.10,125,2809600
20221128,09:28:06,43182.45,1075,2809600
20221128,09:28:08,43181.00,750,2809600
20221128,09:28:10,43179.45,500,2809600
20221128,09:28:11,43174.40,450,2809600
20221128,09:28:13,43173.05,100,2809600
20221128,09:28:15,43173.00,25,2809600
20221128,09:28:16,43174.95,75,2809600
20221128,09:28:18,43175.55,275,2809600
20221128,09:28:20,43179.10,100,2809600
20221128,09:28:21,43175.80,25,2809600
20221128,09:28:23,43178.95,50,2809600
20221128,09:28:25,43175.00,75,2809600
20221128,09:28:26,43171.05,125,2809600
20221128,09:28:30,43171.15,75,2809600
20221128,09:28:31,43171.15,75,2809600
20221128,09:28:33,43173.30,300,2809600
20221128,09:28:34,43170.00,400,2809600
20221128,09:28:36,43170.00,100,2809600
20221128,09:28:38,43174.05,650,2809600
20221128,09:28:39,43172.85,450,2809600
20221128,09:28:41,43165.15,25,2809600
20221128,09:28:43,43163.40,200,2809600
20221128,09:28:46,43169.00,50,2809600
20221128,09:28:48,43165.00,200,2809600
20221128,09:28:51,43167.05,25,2809600
20221128,09:28:53,43174.55,50,2809600
20221128,09:28:55,43170.00,25,2809600
20221128,09:28:58,43172.00,25,2809600
20221128,09:29:00,43167.70,200,2809600
20221128,09:29:01,43170.00,350,2809600
20221128,09:29:03,43175.00,150,2809600
20221128,09:29:05,43179.05,25,2809600
20221128,09:29:06,43180.00,125,2809600
20221128,09:29:08,43182.00,125,2809600
20221128,09:29:10,43176.40,350,2809600
20221128,09:29:11,43179.20,75,2809600
20221128,09:29:13,43180.10,50,2809600
20221128,09:29:15,43180.25,100,2809600
20221128,09:29:18,43188.85,1100,2809600
20221128,09:29:20,43187.75,125,2809600
20221128,09:29:21,43177.60,200,2814475
20221128,09:29:23,43186.95,100,2814475
20221128,09:29:25,43186.25,50,2814475
20221128,09:29:26,43184.95,125,2814475
20221128,09:29:28,43187.50,175,2814475
20221128,09:29:30,43188.80,250,2814475
20221128,09:29:31,43187.00,150,2814475
20221128,09:29:34,43181.50,100,2814475
20221128,09:29:38,43184.85,50,2814475
20221128,09:29:39,43184.20,150,2814475
20221128,09:29:43,43182.05,75,2814475
20221128,09:29:44,43184.20,50,2814475
20221128,09:29:46,43182.10,25,2814475
20221128,09:29:49,43181.25,175,2814475
20221128,09:29:51,43185.70,175,2814475
20221128,09:29:52,43179.20,625,2814475
20221128,09:29:54,43183.80,100,2814475
20221128,09:29:55,43177.35,50,2814475
20221128,09:29:57,43180.65,250,2814475
20221128,09:29:58,43185.00,25,2814475
20221128,09:30:00,43185.75,75,2814475
20221128,09:30:01,43181.25,200,2814475
20221128,09:30:03,43185.85,175,2814475
20221128,09:30:05,43183.15,225,2814475
20221128,09:30:08,43184.00,225,2814475
20221128,09:30:09,43184.90,100,2814475
20221128,09:30:11,43184.05,325,2814475
20221128,09:30:12,43182.00,550,2814475
20221128,09:30:14,43180.25,450,2814475
20221128,09:30:15,43178.00,250,2814475
20221128,09:30:17,43185.00,225,2814475
20221128,09:30:19,43180.80,775,2814475
20221128,09:30:20,43180.60,200,2814475
20221128,09:30:22,43181.05,100,2814475
20221128,09:30:23,43188.20,800,2814475
20221128,09:30:25,43187.20,250,2814475
20221128,09:30:27,43192.00,425,2814475
20221128,09:30:28,43195.00,350,2814475
20221128,09:30:30,43194.00,100,2814475
20221128,09:30:31,43192.10,175,2814475
20221128,09:30:33,43185.75,350,2814475
20221128,09:30:35,43193.85,200,2814475
20221128,09:30:36,43194.00,25,2814475
20221128,09:30:38,43195.00,100,2814475
20221128,09:30:40,43195.00,150,2814475
20221128,09:30:41,43195.00,25,2814475
20221128,09:30:43,43192.05,125,2814475
20221128,09:30:45,43192.55,225,2814475
20221128,09:30:46,43196.00,1225,2814475
20221128,09:30:48,43194.20,250,2814475
20221128,09:30:50,43192.45,75,2814475
20221128,09:30:51,43197.00,75,2814475
20221128,09:30:53,43197.00,50,2814475
20221128,09:30:55,43198.00,200,2814475
20221128,09:30:56,43197.30,125,2814475
20221128,09:30:58,43198.00,150,2814475
20221128,09:31:00,43192.00,425,2814475
20221128,09:31:02,43191.60,125,2814475
20221128,09:31:03,43190.85,75,2814475
20221128,09:31:05,43191.90,150,2814475
20221128,09:31:08,43194.95,325,2814475
20221128,09:31:10,43195.00,50,2814475
20221128,09:31:12,43196.00,125,2814475
20221128,09:31:13,43194.80,50,2814475
20221128,09:31:15,43194.20,225,2814475
20221128,09:31:16,43195.00,75,2814475
20221128,09:31:18,43194.25,25,2814475
20221128,09:31:20,43193.85,125,2814475
20221128,09:31:21,43193.25,50,2814475
20221128,09:31:23,43191.00,200,2814475
20221128,09:31:25,43190.00,25,2814475
20221128,09:31:26,43190.35,1075,2814475
20221128,09:31:28,43190.00,2975,2814475
20221128,09:31:30,43190.00,125,2814475
20221128,09:31:31,43192.70,150,2814475
20221128,09:31:33,43190.00,100,2814475
20221128,09:31:36,43190.10,75,2814475
20221128,09:31:39,43197.15,950,2814475
20221128,09:31:41,43196.25,50,2814475
20221128,09:31:44,43193.45,225,2814475
20221128,09:31:48,43198.00,75,2814475
20221128,09:31:49,43196.85,425,2814475
20221128,09:31:51,43190.00,450,2814475
20221128,09:31:53,43192.80,225,2814475
20221128,09:31:54,43190.00,1450,2814475
20221128,09:31:56,43192.50,100,2814475
20221128,09:31:58,43190.45,150,2814475
20221128,09:31:59,43190.45,200,2814475
20221128,09:32:01,43186.75,125,2814475
20221128,09:32:03,43184.05,175,2814475
20221128,09:32:04,43187.25,125,2814475
20221128,09:32:08,43184.75,1000,2814475
20221128,09:32:09,43182.95,100,2814475
20221128,09:32:11,43185.35,125,2814475
20221128,09:32:13,43180.10,100,2814475
20221128,09:32:14,43180.70,150,2814475
20221128,09:32:16,43183.75,100,2814475
20221128,09:32:18,43180.00,125,2814475
20221128,09:32:19,43180.15,1275,2814475
20221128,09:32:21,43178.00,325,2818700
20221128,09:32:23,43178.05,200,2818700
20221128,09:32:24,43176.50,425,2818700
20221128,09:32:26,43177.00,225,2818700
20221128,09:32:27,43174.00,25,2818700
20221128,09:32:29,43174.75,25,2818700
20221128,09:32:31,43177.05,375,2818700
20221128,09:32:32,43178.00,325,2818700
20221128,09:32:34,43180.00,25,2818700
20221128,09:32:35,43179.90,175,2818700
20221128,09:32:39,43181.45,50,2818700
20221128,09:32:40,43190.00,350,2818700
20221128,09:32:42,43186.15,75,2818700
20221128,09:32:43,43184.90,175,2818700
20221128,09:32:45,43191.65,100,2818700
20221128,09:32:47,43185.85,25,2818700
20221128,09:32:48,43190.00,25,2818700
20221128,09:32:52,43193.05,125,2818700
20221128,09:32:53,43194.55,175,2818700
20221128,09:32:55,43192.75,25,2818700
20221128,09:32:56,43192.85,125,2818700
20221128,09:32:58,43191.40,100,2818700
20221128,09:33:00,43190.75,25,2818700
20221128,09:33:01,43200.00,1275,2818700
20221128,09:33:03,43200.00,125,2818700
20221128,09:33:05,43204.45,450,2818700
20221128,09:33:06,43202.45,100,2818700
20221128,09:33:08,43194.80,25,2818700
20221128,09:33:09,43193.80,50,2818700
20221128,09:33:11,43198.40,525,2818700
20221128,09:33:13,43197.95,50,2818700
20221128,09:33:15,43198.35,50,2818700
20221128,09:33:16,43193.40,50,2818700
20221128,09:33:18,43198.80,275,2818700
20221128,09:33:20,43194.80,150,2818700
20221128,09:33:21,43196.05,50,2818700
20221128,09:33:23,43195.70,25,2818700
20221128,09:33:25,43193.60,125,2818700
20221128,09:33:26,43192.00,25,2818700
20221128,09:33:28,43190.05,75,2818700
20221128,09:33:30,43190.30,350,2818700
20221128,09:33:31,43185.00,50,2818700
20221128,09:33:33,43189.40,100,2818700
20221128,09:33:34,43185.00,150,2818700
20221128,09:33:36,43190.00,150,2818700
20221128,09:33:38,43190.00,300,2818700
20221128,09:33:39,43190.00,1075,2818700
20221128,09:33:41,43192.00,900,2818700
20221128,09:33:43,43189.40,150,2818700
20221128,09:33:44,43196.15,175,2818700
20221128,09:33:46,43201.65,275,2818700
20221128,09:33:47,43195.50,100,2818700
20221128,09:33:49,43195.45,75,2818700
20221128,09:33:51,43201.95,25,2818700
20221128,09:33:52,43196.10,225,2818700
20221128,09:33:54,43200.00,25,2818700
20221128,09:33:56,43196.10,125,2818700
20221128,09:33:57,43199.00,75,2818700
20221128,09:33:59,43202.00,100,2818700
20221128,09:34:00,43199.70,275,2818700
20221128,09:34:02,43204.00,225,2818700
20221128,09:34:04,43205.00,400,2818700
20221128,09:34:05,43202.35,150,2818700
20221128,09:34:07,43207.50,275,2818700
20221128,09:34:09,43202.85,175,2818700
20221128,09:34:10,43205.80,50,2818700
20221128,09:34:12,43205.00,200,2818700
20221128,09:34:14,43202.70,175,2818700
20221128,09:34:15,43201.65,300,2818700
20221128,09:34:17,43201.35,175,2818700
20221128,09:34:19,43200.65,300,2818700
20221128,09:34:20,43201.40,375,2818700
20221128,09:34:22,43198.35,1150,2818700
20221128,09:34:23,43197.35,425,2818700
20221128,09:34:25,43196.75,125,2818700
20221128,09:34:27,43197.20,775,2818700
20221128,09:34:28,43194.95,1350,2818700
20221128,09:34:30,43194.55,500,2818700
20221128,09:34:32,43188.15,50,2818700
20221128,09:34:33,43193.75,175,2818700
20221128,09:34:35,43187.00,225,2818700
20221128,09:34:36,43192.90,125,2818700
20221128,09:34:39,43194.25,50,2818700
20221128,09:34:41,43195.00,75,2818700
20221128,09:34:43,43190.00,25,2818700
20221128,09:34:44,43190.15,75,2818700
20221128,09:34:46,43195.00,100,2818700
20221128,09:34:47,43195.00,100,2818700
20221128,09:34:49,43195.00,175,2818700
20221128,09:34:50,43195.00,25,2818700
20221128,09:34:52,43195.00,50,2818700
20221128,09:34:54,43191.45,400,2818700
20221128,09:34:55,43193.35,150,2818700
20221128,09:34:57,43191.80,50,2818700
20221128,09:34:58,43194.80,975,2818700
20221128,09:35:00,43194.05,50,2818700
20221128,09:35:01,43194.85,125,2818700
20221128,09:35:03,43194.45,75,2818700
20221128,09:35:04,43194.95,50,2818700
20221128,09:35:06,43194.75,275,2818700
20221128,09:35:08,43195.00,75,2818700
20221128,09:35:09,43195.00,450,2818700
20221128,09:35:11,43194.85,225,2818700
20221128,09:35:12,43194.70,100,2818700
20221128,09:35:14,43192.75,150,2818700
20221128,09:35:15,43192.55,1050,2818700
20221128,09:35:17,43194.00,125,2818700
20221128,09:35:19,43195.00,150,2818700
20221128,09:35:20,43195.00,75,2818700
20221128,09:35:22,43194.05,25,2820125
20221128,09:35:23,43191.75,1125,2820125
20221128,09:35:25,43188.10,1875,2820125
20221128,09:35:27,43188.60,500,2820125
20221128,09:35:28,43188.00,225,2820125
20221128,09:35:30,43189.00,150,2820125
20221128,09:35:31,43188.65,100,2820125
20221128,09:35:33,43188.00,525,2820125
20221128,09:35:35,43182.25,25,2820125
20221128,09:35:36,43182.00,50,2820125
20221128,09:35:38,43179.65,800,2820125
20221128,09:35:39,43171.65,375,2820125
20221128,09:35:41,43170.55,75,2820125
20221128,09:35:43,43175.45,375,2820125
20221128,09:35:44,43172.30,75,2820125
20221128,09:35:46,43170.05,250,2820125
20221128,09:35:48,43170.85,175,2820125
20221128,09:35:49,43170.85,500,2820125
20221128,09:35:51,43173.55,275,2820125
20221128,09:35:52,43171.90,300,2820125
20221128,09:35:54,43171.10,225,2820125
20221128,09:35:56,43170.75,275,2820125
20221128,09:35:57,43171.95,250,2820125
20221128,09:35:59,43170.00,225,2820125
20221128,09:36:00,43170.00,150,2820125
20221128,09:36:02,43169.55,625,2820125
20221128,09:36:04,43168.95,200,2820125
20221128,09:36:05,43170.45,275,2820125
20221128,09:36:07,43172.10,400,2820125
20221128,09:36:08,43171.35,150,2820125
20221128,09:36:10,43170.45,100,2820125
20221128,09:36:12,43170.50,50,2820125
20221128,09:36:13,43170.50,125,2820125
20221128,09:36:15,43170.45,200,2820125
20221128,09:36:16,43170.50,150,2820125
20221128,09:36:18,43173.95,175,2820125
20221128,09:36:19,43170.45,1050,2820125
20221128,09:36:21,43170.20,150,2820125
20221128,09:36:23,43173.90,75,2820125
20221128,09:36:24,43172.00,25,2820125
20221128,09:36:26,43173.05,50,2820125
20221128,09:36:27,43173.00,50,2820125
20221128,09:36:29,43166.35,1125,2820125
20221128,09:36:31,43165.70,75,2820125
20221128,09:36:32,43164.55,350,2820125
20221128,09:36:34,43156.60,1350,2820125
20221128,09:36:36,43154.20,475,2820125
20221128,09:36:37,43159.15,400,2820125
20221128,09:36:39,43159.15,325,2820125
20221128,09:36:40,43156.60,450,2820125
20221128,09:36:42,43156.60,300,2820125
20221128,09:36:44,43160.00,400,2820125
20221128,09:36:45,43160.00,775,2820125
20221128,09:36:47,43156.00,75,2820125
20221128,09:36:48,43162.00,2100,2820125
20221128,09:36:50,43168.95,550,2820125
20221128,09:36:52,43167.55,50,2820125
20221128,09:36:53,43168.35,25,2820125
20221128,09:36:55,43163.75,300,2820125
20221128,09:36:56,43163.05,25,2820125
20221128,09:36:58,43163.05,25,2820125
20221128,09:37:00,43164.35,125,2820125
20221128,09:37:01,43168.00,50,2820125
20221128,09:37:03,43168.00,25,2820125
20221128,09:37:04,43164.75,575,2820125
20221128,09:37:06,43170.00,75,2820125
20221128,09:37:08,43170.00,100,2820125
20221128,09:37:09,43170.00,75,2820125
20221128,09:37:10,43170.00,50,2820125
20221128,09:37:12,43166.05,100,2820125
20221128,09:37:14,43175.00,625,2820125
20221128,09:37:15,43172.05,200,2820125
20221128,09:37:17,43173.45,125,2820125
20221128,09:37:18,43175.00,275,2820125
20221128,09:37:23,43178.00,150,2820125
20221128,09:37:25,43180.00,25,2820125
20221128,09:37:26,43174.55,175,2820125
20221128,09:37:28,43175.00,875,2820125
20221128,09:37:31,43180.00,50,2820125
20221128,09:37:34,43179.00,75,2820125
20221128,09:37:36,43180.00,25,2820125
20221128,09:37:38,43177.40,25,2820125
20221128,09:37:40,43182.00,1025,2820125
20221128,09:37:43,43191.65,1350,2820125
20221128,09:37:45,43192.40,25,2820125
20221128,09:37:46,43194.00,25,2820125
20221128,09:37:48,43192.85,200,2820125
20221128,09:37:50,43187.95,325,2820125
20221128,09:37:51,43184.75,125,2820125
20221128,09:37:54,43191.60,25,2820125
20221128,09:37:56,43190.20,25,2820125
20221128,09:37:58,43190.20,100,2820125
20221128,09:37:59,43189.10,100,2820125
20221128,09:38:01,43189.00,125,2820125
20221128,09:38:02,43190.50,25,2820125
20221128,09:38:04,43187.05,50,2820125
20221128,09:38:07,43188.05,50,2820125
20221128,09:38:09,43190.00,100,2820125
20221128,09:38:10,43190.00,25,2820125
20221128,09:38:12,43188.50,25,2820125
20221128,09:38:15,43189.65,200,2820125
20221128,09:38:16,43185.00,675,2820125
20221128,09:38:18,43189.70,1175,2820125
20221128,09:38:20,43190.00,150,2820125
20221128,09:38:21,43182.35,450,2820125
20221128,09:38:23,43180.10,300,2823925
20221128,09:38:24,43182.15,75,2823925
20221128,09:38:26,43175.05,475,2823925
20221128,09:38:28,43175.00,100,2823925
20221128,09:38:29,43174.75,300,2823925
20221128,09:38:31,43172.15,25,2823925
20221128,09:38:32,43171.30,150,2823925
20221128,09:38:34,43176.90,275,2823925
20221128,09:38:37,43177.65,350,2823925
20221128,09:38:39,43171.35,1575,2823925
20221128,09:38:41,43175.65,25,2823925
20221128,09:38:42,43187.70,925,2823925
20221128,09:38:44,43183.80,25,2823925
20221128,09:38:46,43184.60,100,2823925
20221128,09:38:47,43184.60,175,2823925
20221128,09:38:49,43177.05,575,2823925
20221128,09:38:51,43185.00,1750,2823925
20221128,09:38:52,43180.70,475,2823925
20221128,09:38:54,43182.15,1000,2823925
20221128,09:38:55,43185.00,400,2823925
20221128,09:38:57,43190.00,900,2823925
20221128,09:38:59,43190.00,925,2823925
20221128,09:39:00,43190.70,750,2823925
20221128,09:39:02,43195.00,450,2823925
20221128,09:39:04,43196.00,1400,2823925
20221128,09:39:05,43196.50,2750,2823925
20221128,09:39:07,43195.80,300,2823925
20221128,09:39:09,43195.35,825,2823925
20221128,09:39:10,43194.50,625,2823925
20221128,09:39:12,43195.00,150,2823925
20221128,09:39:14,43199.30,400,2823925
20221128,09:39:15,43194.45,175,2823925
20221128,09:39:17,43200.00,1375,2823925
20221128,09:39:19,43195.60,200,2823925
20221128,09:39:20,43197.95,250,2823925
20221128,09:39:22,43196.85,50,2823925
20221128,09:39:23,43195.00,1225,2823925
20221128,09:39:27,43194.95,375,2823925
20221128,09:39:28,43194.20,1100,2823925
20221128,09:39:30,43193.00,250,2823925
20221128,09:39:32,43197.65,1000,2823925
20221128,09:39:33,43194.20,100,2823925
20221128,09:39:37,43197.90,225,2823925
20221128,09:39:38,43186.60,725,2823925
20221128,09:39:40,43190.00,350,2823925
20221128,09:39:42,43190.00,525,2823925
20221128,09:39:45,43192.55,450,2823925
20221128,09:39:46,43186.80,50,2823925
20221128,09:39:48,43190.00,25,2823925
20221128,09:39:50,43185.80,125,2823925
20221128,09:39:51,43185.75,125,2823925
20221128,09:39:53,43180.00,300,2823925
20221128,09:39:57,43181.20,400,2823925
20221128,09:40:00,43180.00,250,2823925
20221128,09:40:02,43175.00,275,2823925
20221128,09:40:03,43174.10,600,2823925
20221128,09:40:05,43173.55,50,2823925
20221128,09:40:08,43177.20,150,2823925
20221128,09:40:10,43179.50,225,2823925
20221128,09:40:11,43179.40,225,2823925
20221128,09:40:13,43178.80,1000,2823925
20221128,09:40:15,43179.40,100,2823925
20221128,09:40:16,43172.00,50,2823925
20221128,09:40:18,43176.55,1275,2823925
20221128,09:40:20,43168.40,25,2823925
20221128,09:40:21,43176.55,925,2823925
20221128,09:40:25,43182.00,925,2823925
20221128,09:40:26,43182.10,925,2823925
20221128,09:40:28,43175.70,50,2823925
20221128,09:40:29,43181.90,1050,2823925
20221128,09:40:31,43175.70,50,2823925
20221128,09:40:34,43180.00,50,2823925
20221128,09:40:36,43184.20,950,2823925
20221128,09:40:38,43181.15,75,2823925
20221128,09:40:39,43180.00,50,2823925
20221128,09:40:41,43184.15,100,2823925
20221128,09:40:43,43188.10,900,2823925
20221128,09:40:44,43184.00,25,2823925
20221128,09:40:47,43185.00,100,2823925
20221128,09:40:49,43183.00,1050,2823925
20221128,09:40:52,43185.05,150,2823925
20221128,09:40:54,43185.95,925,2823925
20221128,09:40:56,43180.00,500,2823925
20221128,09:40:57,43180.00,400,2823925
20221128,09:40:59,43181.05,1225,2823925
20221128,09:41:01,43182.70,225,2823925
20221128,09:41:02,43182.70,225,2823925
20221128,09:41:04,43181.55,175,2823925
20221128,09:41:06,43181.15,125,2823925
20221128,09:41:07,43180.35,100,2823925
20221128,09:41:09,43182.70,875,2823925
20221128,09:41:11,43179.55,725,2823925
20221128,09:41:12,43180.05,75,2823925
20221128,09:41:16,43180.65,50,2823925
20221128,09:41:17,43180.00,125,2823925
20221128,09:41:19,43180.00,975,2823925
20221128,09:41:21,43180.00,25,2823925
20221128,09:41:26,43182.35,275,2844775
20221128,09:41:27,43180.00,50,2844775
20221128,09:41:29,43180.00,25,2844775
20221128,09:41:31,43181.15,275,2844775
20221128,09:41:32,43180.10,75,2844775
20221128,09:41:34,43179.50,25,2844775
20221128,09:41:36,43179.55,950,2844775
20221128,09:41:37,43176.00,50,2844775
20221128,09:41:39,43176.60,975,2844775
20221128,09:41:41,43180.80,375,2844775
20221128,09:41:42,43177.70,25,2844775
20221128,09:41:44,43173.85,975,2844775
20221128,09:41:45,43174.75,75,2844775
20221128,09:41:47,43182.90,450,2844775
20221128,09:41:49,43170.00,75,2844775
20221128,09:41:50,43172.70,25,2844775
20221128,09:41:52,43170.00,125,2844775
20221128,09:41:53,43173.70,75,2844775
20221128,09:41:55,43171.45,425,2844775
20221128,09:42:00,43173.05,25,2844775
20221128,09:42:02,43178.20,25,2844775
20221128,09:42:03,43175.95,75,2844775
20221128,09:42:08,43179.95,75,2844775
20221128,09:42:11,43177.15,25,2844775
20221128,09:42:13,43177.15,100,2844775
20221128,09:42:15,43178.75,25,2844775
20221128,09:42:16,43179.40,75,2844775
20221128,09:42:18,43185.00,575,2844775
20221128,09:42:21,43183.35,50,2844775
20221128,09:42:24,43183.70,300,2844775
20221128,09:42:26,43180.40,100,2844775
20221128,09:42:28,43174.75,100,2844775
20221128,09:42:29,43178.65,25,2844775
20221128,09:42:31,43179.05,75,2844775
20221128,09:42:32,43173.40,100,2844775
20221128,09:42:34,43176.00,25,2844775
20221128,09:42:37,43180.00,250,2844775
20221128,09:42:40,43174.75,50,2844775
20221128,09:42:42,43180.00,25,2844775
20221128,09:42:45,43178.90,100,2844775
20221128,09:42:47,43175.30,225,2844775
20221128,09:42:48,43170.00,125,2844775
20221128,09:42:50,43171.00,50,2844775
20221128,09:42:52,43166.00,25,2844775
20221128,09:42:53,43170.45,25,2844775
20221128,09:42:55,43170.60,25,2844775
20221128,09:42:58,43176.00,25,2844775
20221128,09:43:00,43170.00,125,2844775
20221128,09:43:03,43170.00,25,2844775
20221128,09:43:04,43166.25,25,2844775
20221128,09:43:06,43170.00,100,2844775
20221128,09:43:08,43170.00,50,2844775
20221128,09:43:09,43169.90,325,2844775
20221128,09:43:11,43170.00,25,2844775
20221128,09:43:12,43170.00,75,2844775
20221128,09:43:16,43168.00,25,2844775
20221128,09:43:17,43168.00,25,2844775
20221128,09:43:19,43170.00,525,2844775
20221128,09:43:20,43166.00,1375,2844775
20221128,09:43:22,43171.50,1450,2844775
20221128,09:43:24,43162.00,1000,2844775
20221128,09:43:25,43167.90,1000,2844775
20221128,09:43:28,43162.90,325,2844775
20221128,09:43:30,43160.55,75,2844775
20221128,09:43:32,43165.35,75,2844775
20221128,09:43:33,43160.35,50,2844775
20221128,09:43:35,43164.15,325,2844775
20221128,09:43:37,43166.15,25,2844775
20221128,09:43:38,43160.35,75,2844775
20221128,09:43:40,43165.55,75,2844775
20221128,09:43:42,43168.55,25,2844775
20221128,09:43:43,43165.70,250,2844775
20221128,09:43:47,43169.10,25,2844775
20221128,09:43:48,43168.55,100,2844775
20221128,09:43:50,43170.00,25,2844775
20221128,09:43:52,43174.35,225,2844775
20221128,09:43:55,43169.90,800,2844775
20221128,09:43:57,43176.75,75,2844775
20221128,09:43:58,43181.95,1150,2844775
20221128,09:44:00,43177.10,50,2844775
20221128,09:44:03,43178.50,325,2844775
20221128,09:44:06,43181.20,25,2844775
20221128,09:44:08,43176.75,25,2844775
20221128,09:44:11,43180.00,50,2844775
20221128,09:44:13,43180.00,25,2844775
20221128,09:44:15,43183.55,250,2844775
20221128,09:44:16,43180.00,275,2844775
20221128,09:44:20,43180.70,650,2844775
20221128,09:44:21,43180.20,25,2844775
20221128,09:44:23,43175.10,25,2844775
20221128,09:44:26,43180.00,25,2839700
20221128,09:44:30,43181.00,275,2839700
20221128,09:44:33,43179.75,50,2839700
20221128,09:44:36,43184.45,775,2839700
20221128,09:44:44,43182.90,150,2839700
20221128,09:44:46,43174.25,500,2839700
20221128,09:44:47,43178.25,75,2839700
20221128,09:44:49,43178.25,25,2839700
20221128,09:44:51,43178.25,25,2839700
20221128,09:44:52,43178.25,25,2839700
20221128,09:44:56,43178.30,75,2839700
20221128,09:44:59,43176.00,75,2839700
20221128,09:45:00,43171.20,250,2839700
20221128,09:45:02,43170.00,700,2839700
20221128,09:45:04,43170.20,450,2839700
20221128,09:45:07,43184.00,125,2839700
20221128,09:45:09,43188.25,475,2839700
20221128,09:45:10,43185.05,200,2839700
20221128,09:45:14,43194.20,150,2839700
20221128,09:45:15,43192.40,75,2839700
20221128,09:45:17,43192.95,125,2839700
20221128,09:45:18,43190.00,25,2839700
20221128,09:45:20,43176.90,975,2839700
20221128,09:45:22,43189.60,75,2839700
20221128,09:45:23,43189.55,125,2839700
20221128,09:45:25,43191.95,500,2839700
20221128,09:45:27,43191.20,200,2839700
20221128,09:45:28,43191.40,75,2839700
20221128,09:45:30,43192.10,125,2839700
20221128,09:45:32,43190.00,50,2839700
20221128,09:45:33,43189.60,25,2839700
20221128,09:45:36,43194.00,150,2839700
20221128,09:45:38,43194.00,175,2839700
20221128,09:45:40,43193.95,25,2839700
20221128,09:45:41,43192.15,200,2839700
20221128,09:45:43,43190.75,125,2839700
20221128,09:45:45,43185.00,25,2839700
20221128,09:45:49,43180.25,300,2839700
20221128,09:45:51,43183.30,25,2839700
20221128,09:45:53,43186.25,25,2839700
20221128,09:45:54,43185.00,25,2839700
20221128,09:45:58,43183.30,150,2839700
20221128,09:45:59,43184.50,25,2839700
20221128,09:46:01,43181.70,150,2839700
20221128,09:46:02,43176.20,100,2839700
20221128,09:46:04,43186.25,100,2839700
20221128,09:46:06,43180.00,25,2839700
20221128,09:46:07,43183.25,250,2839700
20221128,09:46:09,43182.50,25,2839700
20221128,09:46:11,43174.40,150,2839700
20221128,09:46:12,43177.40,175,2839700
20221128,09:46:14,43170.75,75,2839700
20221128,09:46:15,43170.00,300,2839700
20221128,09:46:17,43174.30,375,2839700
20221128,09:46:19,43172.85,50,2839700
20221128,09:46:22,43178.50,200,2839700
20221128,09:46:25,43178.40,375,2839700
20221128,09:46:27,43178.95,200,2839700
20221128,09:46:28,43177.95,50,2839700
20221128,09:46:30,43177.90,50,2839700
20221128,09:46:35,43174.20,50,2839700
20221128,09:46:37,43172.85,200,2839700
20221128,09:46:38,43170.70,25,2839700
20221128,09:46:40,43170.00,925,2839700
20221128,09:46:42,43165.00,100,2839700
20221128,09:46:43,43165.00,25,2839700
20221128,09:46:45,43164.30,150,2839700
20221128,09:46:47,43164.75,25,2839700
20221128,09:46:48,43163.00,50,2839700
20221128,09:46:50,43168.55,150,2839700
20221128,09:46:51,43168.60,250,2839700
20221128,09:46:56,43165.20,25,2839700
20221128,09:46:58,43170.00,250,2839700
20221128,09:46:59,43174.90,525,2839700
20221128,09:47:01,43174.95,50,2839700
20221128,09:47:03,43170.75,75,2839700
20221128,09:47:04,43174.95,50,2839700
20221128,09:47:07,43170.55,50,2839700
20221128,09:47:09,43170.00,225,2839700
20221128,09:47:10,43176.95,25,2839700
20221128,09:47:14,43176.00,275,2839700
20221128,09:47:15,43170.00,375,2839700
20221128,09:47:17,43165.00,25,2839700
20221128,09:47:20,43165.00,50,2839700
20221128,09:47:22,43167.45,225,2839700
20221128,09:47:25,43160.00,625,2838000
20221128,09:47:27,43162.95,25,2838000
20221128,09:47:28,43160.00,2225,2838000
20221128,09:47:30,43160.00,100,2838000
20221128,09:47:32,43156.55,25,2838000
20221128,09:47:33,43161.95,600,2838000
20221128,09:47:35,43157.75,550,2838000
20221128,09:47:37,43157.90,50,2838000
20221128,09:47:38,43158.35,150,2838000
20221128,09:47:40,43157.90,100,2838000
20221128,09:47:41,43165.20,525,2838000
20221128,09:47:45,43165.35,25,2838000
20221128,09:47:48,43164.40,25,2838000
20221128,09:47:51,43165.55,125,2838000
20221128,09:47:53,43164.25,75,2838000
20221128,09:47:55,43162.95,25,2838000
20221128,09:47:56,43166.00,75,2838000
20221128,09:48:00,43167.50,25,2838000
20221128,09:48:03,43170.00,200,2838000
20221128,09:48:04,43166.15,25,2838000
20221128,09:48:06,43169.50,75,2838000
20221128,09:48:11,43166.20,525,2838000
20221128,09:48:12,43167.10,50,2838000
20221128,09:48:14,43169.25,75,2838000
20221128,09:48:16,43166.15,200,2838000
20221128,09:48:17,43168.60,950,2838000
20221128,09:48:20,43165.00,50,2838000
20221128,09:48:22,43163.00,25,2838000
20221128,09:48:24,43167.55,200,2838000
20221128,09:48:25,43168.55,25,2838000
20221128,09:48:27,43162.75,50,2838000
20221128,09:48:30,43166.95,50,2838000
20221128,09:48:35,43165.30,25,2838000
20221128,09:48:38,43165.45,25,2838000
20221128,09:48:40,43167.35,75,2838000
20221128,09:48:41,43165.00,200,2838000
20221128,09:48:43,43167.75,50,2838000
20221128,09:48:45,43168.20,100,2838000
20221128,09:48:46,43168.15,25,2838000
20221128,09:48:48,43165.50,375,2838000
20221128,09:48:51,43167.00,150,2838000
20221128,09:49:01,43162.05,450,2838000
20221128,09:49:03,43165.45,25,2838000
20221128,09:49:04,43163.15,300,2838000
20221128,09:49:06,43169.95,50,2838000
20221128,09:49:07,43169.95,150,2838000
20221128,09:49:09,43167.45,100,2838000
20221128,09:49:11,43169.10,375,2838000
20221128,09:49:12,43170.00,350,2838000
20221128,09:49:14,43170.00,175,2838000
20221128,09:49:16,43170.00,125,2838000
20221128,09:49:17,43167.55,150,2838000
20221128,09:49:19,43170.00,200,2838000
20221128,09:49:21,43170.00,125,2838000
20221128,09:49:24,43174.95,600,2838000
20221128,09:49:26,43173.20,25,2838000
20221128,09:49:27,43174.80,25,2838000
20221128,09:49:31,43175.00,300,2838000
20221128,09:49:32,43179.95,50,2838000
20221128,09:49:34,43180.00,50,2838000
20221128,09:49:36,43183.25,325,2838000
20221128,09:49:37,43180.00,150,2838000
20221128,09:49:39,43177.15,25,2838000
20221128,09:49:41,43179.50,25,2838000
20221128,09:49:44,43171.35,25,2838000
20221128,09:49:49,43172.05,75,2838000
20221128,09:49:50,43172.00,300,2838000
20221128,09:49:52,43171.65,150,2838000
20221128,09:49:54,43167.45,25,2838000
20221128,09:50:00,43171.10,125,2838000
20221128,09:50:02,43174.40,200,2838000
20221128,09:50:04,43172.55,175,2838000
20221128,09:50:05,43172.20,200,2838000
20221128,09:50:07,43174.55,275,2838000
20221128,09:50:08,43172.20,25,2838000
20221128,09:50:10,43170.05,25,2838000
20221128,09:50:12,43170.05,25,2838000
20221128,09:50:13,43170.05,125,2838000
20221128,09:50:17,43170.00,425,2838000
20221128,09:50:18,43169.30,250,2838000
20221128,09:50:20,43164.10,125,2838000
20221128,09:50:22,43167.15,25,2838000
20221128,09:50:23,43167.20,100,2838000
20221128,09:50:26,43165.95,75,2840025
20221128,09:50:28,43165.10,100,2840025
20221128,09:50:30,43165.70,25,2840025
20221128,09:50:31,43160.35,125,2840025
20221128,09:50:33,43166.35,25,2840025
20221128,09:50:34,43164.55,25,2840025
20221128,09:50:36,43160.00,50,2840025
20221128,09:50:38,43160.00,75,2840025
20221128,09:50:39,43160.00,25,2840025
20221128,09:50:41,43160.00,400,2840025
20221128,09:50:42,43157.90,250,2840025
20221128,09:50:44,43159.45,225,2840025
20221128,09:50:46,43158.90,250,2840025
20221128,09:50:49,43159.45,50,2840025
20221128,09:50:51,43156.00,50,2840025
20221128,09:50:52,43156.00,50,2840025
20221128,09:50:55,43162.85,75,2840025
20221128,09:50:57,43160.00,25,2840025
20221128,09:50:59,43159.05,50,2840025
20221128,09:51:03,43159.45,75,2840025
20221128,09:51:05,43159.45,100,2840025
20221128,09:51:06,43161.25,75,2840025
20221128,09:51:08,43158.00,50,2840025
20221128,09:51:11,43150.00,900,2840025
20221128,09:51:13,43150.00,225,2840025
20221128,09:51:14,43155.00,50,2840025
20221128,09:51:16,43150.00,250,2840025
20221128,09:51:18,43155.80,75,2840025
20221128,09:51:19,43150.00,125,2840025
20221128,09:51:22,43150.00,325,2840025
20221128,09:51:24,43151.00,550,2840025
20221128,09:51:26,43152.50,700,2840025
20221128,09:51:27,43150.00,125,2840025
20221128,09:51:29,43150.00,50,2840025
20221128,09:51:30,43152.55,100,2840025
20221128,09:51:32,43151.50,50,2840025
20221128,09:51:35,43155.50,75,2840025
20221128,09:51:37,43151.95,25,2840025
20221128,09:51:40,43155.00,50,2840025
20221128,09:51:43,43152.20,100,2840025
20221128,09:51:50,43154.70,125,2840025
20221128,09:51:51,43155.00,100,2840025
20221128,09:51:53,43155.00,50,2840025
20221128,09:51:55,43158.30,125,2840025
20221128,09:51:56,43160.00,175,2840025
20221128,09:52:00,43161.30,50,2840025
20221128,09:52:01,43164.75,250,2840025
20221128,09:52:06,43159.25,150,2840025
20221128,09:52:09,43154.70,125,2840025
20221128,09:52:11,43154.70,50,2840025
20221128,09:52:12,43156.05,250,2840025
20221128,09:52:14,43156.05,100,2840025
20221128,09:52:16,43159.95,50,2840025
20221128,09:52:17,43158.45,25,2840025
20221128,09:52:20,43154.70,250,2840025
20221128,09:52:22,43154.70,175,2840025
20221128,09:52:23,43154.70,25,2840025
20221128,09:52:28,43152.00,450,2840025
20221128,09:52:29,43151.95,50,2840025
20221128,09:52:31,43151.95,25,2840025
20221128,09:52:32,43150.00,25,2840025
20221128,09:52:34,43150.00,75,2840025
20221128,09:52:35,43152.45,50,2840025
20221128,09:52:37,43150.00,900,2840025
20221128,09:52:40,43151.95,100,2840025
20221128,09:52:45,43150.00,75,2840025
20221128,09:52:47,43152.45,25,2840025
20221128,09:52:50,43152.70,75,2840025
20221128,09:52:51,43150.75,25,2840025
20221128,09:52:56,43152.70,75,2840025
20221128,09:52:58,43152.75,50,2840025
20221128,09:52:59,43150.00,975,2840025
20221128,09:53:01,43148.20,325,2840025
20221128,09:53:02,43147.70,150,2840025
20221128,09:53:04,43143.90,1775,2840025
20221128,09:53:06,43139.65,325,2840025
20221128,09:53:07,43138.45,200,2840025
20221128,09:53:09,43141.70,175,2840025
20221128,09:53:10,43143.00,175,2840025
20221128,09:53:14,43143.00,25,2840025
20221128,09:53:15,43142.45,375,2840025
20221128,09:53:17,43140.05,250,2840025
20221128,09:53:19,43142.40,225,2840025
20221128,09:53:20,43138.25,100,2840025
20221128,09:53:22,43141.70,125,2840025
20221128,09:53:23,43140.70,1600,2840025
20221128,09:53:25,43140.75,25,2834400
20221128,09:53:26,43142.05,250,2834400
20221128,09:53:28,43145.05,350,2834400
20221128,09:53:30,43143.90,400,2834400
20221128,09:53:31,43147.75,200,2834400
20221128,09:53:33,43148.35,75,2834400
20221128,09:53:36,43145.95,25,2834400
20221128,09:53:38,43146.95,475,2834400
20221128,09:53:39,43145.55,100,2834400
20221128,09:53:41,43141.65,950,2834400
20221128,09:53:43,43140.60,75,2834400
20221128,09:53:44,43145.35,175,2834400
20221128,09:53:46,43141.05,175,2834400
20221128,09:53:49,43145.20,250,2834400
20221128,09:53:51,43140.35,225,2834400
20221128,09:53:54,43138.35,50,2834400
20221128,09:53:56,43143.00,75,2834400
20221128,09:53:58,43145.85,200,2834400
20221128,09:53:59,43141.15,50,2834400
20221128,09:54:02,43145.45,600,2834400
20221128,09:54:04,43137.05,150,2834400
20221128,09:54:06,43137.00,25,2834400
20221128,09:54:07,43137.05,125,2834400
20221128,09:54:09,43140.45,100,2834400
20221128,09:54:11,43140.45,325,2834400
20221128,09:54:12,43140.45,150,2834400
20221128,09:54:14,43138.25,300,2834400
20221128,09:54:16,43138.50,75,2834400
20221128,09:54:19,43139.55,225,2834400
20221128,09:54:22,43144.10,50,2834400
20221128,09:54:24,43142.90,25,2834400
20221128,09:54:25,43141.85,25,2834400
20221128,09:54:27,43144.95,300,2834400
20221128,09:54:29,43144.95,100,2834400
20221128,09:54:30,43141.85,25,2834400
20221128,09:54:32,43144.95,100,2834400
20221128,09:54:34,43147.80,250,2834400
20221128,09:54:35,43142.00,50,2834400
20221128,09:54:37,43144.95,25,2834400
20221128,09:54:38,43145.25,50,2834400
20221128,09:54:40,43150.00,300,2834400
20221128,09:54:42,43146.85,50,2834400
20221128,09:54:43,43149.95,25,2834400
20221128,09:54:45,43145.95,75,2834400
20221128,09:54:47,43145.15,150,2834400
20221128,09:54:48,43145.95,25,2834400
20221128,09:54:50,43145.70,25,2834400
20221128,09:54:51,43145.15,25,2834400
20221128,09:54:53,43148.55,25,2834400
20221128,09:54:55,43147.30,25,2834400
20221128,09:54:56,43148.05,50,2834400
20221128,09:54:58,43147.10,125,2834400
20221128,09:54:59,43150.00,75,2834400
20221128,09:55:01,43148.30,75,2834400
20221128,09:55:03,43145.00,50,2834400
20221128,09:55:04,43145.00,75,2834400
20221128,09:55:07,43146.05,50,2834400
20221128,09:55:09,43147.00,25,2834400
20221128,09:55:10,43150.00,75,2834400
20221128,09:55:13,43150.00,125,2834400
20221128,09:55:15,43146.25,25,2834400
20221128,09:55:16,43145.75,50,2834400
20221128,09:55:19,43148.10,50,2834400
20221128,09:55:21,43145.00,50,2834400
20221128,09:55:23,43146.70,225,2834400
20221128,09:55:24,43145.75,150,2834400
20221128,09:55:26,43140.00,125,2834400
20221128,09:55:27,43144.90,250,2834400
20221128,09:55:29,43139.55,50,2834400
20221128,09:55:34,43145.90,425,2834400
20221128,09:55:35,43142.00,25,2834400
20221128,09:55:40,43137.30,325,2834400
20221128,09:55:43,43138.85,25,2834400
20221128,09:55:45,43139.45,25,2834400
20221128,09:55:48,43138.05,275,2834400
20221128,09:55:50,43138.25,150,2834400
20221128,09:55:51,43144.95,350,2834400
20221128,09:55:57,43142.55,225,2834400
20221128,09:55:59,43144.00,200,2834400
20221128,09:56:03,43144.00,25,2834400
20221128,09:56:05,43143.65,25,2834400
20221128,09:56:08,43145.95,150,2834400
20221128,09:56:10,43142.70,75,2834400
20221128,09:56:11,43145.85,25,2834400
20221128,09:56:13,43140.40,100,2834400
20221128,09:56:19,43140.00,225,2834400
20221128,09:56:20,43136.00,225,2834400
20221128,09:56:22,43138.65,100,2834400
20221128,09:56:23,43139.95,100,2834400
20221128,09:56:25,43137.15,25,2834875
20221128,09:56:28,43139.40,75,2834875
20221128,09:56:29,43138.95,225,2834875
20221128,09:56:30,43136.40,50,2834875
20221128,09:56:32,43136.70,25,2834875
20221128,09:56:33,43140.00,75,2834875
20221128,09:56:36,43137.30,50,2834875
20221128,09:56:38,43138.05,125,2834875
20221128,09:56:41,43138.00,525,2834875
20221128,09:56:44,43137.00,75,2834875
20221128,09:56:46,43137.00,250,2834875
20221128,09:56:47,43136.70,100,2834875
20221128,09:56:49,43136.70,75,2834875
20221128,09:56:50,43136.05,50,2834875
20221128,09:56:55,43136.70,575,2834875
20221128,09:56:56,43138.65,50,2834875
20221128,09:56:58,43139.00,250,2834875
20221128,09:56:59,43139.00,75,2834875
20221128,09:57:01,43139.40,75,2834875
20221128,09:57:02,43136.00,125,2834875
20221128,09:57:04,43138.00,50,2834875
20221128,09:57:06,43139.05,25,2834875
20221128,09:57:07,43140.00,50,2834875
20221128,09:57:09,43135.00,925,2834875
20221128,09:57:10,43141.95,175,2834875
20221128,09:57:12,43142.45,50,2834875
20221128,09:57:13,43141.25,100,2834875
20221128,09:57:15,43141.05,1175,2834875
20221128,09:57:17,43135.80,1425,2834875
20221128,09:57:18,43134.00,2075,2834875
20221128,09:57:20,43137.00,125,2834875
20221128,09:57:21,43136.90,600,2834875
20221128,09:57:23,43137.05,200,2834875
20221128,09:57:24,43141.85,25,2834875
20221128,09:57:26,43141.30,25,2834875
20221128,09:57:27,43141.65,100,2834875
20221128,09:57:29,43138.25,25,2834875
20221128,09:57:30,43141.70,50,2834875
20221128,09:57:32,43142.15,75,2834875
20221128,09:57:34,43142.45,675,2834875
20221128,09:57:35,43143.15,175,2834875
20221128,09:57:37,43141.35,100,2834875
20221128,09:57:38,43140.25,25,2834875
20221128,09:57:40,43140.00,100,2834875
20221128,09:57:42,43142.90,100,2834875
20221128,09:57:43,43139.95,50,2834875
20221128,09:57:45,43136.15,150,2834875
20221128,09:57:47,43132.00,25,2834875
20221128,09:57:50,43132.00,25,2834875
20221128,09:57:51,43135.05,300,2834875
20221128,09:57:53,43134.80,100,2834875
20221128,09:57:54,43127.00,2225,2834875
20221128,09:57:56,43120.55,2200,2834875
20221128,09:57:58,43121.10,625,2834875
20221128,09:57:59,43123.00,600,2834875
20221128,09:58:01,43120.00,550,2834875
20221128,09:58:02,43120.00,500,2834875
20221128,09:58:04,43124.95,375,2834875
20221128,09:58:05,43123.00,25,2834875
20221128,09:58:07,43121.00,125,2834875
20221128,09:58:08,43120.40,100,2834875
20221128,09:58:10,43121.80,150,2834875
20221128,09:58:11,43122.25,150,2834875
20221128,09:58:13,43122.60,100,2834875
20221128,09:58:14,43121.50,75,2834875
20221128,09:58:16,43125.00,225,2834875
20221128,09:58:18,43123.60,75,2834875
20221128,09:58:19,43122.65,150,2834875
20221128,09:58:20,43124.95,75,2834875
20221128,09:58:22,43125.00,200,2834875
20221128,09:58:23,43125.00,225,2834875
20221128,09:58:25,43123.65,50,2834875
20221128,09:58:26,43125.00,125,2834875
20221128,09:58:28,43124.20,50,2834875
20221128,09:58:30,43125.00,25,2834875
20221128,09:58:32,43126.15,150,2834875
20221128,09:58:34,43126.75,25,2834875
20221128,09:58:35,43133.50,75,2834875
20221128,09:58:37,43136.20,25,2834875
20221128,09:58:38,43132.20,25,2834875
20221128,09:58:42,43137.90,200,2834875
20221128,09:58:43,43137.85,125,2834875
20221128,09:58:45,43139.65,50,2834875
20221128,09:58:47,43132.25,1625,2834875
20221128,09:58:48,43137.15,675,2834875
20221128,09:58:50,43133.25,175,2834875
20221128,09:58:51,43138.75,250,2834875
20221128,09:58:55,43133.25,150,2834875
20221128,09:58:58,43139.60,275,2834875
20221128,09:58:59,43140.00,350,2834875
20221128,09:59:01,43140.00,175,2834875
20221128,09:59:03,43140.70,325,2834875
20221128,09:59:04,43141.90,75,2834875
20221128,09:59:06,43143.00,75,2834875
20221128,09:59:08,43140.00,50,2834875
20221128,09:59:14,43138.00,150,2834875
20221128,09:59:15,43139.05,50,2834875
20221128,09:59:17,43135.00,150,2834875
20221128,09:59:18,43135.00,75,2834875
20221128,09:59:20,43135.00,500,2834875
20221128,09:59:22,43133.05,225,2834875
20221128,09:59:23,43133.95,50,2834875
20221128,09:59:25,43133.05,25,2834875
20221128,09:59:26,43130.25,100,2833825
20221128,09:59:28,43130.05,125,2833825
20221128,09:59:30,43130.65,500,2833825
20221128,09:59:31,43126.15,225,2833825
20221128,09:59:33,43122.05,300,2833825
20221128,09:59:34,43126.60,150,2833825
20221128,09:59:36,43127.95,575,2833825
20221128,09:59:38,43125.00,125,2833825
20221128,09:59:39,43121.10,275,2833825
20221128,09:59:41,43126.75,150,2833825
20221128,09:59:43,43122.10,200,2833825
20221128,09:59:44,43122.20,75,2833825
20221128,09:59:46,43122.10,100,2833825
20221128,09:59:48,43121.25,25,2833825
20221128,09:59:51,43123.75,250,2833825
20221128,09:59:53,43124.60,200,2833825
20221128,09:59:54,43129.15,175,2833825
20221128,09:59:56,43126.70,175,2833825
20221128,09:59:58,43124.40,775,2833825
20221128,09:59:59,43124.15,50,2833825
20221128,10:00:01,43121.75,225,2833825
20221128,10:00:03,43120.75,325,2833825
20221128,10:00:04,43120.00,400,2833825
20221128,10:00:06,43120.75,425,2833825
20221128,10:00:07,43124.40,200,2833825
20221128,10:00:09,43125.35,175,2833825
20221128,10:00:11,43129.80,250,2833825
20221128,10:00:12,43127.90,50,2833825
20221128,10:00:14,43133.90,200,2833825
20221128,10:00:16,43128.00,75,2833825
20221128,10:00:17,43130.00,225,2833825
20221128,10:00:19,43130.00,150,2833825
20221128,10:00:21,43133.95,275,2833825
20221128,10:00:22,43130.90,50,2833825
20221128,10:00:24,43129.90,125,2833825
20221128,10:00:25,43136.95,275,2833825
20221128,10:00:27,43132.05,300,2833825
20221128,10:00:29,43132.65,275,2833825
20221128,10:00:30,43136.80,75,2833825
20221128,10:00:32,43131.15,125,2833825
20221128,10:00:34,43130.05,50,2833825
20221128,10:00:37,43130.05,250,2833825
20221128,10:00:40,43131.00,75,2833825
20221128,10:00:41,43131.00,50,2833825
20221128,10:00:43,43130.05,50,2833825
20221128,10:00:45,43130.05,50,2833825
20221128,10:00:46,43128.00,2150,2833825
20221128,10:00:48,43126.00,175,2833825
20221128,10:00:49,43123.00,500,2833825
20221128,10:00:51,43122.80,225,2833825
20221128,10:00:52,43125.00,375,2833825
20221128,10:00:54,43127.30,2600,2833825
20221128,10:00:56,43121.45,150,2833825
20221128,10:00:59,43121.55,175,2833825
20221128,10:01:02,43121.35,50,2833825
20221128,10:01:04,43121.70,150,2833825
20221128,10:01:05,43122.35,50,2833825
20221128,10:01:07,43122.30,200,2833825
20221128,10:01:08,43123.05,25,2833825
20221128,10:01:10,43128.95,25,2833825
20221128,10:01:11,43130.00,125,2833825
20221128,10:01:13,43135.85,325,2833825
20221128,10:01:15,43125.90,100,2833825
20221128,10:01:16,43130.05,125,2833825
20221128,10:01:18,43130.70,100,2833825
20221128,10:01:23,43130.80,125,2833825
20221128,10:01:24,43131.65,75,2833825
20221128,10:01:26,43132.00,100,2833825
20221128,10:01:28,43135.85,125,2833825
20221128,10:01:29,43140.00,100,2833825
20221128,10:01:31,43133.45,175,2833825
20221128,10:01:32,43144.15,25,2833825
20221128,10:01:34,43144.55,75,2833825
20221128,10:01:37,43135.60,25,2833825
20221128,10:01:39,43132.60,50,2833825
20221128,10:01:41,43139.55,50,2833825
20221128,10:01:44,43140.00,50,2833825
20221128,10:01:45,43140.00,25,2833825
20221128,10:01:47,43144.95,25,2833825
20221128,10:01:53,43144.00,25,2833825
20221128,10:01:56,43144.00,25,2833825
20221128,10:01:58,43144.00,50,2833825
20221128,10:02:00,43141.40,375,2833825
20221128,10:02:01,43140.05,125,2833825
20221128,10:02:03,43140.05,200,2833825
20221128,10:02:05,43144.90,25,2833825
20221128,10:02:06,43144.85,75,2833825
20221128,10:02:08,43144.00,50,2833825
20221128,10:02:09,43141.40,50,2833825
20221128,10:02:13,43140.05,150,2833825
20221128,10:02:14,43144.90,75,2833825
20221128,10:02:16,43145.00,50,2833825
20221128,10:02:18,43140.60,100,2833825
20221128,10:02:19,43141.05,75,2833825
20221128,10:02:21,43140.85,200,2833825
20221128,10:02:22,43140.05,150,2833825
20221128,10:02:24,43130.00,2075,2833825
20221128,10:02:26,43133.20,800,2833825
20221128,10:02:27,43133.65,425,2835700
20221128,10:02:29,43133.65,150,2835700
20221128,10:02:31,43130.00,75,2835700
20221128,10:02:32,43130.20,25,2835700
20221128,10:02:34,43130.45,25,2835700
20221128,10:02:37,43139.65,25,2835700
20221128,10:02:39,43140.05,100,2835700
20221128,10:02:40,43134.45,125,2835700
20221128,10:02:42,43134.40,50,2835700
20221128,10:02:44,43132.40,50,2835700
20221128,10:02:45,43134.35,25,2835700
20221128,10:02:47,43132.20,75,2835700
20221128,10:02:49,43134.35,50,2835700
20221128,10:02:50,43136.25,300,2835700
20221128,10:02:52,43135.05,75,2835700
20221128,10:02:55,43135.05,50,2835700
20221128,10:02:57,43135.05,75,2835700
20221128,10:02:58,43135.05,150,2835700
20221128,10:03:02,43134.30,225,2835700
20221128,10:03:03,43136.75,75,2835700
20221128,10:03:05,43130.00,50,2835700
20221128,10:03:06,43130.15,50,2835700
20221128,10:03:10,43130.00,50,2835700
20221128,10:03:11,43130.05,25,2835700
20221128,10:03:16,43130.00,25,2835700
20221128,10:03:17,43131.55,25,2835700
20221128,10:03:19,43131.45,50,2835700
20221128,10:03:22,43130.90,50,2835700
20221128,10:03:24,43130.00,25,2835700
20221128,10:03:25,43130.05,50,2835700
20221128,10:03:27,43130.05,125,2835700
20221128,10:03:28,43130.00,50,2835700
20221128,10:03:30,43135.00,200,2835700
20221128,10:03:31,43140.00,75,2835700
20221128,10:03:36,43133.10,125,2835700
20221128,10:03:38,43133.05,125,2835700
20221128,10:03:43,43135.55,25,2835700
20221128,10:03:44,43142.85,325,2835700
20221128,10:03:46,43135.70,75,2835700
20221128,10:03:48,43135.70,50,2835700
20221128,10:03:51,43135.00,50,2835700
20221128,10:03:53,43133.05,1175,2835700
20221128,10:03:54,43133.00,50,2835700
20221128,10:03:56,43135.00,100,2835700
20221128,10:03:57,43139.90,50,2835700
20221128,10:03:59,43139.90,25,2835700
20221128,10:04:01,43139.90,25,2835700
20221128,10:04:02,43139.25,100,2835700
20221128,10:04:04,43135.00,225,2835700
20221128,10:04:05,43135.00,225,2835700
20221128,10:04:07,43137.95,50,2835700
20221128,10:04:09,43139.90,50,2835700
20221128,10:04:10,43138.25,225,2835700
20221128,10:04:12,43139.50,150,2835700
20221128,10:04:14,43135.00,150,2835700
20221128,10:04:15,43138.30,50,2835700
20221128,10:04:17,43135.00,1125,2835700
20221128,10:04:20,43135.00,925,2835700
20221128,10:04:22,43139.90,625,2835700
20221128,10:04:23,43132.40,475,2835700
20221128,10:04:25,43135.05,50,2835700
20221128,10:04:28,43137.05,25,2835700
20221128,10:04:33,43137.05,25,2835700
20221128,10:04:34,43137.05,50,2835700
20221128,10:04:36,43137.05,50,2835700
20221128,10:04:37,43138.00,150,2835700
20221128,10:04:40,43137.05,25,2835700
20221128,10:04:42,43135.05,325,2835700
20221128,10:04:44,43135.05,25,2835700
20221128,10:04:45,43135.05,50,2835700
20221128,10:04:47,43138.00,75,2835700
20221128,10:04:48,43135.05,75,2835700
20221128,10:04:50,43135.05,25,2835700
20221128,10:04:52,43137.70,75,2835700
20221128,10:04:53,43135.00,100,2835700
20221128,10:04:55,43134.85,125,2835700
20221128,10:04:56,43138.75,125,2835700
20221128,10:04:58,43133.15,25,2835700
20221128,10:05:00,43138.95,75,2835700
20221128,10:05:06,43139.90,400,2835700
20221128,10:05:08,43135.05,75,2835700
20221128,10:05:09,43139.90,125,2835700
20221128,10:05:11,43140.70,325,2835700
20221128,10:05:13,43140.70,75,2835700
20221128,10:05:16,43140.70,200,2835700
20221128,10:05:19,43140.20,150,2835700
20221128,10:05:20,43139.80,50,2835700
20221128,10:05:23,43140.35,75,2835700
20221128,10:05:33,43145.00,300,2832650
20221128,10:05:34,43144.00,125,2832650
20221128,10:05:36,43144.00,200,2832650
20221128,10:05:37,43145.00,75,2832650
20221128,10:05:39,43144.65,25,2832650
20221128,10:05:40,43144.00,125,2832650
20221128,10:05:42,43144.00,50,2832650
20221128,10:05:43,43145.00,50,2832650
20221128,10:05:45,43145.00,75,2832650
20221128,10:05:46,43145.00,250,2832650
20221128,10:05:48,43141.85,150,2832650
20221128,10:05:49,43145.00,75,2832650
20221128,10:05:52,43145.00,25,2832650
20221128,10:05:55,43148.00,75,2832650
20221128,10:05:56,43148.60,25,2832650
20221128,10:05:58,43148.60,125,2832650
20221128,10:05:59,43148.60,275,2832650
20221128,10:06:00,43143.25,400,2832650
20221128,10:06:02,43148.70,100,2832650
20221128,10:06:03,43148.75,50,2832650
20221128,10:06:05,43147.95,25,2832650
20221128,10:06:06,43148.20,25,2832650
20221128,10:06:08,43146.75,50,2832650
20221128,10:06:09,43144.10,25,2832650
20221128,10:06:11,43144.95,75,2832650
20221128,10:06:16,43144.85,25,2832650
20221128,10:06:18,43144.95,125,2832650
20221128,10:06:21,43145.00,100,2832650
20221128,10:06:24,43144.65,125,2832650
20221128,10:06:25,43144.45,25,2832650
20221128,10:06:28,43140.05,125,2832650
20221128,10:06:30,43140.05,100,2832650
20221128,10:06:31,43141.60,25,2832650
20221128,10:06:33,43145.10,200,2832650
20221128,10:06:35,43145.10,50,2832650
20221128,10:06:49,43146.00,75,2832650
20221128,10:06:57,43156.50,1100,2832650
20221128,10:06:58,43152.00,50,2832650
20221128,10:07:00,43157.65,525,2832650
20221128,10:07:02,43155.45,100,2832650
20221128,10:07:05,43157.65,25,2832650
20221128,10:07:07,43158.00,125,2832650
20221128,10:07:08,43156.25,75,2832650
20221128,10:07:10,43158.00,200,2832650
20221128,10:07:11,43159.00,25,2832650
20221128,10:07:13,43159.15,25,2832650
20221128,10:07:16,43157.60,25,2832650
20221128,10:07:18,43157.70,1200,2832650
20221128,10:07:20,43159.00,50,2832650
20221128,10:07:21,43160.00,25,2832650
20221128,10:07:26,43155.00,150,2832650
20221128,10:07:28,43156.30,25,2832650
20221128,10:07:31,43155.00,25,2832650
20221128,10:07:33,43154.95,150,2832650
20221128,10:07:34,43150.10,225,2832650
20221128,10:07:36,43155.00,525,2832650
20221128,10:07:37,43151.00,100,2832650
20221128,10:07:39,43154.95,100,2832650
20221128,10:07:42,43154.95,25,2832650
20221128,10:07:43,43150.00,25,2832650
20221128,10:07:46,43151.00,50,2832650
20221128,10:07:48,43150.00,175,2832650
20221128,10:07:51,43148.00,25,2832650
20221128,10:07:53,43145.10,25,2832650
20221128,10:07:57,43150.00,50,2832650
20221128,10:07:59,43150.00,25,2832650
20221128,10:08:01,43146.75,900,2832650
20221128,10:08:02,43146.80,50,2832650
20221128,10:08:04,43150.00,25,2832650
20221128,10:08:05,43150.00,75,2832650
20221128,10:08:07,43150.00,100,2832650
20221128,10:08:08,43145.10,50,2832650
20221128,10:08:10,43145.00,100,2832650
20221128,10:08:11,43144.00,50,2832650
20221128,10:08:13,43144.00,50,2832650
20221128,10:08:20,43148.95,25,2832650
20221128,10:08:26,43146.00,50,2832650
20221128,10:08:28,43144.00,75,2832775
20221128,10:08:29,43144.00,250,2832775
20221128,10:08:31,43141.95,25,2832775
20221128,10:08:34,43146.95,100,2832775
20221128,10:08:36,43147.55,25,2832775
20221128,10:08:37,43143.05,125,2832775
20221128,10:08:47,43147.35,25,2832775
20221128,10:08:56,43148.00,25,2832775
20221128,10:08:59,43149.15,25,2832775
20221128,10:09:00,43149.85,50,2832775
20221128,10:09:02,43147.35,175,2832775
20221128,10:09:04,43149.85,125,2832775
20221128,10:09:05,43149.50,175,2832775
20221128,10:09:08,43146.65,200,2832775
20221128,10:09:12,43146.40,75,2832775
20221128,10:09:15,43141.00,100,2832775
20221128,10:09:18,43143.90,125,2832775
20221128,10:09:21,43145.10,25,2832775
20221128,10:09:23,43141.00,75,2832775
20221128,10:09:24,43141.00,75,2832775
20221128,10:09:26,43141.50,25,2832775
20221128,10:09:27,43145.10,75,2832775
20221128,10:09:29,43140.80,125,2832775
20221128,10:09:32,43140.50,550,2832775
20221128,10:09:33,43140.30,175,2832775
20221128,10:09:37,43147.85,50,2832775
20221128,10:09:38,43143.00,25,2832775
20221128,10:09:41,43140.10,75,2832775
20221128,10:09:43,43140.60,50,2832775
20221128,10:09:44,43141.05,100,2832775
20221128,10:09:47,43141.40,50,2832775
20221128,10:09:48,43142.40,50,2832775
20221128,10:09:54,43141.00,25,2832775
20221128,10:09:57,43140.60,225,2832775
20221128,10:09:59,43141.40,25,2832775
20221128,10:10:02,43140.50,300,2832775
20221128,10:10:07,43141.40,25,2832775
20221128,10:10:08,43141.40,75,2832775
20221128,10:10:10,43143.55,100,2832775
20221128,10:10:11,43142.05,25,2832775
20221128,10:10:17,43142.05,25,2832775
20221128,10:10:19,43142.05,350,2832775
20221128,10:10:20,43143.55,500,2832775
20221128,10:10:26,43145.00,100,2832775
20221128,10:10:28,43148.60,50,2832775
20221128,10:10:29,43145.15,25,2832775
20221128,10:10:31,43149.75,25,2832775
20221128,10:10:35,43149.85,100,2832775
20221128,10:10:37,43149.75,75,2832775
20221128,10:10:39,43149.85,100,2832775
20221128,10:10:40,43149.85,175,2832775
20221128,10:10:43,43152.00,175,2832775
20221128,10:10:45,43147.05,125,2832775
20221128,10:10:48,43148.05,100,2832775
20221128,10:10:52,43154.00,25,2832775
20221128,10:10:56,43153.80,25,2832775
20221128,10:10:59,43154.00,25,2832775
20221128,10:11:07,43153.80,25,2832775
20221128,10:11:09,43154.95,650,2832775
20221128,10:11:12,43154.95,50,2832775
20221128,10:11:19,43151.55,25,2832775
20221128,10:11:21,43151.00,50,2832775
20221128,10:11:27,43151.00,100,2832775
20221128,10:11:30,43150.05,600,2831750
20221128,10:11:34,43153.85,25,2831750
20221128,10:11:36,43149.60,525,2831750
20221128,10:11:37,43151.60,250,2831750
20221128,10:11:39,43150.00,25,2831750
20221128,10:11:46,43154.95,25,2831750
20221128,10:11:49,43152.15,25,2831750
20221128,10:11:54,43155.00,1525,2831750
20221128,10:11:56,43159.00,50,2831750
20221128,10:12:00,43160.00,275,2831750
20221128,10:12:02,43160.00,125,2831750
20221128,10:12:04,43158.50,75,2831750
20221128,10:12:07,43158.50,25,2831750
20221128,10:12:10,43158.50,400,2831750
20221128,10:12:12,43159.00,25,2831750
20221128,10:12:13,43164.90,75,2831750
20221128,10:12:17,43161.15,25,2831750
20221128,10:12:18,43161.20,50,2831750
20221128,10:12:20,43161.15,75,2831750
20221128,10:12:23,43165.95,75,2831750
20221128,10:12:24,43162.40,25,2831750
20221128,10:12:26,43162.45,525,2831750
20221128,10:12:27,43162.60,50,2831750
20221128,10:12:32,43168.35,50,2831750
20221128,10:12:34,43165.00,275,2831750
20221128,10:12:36,43169.95,100,2831750
20221128,10:12:37,43168.15,75,2831750
20221128,10:12:39,43169.20,25,2831750
20221128,10:12:42,43166.05,100,2831750
20221128,10:12:44,43170.00,875,2831750
20221128,10:12:45,43170.10,975,2831750
20221128,10:12:47,43165.40,100,2831750
20221128,10:12:48,43170.00,25,2831750
20221128,10:12:50,43165.60,50,2831750
20221128,10:12:51,43170.00,25,2831750
20221128,10:12:53,43170.00,100,2831750
20221128,10:12:58,43168.95,75,2831750
20221128,10:12:59,43165.25,875,2831750
20221128,10:13:01,43166.00,50,2831750
20221128,10:13:03,43165.40,25,2831750
20221128,10:13:06,43170.10,100,2831750
20221128,10:13:07,43170.00,25,2831750
20221128,10:13:09,43170.10,25,2831750
20221128,10:13:11,43175.00,175,2831750
20221128,10:13:12,43169.65,325,2831750
20221128,10:13:14,43169.35,1025,2831750
20221128,10:13:16,43166.95,175,2831750
20221128,10:13:19,43166.55,50,2831750
20221128,10:13:20,43166.35,100,2831750
20221128,10:13:22,43166.70,25,2831750
20221128,10:13:28,43162.40,25,2831750
20221128,10:13:33,43160.00,275,2831750
20221128,10:13:34,43158.00,50,2831750
20221128,10:13:36,43152.15,200,2831750
20221128,10:13:38,43154.00,50,2831750
20221128,10:13:39,43154.65,225,2831750
20221128,10:13:41,43160.00,25,2831750
20221128,10:13:46,43160.00,25,2831750
20221128,10:13:49,43157.15,125,2831750
20221128,10:13:52,43158.75,125,2831750
20221128,10:13:55,43162.40,100,2831750
20221128,10:13:58,43160.15,25,2831750
20221128,10:14:01,43160.00,125,2831750
20221128,10:14:03,43164.45,25,2831750
20221128,10:14:06,43160.50,50,2831750
20221128,10:14:08,43160.40,50,2831750
20221128,10:14:09,43165.55,25,2831750
20221128,10:14:12,43170.00,875,2831750
20221128,10:14:15,43163.05,50,2831750
20221128,10:14:17,43160.15,25,2831750
20221128,10:14:20,43163.05,125,2831750
20221128,10:14:21,43158.75,50,2831750
20221128,10:14:23,43160.15,100,2831750
20221128,10:14:26,43155.00,25,2831750
20221128,10:14:33,43158.70,25,2835975
20221128,10:14:34,43161.10,50,2835975
20221128,10:14:36,43155.65,25,2835975
20221128,10:14:39,43158.10,50,2835975
20221128,10:14:50,43158.10,25,2835975
20221128,10:14:52,43160.00,25,2835975
20221128,10:14:53,43162.85,50,2835975
20221128,10:14:55,43162.10,25,2835975
20221128,10:14:57,43164.15,75,2835975
20221128,10:15:01,43165.00,100,2835975
20221128,10:15:03,43160.00,125,2835975
20221128,10:15:05,43160.00,25,2835975
20221128,10:15:06,43164.30,250,2835975
20221128,10:15:11,43166.45,100,2835975
20221128,10:15:13,43164.30,50,2835975
20221128,10:15:14,43165.00,50,2835975
20221128,10:15:19,43166.40,25,2835975
20221128,10:15:21,43168.80,75,2835975
20221128,10:15:24,43170.00,125,2835975
20221128,10:15:27,43167.20,25,2835975
20221128,10:15:31,43165.60,125,2835975
20221128,10:15:33,43169.80,775,2835975
20221128,10:15:35,43168.95,100,2835975
20221128,10:15:38,43163.05,25,2835975
20221128,10:15:45,43167.80,25,2835975
20221128,10:15:48,43166.95,75,2835975
20221128,10:15:50,43168.20,75,2835975
20221128,10:15:54,43165.00,50,2835975
20221128,10:15:58,43167.50,75,2835975
20221128,10:15:59,43168.00,50,2835975
20221128,10:16:02,43168.00,25,2835975
20221128,10:16:04,43168.00,50,2835975
20221128,10:16:05,43168.95,50,2835975
20221128,10:16:08,43173.50,550,2835975
20221128,10:16:10,43170.15,50,2835975
20221128,10:16:12,43172.20,50,2835975
20221128,10:16:13,43164.20,125,2835975
20221128,10:16:15,43164.05,150,2835975
20221128,10:16:16,43170.40,150,2835975
20221128,10:16:21,43168.80,25,2835975
20221128,10:16:22,43168.30,25,2835975
20221128,10:16:24,43167.95,25,2835975
20221128,10:16:25,43168.55,50,2835975
20221128,10:16:27,43165.60,50,2835975
20221128,10:16:28,43170.25,25,2835975
20221128,10:16:34,43165.00,75,2835975
20221128,10:16:36,43162.00,150,2835975
20221128,10:16:40,43165.00,50,2835975
20221128,10:16:42,43165.00,50,2835975
20221128,10:16:44,43165.95,75,2835975
20221128,10:16:45,43162.00,475,2835975
20221128,10:16:47,43163.60,50,2835975
20221128,10:16:49,43160.00,25,2835975
20221128,10:16:50,43160.00,25,2835975
20221128,10:16:52,43160.00,425,2835975
20221128,10:16:57,43160.95,25,2835975
20221128,10:16:58,43162.00,25,2835975
20221128,10:17:05,43163.40,175,2835975
20221128,10:17:06,43160.05,100,2835975
20221128,10:17:08,43167.25,25,2835975
20221128,10:17:10,43163.40,25,2835975
20221128,10:17:25,43167.30,25,2835975
20221128,10:17:32,43163.00,25,2837600
20221128,10:17:34,43163.40,25,2837600
20221128,10:17:35,43163.00,100,2837600
20221128,10:17:38,43163.30,50,2837600
20221128,10:17:41,43160.00,25,2837600
20221128,10:17:44,43160.00,25,2837600
20221128,10:17:52,43163.40,25,2837600
20221128,10:17:55,43164.55,125,2837600
20221128,10:17:59,43163.25,25,2837600
20221128,10:18:05,43162.00,25,2837600
20221128,10:18:06,43160.40,25,2837600
20221128,10:18:10,43166.70,100,2837600
20221128,10:18:11,43167.00,500,2837600
20221128,10:18:16,43166.55,25,2837600
20221128,10:18:19,43166.10,150,2837600
20221128,10:18:23,43165.00,25,2837600
20221128,10:18:32,43162.10,25,2837600
20221128,10:18:36,43162.30,25,2837600
20221128,10:18:40,43162.80,25,2837600
20221128,10:18:42,43166.00,25,2837600
20221128,10:18:44,43166.70,125,2837600
20221128,10:18:48,43167.00,25,2837600
20221128,10:18:52,43168.00,75,2837600
20221128,10:18:53,43168.00,25,2837600
20221128,10:18:55,43170.00,75,2837600
20221128,10:18:56,43170.00,25,2837600
20221128,10:18:58,43172.00,50,2837600
20221128,10:19:00,43172.00,25,2837600
20221128,10:19:01,43173.40,50,2837600
20221128,10:19:03,43170.00,50,2837600
20221128,10:19:04,43170.00,75,2837600
20221128,10:19:08,43171.00,150,2837600
20221128,10:19:09,43168.00,50,2837600
20221128,10:19:11,43168.00,25,2837600
20221128,10:19:13,43170.00,25,2837600
20221128,10:19:14,43168.00,50,2837600
20221128,10:19:16,43168.00,50,2837600
20221128,10:19:22,43170.00,50,2837600
20221128,10:19:27,43168.00,25,2837600
20221128,10:19:30,43168.00,25,2837600
20221128,10:19:31,43174.00,500,2837600
20221128,10:19:33,43171.70,25,2837600
20221128,10:19:35,43174.55,75,2837600
20221128,10:19:40,43168.55,25,2837600
20221128,10:19:41,43174.00,25,2837600
20221128,10:19:43,43174.00,50,2837600
20221128,10:19:49,43173.15,100,2837600
20221128,10:19:52,43172.50,125,2837600
20221128,10:19:53,43169.05,25,2837600
20221128,10:19:55,43170.90,25,2837600
20221128,10:19:57,43169.00,50,2837600
20221128,10:20:01,43172.95,25,2837600
20221128,10:20:05,43172.35,25,2837600
20221128,10:20:17,43168.05,125,2837600
20221128,10:20:20,43169.90,50,2837600
20221128,10:20:27,43169.90,75,2837600
20221128,10:20:33,43169.90,75,2837600
20221128,10:20:35,43168.00,25,2837700
20221128,10:20:39,43168.00,75,2837700
20221128,10:20:41,43160.00,375,2837700
20221128,10:20:44,43164.95,50,2837700
20221128,10:20:46,43160.00,50,2837700
20221128,10:20:52,43160.15,25,2837700
20221128,10:20:54,43163.80,25,2837700
20221128,10:20:57,43160.00,25,2837700
20221128,10:20:59,43155.00,275,2837700
20221128,10:21:00,43155.00,25,2837700
20221128,10:21:02,43155.30,25,2837700
20221128,10:21:04,43155.35,25,2837700
20221128,10:21:10,43155.35,50,2837700
20221128,10:21:12,43150.00,375,2837700
20221128,10:21:13,43150.00,150,2837700
20221128,10:21:15,43150.00,25,2837700
20221128,10:21:17,43150.00,50,2837700
20221128,10:21:18,43150.00,25,2837700
20221128,10:21:20,43150.00,25,2837700
20221128,10:21:21,43155.00,75,2837700
20221128,10:21:23,43154.50,100,2837700
20221128,10:21:25,43153.10,50,2837700
20221128,10:21:26,43155.10,300,2837700
20221128,10:21:28,43154.75,550,2837700
20221128,10:21:31,43153.15,25,2837700
20221128,10:21:33,43154.35,25,2837700
20221128,10:21:34,43153.15,25,2837700
20221128,10:21:38,43156.00,50,2837700
20221128,10:21:41,43153.15,25,2837700
20221128,10:21:45,43155.00,25,2837700
20221128,10:21:49,43154.30,200,2837700
20221128,10:21:50,43155.00,25,2837700
20221128,10:21:52,43158.70,25,2837700
20221128,10:21:58,43156.05,50,2837700
20221128,10:22:01,43158.00,125,2837700
20221128,10:22:03,43159.95,50,2837700
20221128,10:22:06,43159.95,25,2837700
20221128,10:22:07,43159.95,25,2837700
20221128,10:22:09,43158.00,25,2837700
20221128,10:22:12,43159.85,25,2837700
20221128,10:22:14,43165.00,175,2837700
20221128,10:22:18,43165.35,25,2837700
20221128,10:22:20,43167.35,100,2837700
20221128,10:22:28,43173.35,800,2837700
20221128,10:22:29,43172.70,100,2837700
20221128,10:22:33,43170.05,25,2837700
20221128,10:22:36,43170.00,50,2837700
20221128,10:22:41,43171.75,150,2837700
20221128,10:22:42,43172.65,375,2837700
20221128,10:22:46,43170.05,25,2837700
20221128,10:22:47,43170.00,25,2837700
20221128,10:22:50,43173.00,25,2837700
20221128,10:22:53,43170.00,100,2837700
20221128,10:22:55,43170.00,100,2837700
20221128,10:22:57,43170.00,25,2837700
20221128,10:22:58,43164.25,25,2837700
20221128,10:23:00,43171.85,125,2837700
20221128,10:23:01,43171.85,25,2837700
20221128,10:23:03,43168.50,50,2837700
20221128,10:23:05,43170.10,50,2837700
20221128,10:23:06,43169.25,75,2837700
20221128,10:23:08,43170.00,25,2837700
20221128,10:23:09,43173.85,825,2837700
20221128,10:23:11,43186.40,1725,2837700
20221128,10:23:13,43186.50,75,2837700
20221128,10:23:14,43185.00,250,2837700
20221128,10:23:16,43183.00,200,2837700
20221128,10:23:18,43187.85,25,2837700
20221128,10:23:21,43182.65,25,2837700
20221128,10:23:23,43180.00,250,2837700
20221128,10:23:24,43188.15,125,2837700
20221128,10:23:26,43187.50,75,2837700
20221128,10:23:27,43187.85,25,2837700
20221128,10:23:29,43186.95,25,2837700
20221128,10:23:31,43182.00,50,2837700
20221128,10:23:32,43182.65,75,2837550
20221128,10:23:34,43186.75,75,2837550
20221128,10:23:37,43183.05,50,2837550
20221128,10:23:39,43180.00,100,2837550
20221128,10:23:41,43182.45,100,2837550
20221128,10:23:42,43182.70,100,2837550
20221128,10:23:47,43185.75,25,2837550
20221128,10:23:48,43186.70,25,2837550
20221128,10:23:53,43186.70,50,2837550
20221128,10:23:56,43185.85,75,2837550
20221128,10:23:58,43185.60,75,2837550
20221128,10:24:00,43186.30,25,2837550
20221128,10:24:04,43185.45,275,2837550
20221128,10:24:05,43188.95,100,2837550
20221128,10:24:07,43188.65,50,2837550
20221128,10:24:09,43189.95,225,2837550
20221128,10:24:10,43185.20,50,2837550
20221128,10:24:12,43190.00,400,2837550
20221128,10:24:13,43189.95,50,2837550
20221128,10:24:15,43190.00,100,2837550
20221128,10:24:16,43190.00,150,2837550
20221128,10:24:18,43190.00,100,2837550
20221128,10:24:19,43191.90,350,2837550
20221128,10:24:21,43190.00,100,2837550
20221128,10:24:22,43192.00,150,2837550
20221128,10:24:24,43193.00,100,2837550
20221128,10:24:25,43190.00,25,2837550
20221128,10:24:27,43190.00,25,2837550
20221128,10:24:28,43192.10,75,2837550
20221128,10:24:30,43190.00,25,2837550
20221128,10:24:31,43192.90,350,2837550
20221128,10:24:33,43192.00,25,2837550
20221128,10:24:34,43189.00,175,2837550
20221128,10:24:36,43191.30,125,2837550
20221128,10:24:37,43191.25,25,2837550
20221128,10:24:39,43191.25,100,2837550
20221128,10:24:40,43190.00,25,2837550
20221128,10:24:42,43190.40,325,2837550
20221128,10:24:44,43189.50,75,2837550
20221128,10:24:45,43189.50,100,2837550
20221128,10:24:47,43185.70,25,2837550
20221128,10:24:51,43189.00,50,2837550
20221128,10:24:53,43190.00,75,2837550
20221128,10:24:56,43190.00,50,2837550
20221128,10:24:58,43190.00,25,2837550
20221128,10:24:59,43184.85,25,2837550
20221128,10:25:01,43187.00,100,2837550
20221128,10:25:02,43189.55,325,2837550
20221128,10:25:04,43188.00,275,2837550
20221128,10:25:06,43191.80,125,2837550
20221128,10:25:07,43187.00,200,2837550
20221128,10:25:09,43195.00,825,2837550
20221128,10:25:11,43195.00,275,2837550
20221128,10:25:12,43190.75,75,2837550
20221128,10:25:14,43195.00,25,2837550
20221128,10:25:15,43193.00,75,2837550
20221128,10:25:17,43199.00,325,2837550
20221128,10:25:19,43191.00,150,2837550
20221128,10:25:22,43195.85,150,2837550
20221128,10:25:24,43196.15,125,2837550
20221128,10:25:25,43195.20,75,2837550
20221128,10:25:27,43190.00,75,2837550
20221128,10:25:28,43193.65,75,2837550
20221128,10:25:30,43194.55,25,2837550
20221128,10:25:32,43190.00,25,2837550
20221128,10:25:35,43197.30,100,2837550
20221128,10:25:36,43194.95,25,2837550
20221128,10:25:41,43194.75,100,2837550
20221128,10:25:43,43193.10,150,2837550
20221128,10:25:49,43192.05,25,2837550
20221128,10:25:50,43195.00,50,2837550
20221128,10:25:52,43194.45,150,2837550
20221128,10:25:53,43194.00,100,2837550
20221128,10:25:55,43192.00,275,2837550
20221128,10:25:56,43191.15,125,2837550
20221128,10:25:58,43190.00,75,2837550
20221128,10:26:00,43192.35,50,2837550
20221128,10:26:01,43192.40,50,2837550
20221128,10:26:03,43193.50,325,2837550
20221128,10:26:04,43192.70,25,2837550
20221128,10:26:06,43192.00,75,2837550
20221128,10:26:07,43190.00,325,2837550
20221128,10:26:09,43191.10,50,2837550
20221128,10:26:10,43190.00,25,2837550
20221128,10:26:12,43189.80,25,2837550
20221128,10:26:14,43188.45,50,2837550
20221128,10:26:18,43187.90,25,2837550
20221128,10:26:23,43186.95,25,2837550
20221128,10:26:25,43186.00,25,2837550
20221128,10:26:27,43183.20,100,2837550
20221128,10:26:28,43181.00,150,2837550
20221128,10:26:31,43181.05,50,2837575
20221128,10:26:33,43175.00,350,2837575
20221128,10:26:35,43175.00,75,2837575
20221128,10:26:36,43175.70,150,2837575
20221128,10:26:38,43181.00,25,2837575
20221128,10:26:41,43184.45,50,2837575
20221128,10:26:43,43181.70,50,2837575
20221128,10:26:52,43176.05,125,2837575
20221128,10:26:55,43181.00,25,2837575
20221128,10:26:57,43175.30,25,2837575
20221128,10:27:04,43180.00,25,2837575
20221128,10:27:09,43177.65,50,2837575
20221128,10:27:15,43177.30,75,2837575
20221128,10:27:16,43180.00,25,2837575
20221128,10:27:18,43183.00,50,2837575
20221128,10:27:19,43182.00,125,2837575
20221128,10:27:27,43183.05,50,2837575
20221128,10:27:29,43185.00,25,2837575
20221128,10:27:33,43183.05,25,2837575
20221128,10:27:35,43185.00,450,2837575
20221128,10:27:36,43187.10,25,2837575
20221128,10:27:44,43189.60,50,2837575
20221128,10:27:46,43185.00,50,2837575
20221128,10:27:47,43187.10,25,2837575
20221128,10:27:49,43189.35,75,2837575
20221128,10:27:50,43187.15,50,2837575
20221128,10:27:53,43183.20,25,2837575
20221128,10:27:55,43183.00,25,2837575
20221128,10:28:02,43183.00,250,2837575
20221128,10:28:04,43183.20,25,2837575
20221128,10:28:05,43182.65,25,2837575
20221128,10:28:07,43180.00,100,2837575
20221128,10:28:09,43175.70,75,2837575
20221128,10:28:12,43182.95,25,2837575
20221128,10:28:13,43183.00,25,2837575
20221128,10:28:15,43176.00,25,2837575
20221128,10:28:26,43183.95,225,2837575
20221128,10:28:34,43177.00,50,2837575
20221128,10:28:38,43180.20,25,2837575
20221128,10:28:40,43183.55,50,2837575
20221128,10:28:41,43180.20,50,2837575
20221128,10:28:43,43183.65,25,2837575
20221128,10:28:46,43180.20,50,2837575
20221128,10:28:47,43183.65,100,2837575
20221128,10:28:49,43182.45,125,2837575
20221128,10:28:52,43180.70,150,2837575
20221128,10:28:55,43180.20,50,2837575
20221128,10:28:59,43182.15,100,2837575
20221128,10:29:02,43178.35,75,2837575
20221128,10:29:03,43177.05,50,2837575
20221128,10:29:05,43181.35,25,2837575
20221128,10:29:07,43184.40,75,2837575
20221128,10:29:08,43180.20,125,2837575
20221128,10:29:10,43180.20,50,2837575
20221128,10:29:11,43180.00,25,2837575
20221128,10:29:13,43180.00,25,2837575
20221128,10:29:14,43180.00,25,2837575
20221128,10:29:16,43178.95,50,2837575
20221128,10:29:19,43177.00,25,2837575
20221128,10:29:24,43180.00,50,2837575
20221128,10:29:25,43180.00,100,2837575
20221128,10:29:27,43177.00,450,2837575
20221128,10:29:30,43175.15,25,2837575
20221128,10:29:32,43180.00,25,2837575
20221128,10:29:36,43175.00,25,2837575
20221128,10:29:38,43180.00,25,2837825
20221128,10:29:39,43175.00,25,2837825
20221128,10:29:41,43179.60,50,2837825
20221128,10:29:46,43178.50,50,2837825
20221128,10:29:47,43171.45,250,2837825
20221128,10:29:51,43174.70,175,2837825
20221128,10:29:52,43170.50,50,2837825
20221128,10:29:54,43173.60,50,2837825
20221128,10:29:55,43170.20,50,2837825
20221128,10:29:57,43170.50,25,2837825
20221128,10:30:00,43170.20,75,2837825
20221128,10:30:01,43168.20,100,2837825
20221128,10:30:03,43167.05,100,2837825
20221128,10:30:05,43170.20,75,2837825
20221128,10:30:06,43170.20,50,2837825
20221128,10:30:11,43161.00,325,2837825
20221128,10:30:13,43161.05,200,2837825
20221128,10:30:16,43165.00,50,2837825
20221128,10:30:17,43161.25,25,2837825
20221128,10:30:19,43161.05,50,2837825
20221128,10:30:21,43165.00,100,2837825
20221128,10:30:25,43163.85,100,2837825
20221128,10:30:27,43160.20,50,2837825
20221128,10:30:29,43161.00,125,2837825
20221128,10:30:30,43159.05,150,2837825
20221128,10:30:32,43158.00,100,2837825
20221128,10:30:33,43156.70,100,2837825
20221128,10:30:35,43157.75,75,2837825
20221128,10:30:40,43156.50,125,2837825
20221128,10:30:41,43156.50,50,2837825
20221128,10:30:43,43156.70,100,2837825
20221128,10:30:45,43157.05,150,2837825
20221128,10:30:47,43159.80,150,2837825
20221128,10:30:48,43159.20,200,2837825
20221128,10:30:50,43158.00,50,2837825
20221128,10:30:52,43155.00,300,2837825
20221128,10:30:53,43158.00,25,2837825
20221128,10:30:55,43158.00,50,2837825
20221128,10:30:56,43158.00,50,2837825
20221128,10:30:58,43155.00,100,2837825
20221128,10:31:00,43155.05,75,2837825
20221128,10:31:01,43159.55,25,2837825
20221128,10:31:03,43160.00,25,2837825
20221128,10:31:05,43160.20,100,2837825
20221128,10:31:06,43159.55,25,2837825
20221128,10:31:08,43163.40,300,2837825
20221128,10:31:09,43159.55,25,2837825
20221128,10:31:11,43160.00,75,2837825
20221128,10:31:14,43160.00,125,2837825
20221128,10:31:16,43162.75,25,2837825
20221128,10:31:19,43160.20,150,2837825
20221128,10:31:21,43158.00,75,2837825
20221128,10:31:22,43159.25,25,2837825
20221128,10:31:24,43163.40,50,2837825
20221128,10:31:26,43163.95,50,2837825
20221128,10:31:27,43164.80,25,2837825
20221128,10:31:30,43162.60,50,2837825
20221128,10:31:32,43161.35,25,2837825
20221128,10:31:38,43162.10,75,2837825
20221128,10:31:42,43165.00,100,2837825
20221128,10:31:44,43164.95,125,2837825
20221128,10:31:46,43162.10,75,2837825
20221128,10:31:51,43160.20,25,2837825
20221128,10:31:53,43161.65,50,2837825
20221128,10:31:54,43160.00,275,2837825
20221128,10:31:56,43157.25,25,2837825
20221128,10:31:58,43159.60,125,2837825
20221128,10:31:59,43159.20,100,2837825
20221128,10:32:01,43154.30,200,2837825
20221128,10:32:02,43151.95,50,2837825
20221128,10:32:04,43157.35,25,2837825
20221128,10:32:10,43155.20,250,2837825
20221128,10:32:12,43155.20,25,2837825
20221128,10:32:13,43155.20,25,2837825
20221128,10:32:15,43155.20,25,2837825
20221128,10:32:16,43155.00,25,2837825
20221128,10:32:19,43154.75,250,2837825
20221128,10:32:24,43155.00,125,2837825
20221128,10:32:27,43154.00,50,2837825
20221128,10:32:28,43155.60,50,2837825
20221128,10:32:31,43160.00,100,2837825
20221128,10:32:35,43155.20,25,2836675
20221128,10:32:36,43155.20,25,2836675
20221128,10:32:38,43153.00,150,2836675
20221128,10:32:41,43153.00,25,2836675
20221128,10:32:43,43151.60,175,2836675
20221128,10:32:47,43152.35,75,2836675
20221128,10:32:49,43151.15,125,2836675
20221128,10:32:50,43153.00,50,2836675
20221128,10:32:52,43155.20,1025,2836675
20221128,10:32:53,43154.00,25,2836675
20221128,10:33:01,43152.05,50,2836675
20221128,10:33:03,43151.20,150,2836675
20221128,10:33:06,43151.20,25,2836675
20221128,10:33:12,43154.00,25,2836675
20221128,10:33:17,43155.20,100,2836675
20221128,10:33:20,43155.25,25,2836675
20221128,10:33:21,43151.20,75,2836675
20221128,10:33:23,43152.00,25,2836675
20221128,10:33:25,43150.10,225,2836675
20221128,10:33:26,43150.00,700,2836675
20221128,10:33:28,43152.35,25,2836675
20221128,10:33:29,43150.20,25,2836675
20221128,10:33:34,43145.10,775,2836675
20221128,10:33:36,43145.10,50,2836675
20221128,10:33:39,43145.00,150,2836675
20221128,10:33:41,43145.00,50,2836675
20221128,10:33:42,43145.00,25,2836675
20221128,10:33:44,43149.00,100,2836675
20221128,10:33:46,43145.20,25,2836675
20221128,10:33:47,43149.00,75,2836675
20221128,10:33:49,43145.20,25,2836675
20221128,10:33:51,43145.20,25,2836675
20221128,10:33:54,43148.00,25,2836675
20221128,10:33:57,43146.95,150,2836675
20221128,10:34:00,43145.15,825,2836675
20221128,10:34:02,43145.15,125,2836675
20221128,10:34:04,43144.40,325,2836675
20221128,10:34:07,43144.40,50,2836675
20221128,10:34:10,43142.80,100,2836675
20221128,10:34:14,43142.15,25,2836675
20221128,10:34:15,43144.35,25,2836675
20221128,10:34:17,43140.20,125,2836675
20221128,10:34:18,43139.55,650,2836675
20221128,10:34:20,43136.00,100,2836675
20221128,10:34:22,43136.00,50,2836675
20221128,10:34:23,43136.00,25,2836675
20221128,10:34:25,43137.00,75,2836675
20221128,10:34:27,43139.95,75,2836675
20221128,10:34:28,43137.00,25,2836675
20221128,10:34:30,43137.00,25,2836675
20221128,10:34:32,43140.00,50,2836675
20221128,10:34:35,43140.00,150,2836675
20221128,10:34:36,43138.00,50,2836675
20221128,10:34:40,43140.00,100,2836675
20221128,10:34:41,43138.00,25,2836675
20221128,10:34:43,43137.00,75,2836675
20221128,10:34:44,43140.00,150,2836675
20221128,10:34:47,43140.00,125,2836675
20221128,10:34:49,43140.05,200,2836675
20221128,10:34:52,43137.95,175,2836675
20221128,10:34:56,43137.00,25,2836675
20221128,10:34:58,43140.00,25,2836675
20221128,10:35:00,43137.00,25,2836675
20221128,10:35:01,43137.70,600,2836675
20221128,10:35:03,43136.65,250,2836675
20221128,10:35:05,43134.00,75,2836675
20221128,10:35:06,43132.00,1000,2836675
20221128,10:35:08,43135.00,75,2836675
20221128,10:35:10,43136.20,125,2836675
20221128,10:35:11,43135.20,125,2836675
20221128,10:35:13,43136.35,50,2836675
20221128,10:35:14,43132.55,50,2836675
20221128,10:35:16,43133.35,50,2836675
20221128,10:35:18,43135.20,175,2836675
20221128,10:35:19,43135.20,75,2836675
20221128,10:35:21,43137.00,25,2836675
20221128,10:35:24,43135.20,350,2836675
20221128,10:35:27,43135.55,50,2836675
20221128,10:35:32,43140.00,125,2836675
20221128,10:35:33,43140.20,25,2833950
20221128,10:35:36,43142.00,25,2833950
20221128,10:35:38,43139.15,25,2833950
20221128,10:35:41,43140.20,75,2833950
20221128,10:35:43,43136.70,150,2833950
20221128,10:35:44,43144.40,150,2833950
20221128,10:35:47,43148.95,725,2833950
20221128,10:35:49,43146.65,75,2833950
20221128,10:35:51,43143.40,25,2833950
20221128,10:35:52,43144.40,25,2833950
20221128,10:35:54,43140.95,100,2833950
20221128,10:35:57,43147.25,50,2833950
20221128,10:36:04,43146.90,25,2833950
20221128,10:36:07,43141.80,25,2833950
20221128,10:36:09,43140.85,750,2833950
20221128,10:36:10,43150.00,75,2833950
20221128,10:36:12,43150.00,75,2833950
20221128,10:36:14,43151.00,325,2833950
20221128,10:36:17,43149.80,25,2833950
20221128,10:36:19,43150.50,75,2833950
20221128,10:36:20,43149.10,575,2833950
20221128,10:36:24,43143.80,450,2833950
20221128,10:36:25,43150.90,25,2833950
20221128,10:36:27,43151.85,25,2833950
20221128,10:36:30,43146.85,25,2833950
20221128,10:36:33,43147.40,25,2833950
20221128,10:36:35,43150.20,25,2833950
20221128,10:36:36,43150.20,25,2833950
20221128,10:36:40,43151.95,175,2833950
20221128,10:36:41,43152.30,100,2833950
20221128,10:36:43,43150.20,50,2833950
20221128,10:36:45,43152.00,25,2833950
20221128,10:36:46,43152.00,125,2833950
20221128,10:36:48,43154.50,125,2833950
20221128,10:36:55,43150.20,50,2833950
20221128,10:36:56,43150.20,100,2833950
20221128,10:36:59,43154.00,25,2833950
20221128,10:37:01,43148.40,50,2833950
20221128,10:37:04,43154.35,25,2833950
20221128,10:37:07,43150.00,50,2833950
20221128,10:37:10,43152.95,100,2833950
20221128,10:37:12,43152.55,25,2833950
20221128,10:37:14,43150.00,175,2833950
20221128,10:37:19,43146.00,25,2833950
20221128,10:37:20,43145.00,125,2833950
20221128,10:37:27,43145.20,50,2833950
20221128,10:37:33,43145.90,75,2833950
20221128,10:37:35,43145.00,300,2833950
20221128,10:37:43,43145.50,25,2833950
20221128,10:37:48,43145.20,825,2833950
20221128,10:37:51,43140.35,25,2833950
20221128,10:37:53,43145.00,25,2833950
20221128,10:37:54,43142.25,25,2833950
20221128,10:38:01,43149.00,50,2833950
20221128,10:38:02,43141.00,25,2833950
20221128,10:38:04,43145.15,100,2833950
20221128,10:38:05,43145.20,100,2833950
20221128,10:38:07,43140.00,25,2833950
20221128,10:38:13,43140.00,150,2833950
20221128,10:38:17,43145.75,50,2833950
20221128,10:38:24,43141.00,25,2833950
20221128,10:38:26,43141.05,75,2833950
20221128,10:38:27,43145.20,100,2833950
20221128,10:38:35,43145.20,100,2833525
20221128,10:38:37,43141.50,25,2833525
20221128,10:38:40,43140.20,725,2833525
20221128,10:38:47,43144.00,25,2833525
20221128,10:38:51,43146.00,100,2833525
20221128,10:38:54,43141.30,50,2833525
20221128,10:39:01,43141.40,250,2833525
20221128,10:39:04,43140.45,150,2833525
20221128,10:39:07,43144.75,175,2833525
20221128,10:39:11,43142.85,50,2833525
20221128,10:39:12,43145.00,25,2833525
20221128,10:39:14,43145.15,125,2833525
20221128,10:39:15,43145.50,125,2833525
20221128,10:39:17,43149.60,350,2833525
20221128,10:39:18,43149.95,25,2833525
20221128,10:39:20,43151.95,225,2833525
20221128,10:39:22,43146.85,75,2833525
20221128,10:39:23,43150.20,25,2833525
20221128,10:39:26,43141.65,2500,2833525
20221128,10:39:33,43150.20,100,2833525
20221128,10:39:36,43152.35,50,2833525
20221128,10:39:41,43154.35,100,2833525
20221128,10:39:42,43154.85,25,2833525
20221128,10:39:44,43154.95,25,2833525
20221128,10:39:46,43160.00,200,2833525
20221128,10:39:47,43158.00,25,2833525
20221128,10:39:49,43160.00,100,2833525
20221128,10:39:52,43156.75,25,2833525
20221128,10:39:54,43158.20,475,2833525
20221128,10:39:56,43160.00,100,2833525
20221128,10:39:57,43162.55,100,2833525
20221128,10:40:01,43163.60,200,2833525
20221128,10:40:02,43162.75,125,2833525
20221128,10:40:14,43157.35,25,2833525
20221128,10:40:17,43164.00,25,2833525
20221128,10:40:21,43165.00,100,2833525
20221128,10:40:22,43168.40,25,2833525
20221128,10:40:24,43168.75,25,2833525
20221128,10:40:26,43170.00,150,2833525
20221128,10:40:27,43170.10,125,2833525
20221128,10:40:29,43170.10,150,2833525
20221128,10:40:30,43170.00,25,2833525
20221128,10:40:32,43170.00,25,2833525
20221128,10:40:37,43170.10,50,2833525
20221128,10:40:40,43174.00,25,2833525
20221128,10:40:42,43175.00,175,2833525
20221128,10:40:43,43170.10,25,2833525
20221128,10:40:45,43170.00,50,2833525
20221128,10:40:48,43170.00,75,2833525
20221128,10:40:50,43169.00,75,2833525
20221128,10:40:53,43170.00,100,2833525
20221128,10:40:56,43170.00,25,2833525
20221128,10:40:57,43166.55,50,2833525
20221128,10:41:02,43169.25,75,2833525
20221128,10:41:04,43169.40,25,2833525
20221128,10:41:05,43165.20,75,2833525
20221128,10:41:07,43167.05,25,2833525
20221128,10:41:13,43167.05,25,2833525
20221128,10:41:17,43169.00,75,2833525
20221128,10:41:20,43169.15,25,2833525
20221128,10:41:27,43170.00,50,2833525
20221128,10:41:29,43170.00,25,2833525
20221128,10:41:37,43165.40,25,2834025
20221128,10:41:42,43166.25,125,2834025
20221128,10:41:43,43169.40,75,2834025
20221128,10:41:45,43166.20,25,2834025
20221128,10:41:50,43170.00,75,2834025
20221128,10:41:53,43167.20,25,2834025
20221128,10:41:55,43170.00,25,2834025
20221128,10:41:56,43171.00,25,2834025
20221128,10:42:00,43173.00,50,2834025
20221128,10:42:03,43174.75,25,2834025
20221128,10:42:08,43169.85,175,2834025
20221128,10:42:11,43161.00,100,2834025
20221128,10:42:12,43160.00,50,2834025
20221128,10:42:17,43162.75,125,2834025
20221128,10:42:19,43166.85,225,2834025
20221128,10:42:21,43160.10,100,2834025
20221128,10:42:22,43160.00,750,2834025
20221128,10:42:24,43166.20,325,2834025
20221128,10:42:36,43166.20,25,2834025
20221128,10:42:49,43160.00,200,2834025
20221128,10:42:54,43160.55,25,2834025
20221128,10:42:55,43160.00,100,2834025
20221128,10:43:01,43165.00,100,2834025
20221128,10:43:03,43160.45,50,2834025
20221128,10:43:05,43165.00,100,2834025
20221128,10:43:06,43165.00,50,2834025
20221128,10:43:11,43166.20,25,2834025
20221128,10:43:19,43171.95,250,2834025
