20221128,09:15:00,18585.00,1,11331150
20221128,09:15:00,18580.00,1,11331150
20221128,09:15:00,18599.00,1000,11331150
20221128,09:15:00,18566.15,8400,11331150
20221128,09:15:02,18566.15,5500,11331150
20221128,09:15:03,18585.90,2000,11331150
20221128,09:15:04,18583.20,2500,11331150
20221128,09:15:05,18590.05,4000,11331150
20221128,09:15:06,18599.95,8700,11331150
20221128,09:15:06,18593.20,950,11331150
20221128,09:15:07,18597.20,3350,11331150
20221128,09:15:08,18592.70,1050,11331150
20221128,09:15:09,18590.10,4200,11331150
20221128,09:15:10,18594.95,4000,11331150
20221128,09:15:11,18595.35,3950,11331150
20221128,09:15:12,18596.30,2700,11331150
20221128,09:15:13,18600.00,950,11331150
20221128,09:15:15,18600.00,7200,11331150
20221128,09:15:16,18606.10,1700,11331150
20221128,09:15:16,18605.60,150,11331150
20221128,09:15:17,18605.65,1550,11331150
20221128,09:15:18,18600.00,3000,11331150
20221128,09:15:19,18595.40,6200,11331150
20221128,09:15:20,18594.65,5550,11331150
20221128,09:15:22,18593.35,3400,11331150
20221128,09:15:23,18600.00,2300,11331150
20221128,09:15:24,18599.35,2250,11331150
20221128,09:15:24,18599.65,300,11331150
20221128,09:15:25,18600.00,1700,11331150
20221128,09:15:26,18600.00,1100,11331150
20221128,09:15:27,18600.20,2950,11331150
20221128,09:15:29,18599.90,1250,11331150
20221128,09:15:30,18598.40,1550,11331150
20221128,09:15:31,18599.50,1350,11331150
20221128,09:15:31,18595.20,750,11331150
20221128,09:15:32,18597.30,4300,11331150
20221128,09:15:33,18596.20,5450,11331150
20221128,09:15:34,18592.35,2650,11331150
20221128,09:15:36,18596.35,1600,11331150
20221128,09:15:37,18595.05,2400,11331150
20221128,09:15:38,18598.00,3100,11331150
20221128,09:15:38,18598.00,850,11331150
20221128,09:15:39,18598.00,3750,11331150
20221128,09:15:40,18599.00,3250,11331150
20221128,09:15:41,18600.00,1950,11331150
20221128,09:15:43,18601.90,1300,11331150
20221128,09:15:44,18600.35,1550,11331150
20221128,09:15:44,18600.35,100,11331150
20221128,09:15:45,18601.25,1000,11331150
20221128,09:15:46,18601.45,1050,11331150
20221128,09:15:47,18601.90,550,11331150
20221128,09:15:48,18603.00,250,11331150
20221128,09:15:50,18605.00,1100,11331150
20221128,09:15:51,18603.00,650,11331150
20221128,09:15:51,18603.00,50,11331150
20221128,09:15:52,18605.05,2150,11331150
20221128,09:15:53,18603.30,1350,11331150
20221128,09:15:54,18600.05,1700,11331150
20221128,09:15:55,18602.90,3200,11331150
20221128,09:15:56,18599.70,3550,11331150
20221128,09:15:58,18600.00,1800,11331150
20221128,09:15:59,18598.25,3050,11331150
20221128,09:15:59,18595.60,50,11331150
20221128,09:16:00,18597.60,950,11331150
20221128,09:16:01,18599.95,1850,11331150
20221128,09:16:02,18599.80,800,11331150
20221128,09:16:03,18600.70,1100,11331150
20221128,09:16:04,18600.60,500,11331150
20221128,09:16:06,18602.90,1550,11331150
20221128,09:16:07,18602.20,450,11331150
20221128,09:16:08,18606.40,950,11331150
20221128,09:16:08,18605.15,50,11331150
20221128,09:16:09,18608.00,1850,11331150
20221128,09:16:10,18606.65,600,11331150
20221128,09:16:11,18607.00,400,11331150
20221128,09:16:12,18608.30,1650,11331150
20221128,09:16:13,18605.50,2100,11331150
20221128,09:16:14,18605.55,1400,11331150
20221128,09:16:16,18607.25,1600,11331150
20221128,09:16:17,18609.60,1400,11331150
20221128,09:16:18,18609.75,1850,11331150
20221128,09:16:19,18609.60,350,11331150
20221128,09:16:19,18609.60,100,11331150
20221128,09:16:20,18611.00,1550,11331150
20221128,09:16:21,18611.20,4350,11331150
20221128,09:16:22,18610.25,700,11331150
20221128,09:16:23,18608.00,3350,11331150
20221128,09:16:25,18608.00,3900,11331150
20221128,09:16:26,18608.10,2000,11331150
20221128,09:16:27,18607.85,4800,11331150
20221128,09:16:27,18606.75,450,11331150
20221128,09:16:28,18608.00,2650,11331150
20221128,09:16:29,18603.65,500,11331150
20221128,09:16:31,18601.55,2300,11331150
20221128,09:16:32,18602.50,900,11331150
20221128,09:16:33,18601.30,450,11331150
20221128,09:16:34,18601.00,950,11331150
20221128,09:16:34,18602.20,50,11331150
20221128,09:16:35,18600.10,2100,11331150
20221128,09:16:36,18600.05,2000,11331150
20221128,09:16:37,18602.15,2100,11331150
20221128,09:16:39,18600.00,1150,11331150
20221128,09:16:40,18601.00,1600,11331150
20221128,09:16:41,18600.15,400,11331150
20221128,09:16:42,18600.15,450,11331150
20221128,09:16:42,18602.20,50,11331150
20221128,09:16:43,18602.40,3400,11331150
20221128,09:16:44,18601.00,1000,11331150
20221128,09:16:45,18602.25,250,11331150
20221128,09:16:47,18601.50,200,11331150
20221128,09:16:48,18604.05,350,11331150
20221128,09:16:49,18601.50,300,11331150
20221128,09:16:50,18602.40,250,11331150
20221128,09:16:51,18604.05,700,11331150
20221128,09:16:51,18603.60,100,11331150
20221128,09:16:52,18603.60,700,11331150
20221128,09:16:53,18603.00,1900,11331150
20221128,09:16:55,18602.00,900,11331150
20221128,09:16:56,18601.60,550,11331150
20221128,09:16:57,18603.00,550,11331150
20221128,09:16:58,18602.65,550,11331150
20221128,09:16:58,18604.45,50,11331150
20221128,09:16:59,18605.00,700,11331150
20221128,09:17:00,18605.40,1500,11331150
20221128,09:17:01,18604.55,1450,11331150
20221128,09:17:03,18603.55,850,11331150
20221128,09:17:04,18602.30,1400,11331150
20221128,09:17:05,18603.00,2100,11331150
20221128,09:17:06,18606.00,1050,11331150
20221128,09:17:06,18606.50,250,11331150
20221128,09:17:07,18604.50,600,11331150
20221128,09:17:08,18608.00,700,11331150
20221128,09:17:10,18605.90,900,11331150
20221128,09:17:11,18608.95,3150,11331150
20221128,09:17:12,18608.60,1000,11331150
20221128,09:17:13,18607.60,1300,11331150
20221128,09:17:14,18607.20,650,11331150
20221128,09:17:14,18606.70,200,11331150
20221128,09:17:15,18609.55,250,11331150
20221128,09:17:16,18609.80,1400,11331150
20221128,09:17:18,18609.80,400,11284000
20221128,09:17:19,18609.75,1200,11284000
20221128,09:17:20,18609.90,1100,11284000
20221128,09:17:21,18608.10,1200,11284000
20221128,09:17:22,18605.80,400,11284000
20221128,09:17:22,18606.65,1950,11284000
20221128,09:17:23,18609.70,300,11284000
20221128,09:17:24,18607.40,1150,11284000
20221128,09:17:26,18607.25,550,11284000
20221128,09:17:27,18609.00,750,11284000
20221128,09:17:28,18607.60,700,11284000
20221128,09:17:29,18607.00,650,11284000
20221128,09:17:30,18606.85,100,11284000
20221128,09:17:31,18607.15,250,11284000
20221128,09:17:32,18609.85,200,11284000
20221128,09:17:33,18609.00,450,11284000
20221128,09:17:34,18609.80,700,11284000
20221128,09:17:35,18607.75,150,11284000
20221128,09:17:37,18609.00,950,11284000
20221128,09:17:37,18612.00,450,11284000
20221128,09:17:38,18612.25,250,11284000
20221128,09:17:39,18610.60,400,11284000
20221128,09:17:40,18612.30,850,11284000
20221128,09:17:41,18613.70,750,11284000
20221128,09:17:42,18611.75,700,11284000
20221128,09:17:44,18611.30,200,11284000
20221128,09:17:45,18613.95,500,11284000
20221128,09:17:46,18611.95,600,11284000
20221128,09:17:47,18613.80,400,11284000
20221128,09:17:47,18613.85,50,11284000
20221128,09:17:48,18613.75,350,11284000
20221128,09:17:50,18613.75,600,11284000
20221128,09:17:51,18613.00,200,11284000
20221128,09:17:52,18614.20,2100,11284000
20221128,09:17:52,18612.50,50,11284000
20221128,09:17:53,18613.00,650,11284000
20221128,09:17:54,18612.50,250,11284000
20221128,09:17:55,18613.95,400,11284000
20221128,09:17:56,18615.00,350,11284000
20221128,09:17:58,18615.00,1350,11284000
20221128,09:17:59,18615.00,450,11284000
20221128,09:18:00,18615.70,200,11284000
20221128,09:18:01,18615.25,400,11284000
20221128,09:18:02,18615.90,650,11284000
20221128,09:18:04,18616.60,2400,11284000
20221128,09:18:05,18615.00,550,11284000
20221128,09:18:06,18617.00,1250,11284000
20221128,09:18:07,18617.00,750,11284000
20221128,09:18:08,18615.00,150,11284000
20221128,09:18:08,18616.60,200,11284000
20221128,09:18:09,18615.05,300,11284000
20221128,09:18:10,18617.30,1500,11284000
20221128,09:18:11,18617.30,500,11284000
20221128,09:18:13,18619.80,1050,11284000
20221128,09:18:14,18620.00,1100,11284000
20221128,09:18:15,18622.45,3150,11284000
20221128,09:18:16,18622.25,450,11284000
20221128,09:18:17,18622.00,250,11284000
20221128,09:18:17,18621.70,50,11284000
20221128,09:18:18,18619.00,1200,11284000
20221128,09:18:19,18620.00,1550,11284000
20221128,09:18:20,18620.05,50,11284000
20221128,09:18:21,18618.20,300,11284000
20221128,09:18:23,18619.30,500,11284000
20221128,09:18:24,18618.30,1350,11284000
20221128,09:18:25,18620.00,1100,11284000
20221128,09:18:25,18619.00,350,11284000
20221128,09:18:26,18618.25,350,11284000
20221128,09:18:27,18617.75,250,11284000
20221128,09:18:28,18618.30,2000,11284000
20221128,09:18:29,18618.30,200,11284000
20221128,09:18:31,18618.25,2450,11284000
20221128,09:18:31,18620.20,350,11284000
20221128,09:18:32,18619.85,200,11284000
20221128,09:18:33,18619.15,500,11284000
20221128,09:18:34,18618.40,300,11284000
20221128,09:18:35,18618.40,350,11284000
20221128,09:18:37,18618.25,850,11284000
20221128,09:18:38,18618.10,200,11284000
20221128,09:18:39,18619.90,550,11284000
20221128,09:18:40,18620.00,650,11284000
20221128,09:18:41,18620.00,2400,11284000
20221128,09:18:43,18620.00,250,11284000
20221128,09:18:44,18620.00,600,11284000
20221128,09:18:45,18620.00,200,11284000
20221128,09:18:45,18620.00,750,11284000
20221128,09:18:47,18621.00,200,11284000
20221128,09:18:48,18620.05,350,11284000
20221128,09:18:49,18623.00,3100,11284000
20221128,09:18:50,18621.00,300,11284000
20221128,09:18:51,18624.00,750,11284000
20221128,09:18:51,18624.00,400,11284000
20221128,09:18:52,18622.10,750,11284000
20221128,09:18:54,18622.15,400,11284000
20221128,09:18:55,18625.00,2500,11284000
20221128,09:18:56,18622.40,250,11284000
20221128,09:18:57,18624.35,250,11284000
20221128,09:18:59,18623.25,600,11284000
20221128,09:19:00,18624.00,1200,11284000
20221128,09:19:01,18624.00,2100,11284000
20221128,09:19:02,18628.00,2150,11284000
20221128,09:19:03,18628.15,1950,11284000
20221128,09:19:04,18628.80,1400,11284000
20221128,09:19:05,18624.00,1200,11284000
20221128,09:19:06,18624.00,250,11284000
20221128,09:19:07,18625.00,800,11284000
20221128,09:19:08,18625.90,800,11284000
20221128,09:19:09,18625.90,50,11284000
20221128,09:19:10,18625.10,1500,11284000
20221128,09:19:11,18625.15,500,11284000
20221128,09:19:12,18624.00,1050,11284000
20221128,09:19:13,18625.05,600,11284000
20221128,09:19:14,18625.70,1850,11284000
20221128,09:19:15,18625.85,1600,11284000
20221128,09:19:16,18623.25,300,11284000
20221128,09:19:18,18623.60,1150,11284000
20221128,09:19:19,18625.15,800,11284000
20221128,09:19:20,18624.30,100,11284000
20221128,09:19:21,18625.90,2500,11284000
20221128,09:19:22,18624.00,300,11284000
20221128,09:19:22,18623.95,100,11284000
20221128,09:19:23,18625.40,600,11284000
20221128,09:19:25,18625.00,400,11284000
20221128,09:19:26,18626.40,1450,11284000
20221128,09:19:27,18629.35,1000,11284000
20221128,09:19:28,18629.90,450,11284000
20221128,09:19:30,18629.90,650,11284000
20221128,09:19:31,18630.05,1350,11284000
20221128,09:19:32,18631.00,300,11284000
20221128,09:19:33,18633.15,2450,11284000
20221128,09:19:34,18630.00,200,11284000
20221128,09:19:35,18628.25,1750,11284000
20221128,09:19:36,18627.25,450,11284000
20221128,09:19:36,18628.00,250,11284000
20221128,09:19:37,18629.00,1000,11284000
20221128,09:19:39,18628.55,200,11284000
20221128,09:19:40,18627.10,650,11284000
20221128,09:19:41,18628.15,650,11284000
20221128,09:19:42,18627.75,600,11284000
20221128,09:19:43,18627.65,400,11284000
20221128,09:19:44,18627.65,100,11284000
20221128,09:19:45,18629.30,1300,11284000
20221128,09:19:46,18627.45,400,11284000
20221128,09:19:47,18628.50,400,11284000
20221128,09:19:48,18628.55,300,11284000
20221128,09:19:49,18627.75,100,11284000
20221128,09:19:49,18628.00,250,11284000
20221128,09:19:51,18628.30,800,11284000
20221128,09:19:52,18629.30,700,11284000
20221128,09:19:53,18627.45,350,11284000
20221128,09:19:54,18626.15,400,11284000
20221128,09:19:55,18626.25,950,11284000
20221128,09:19:56,18625.05,1050,11284000
20221128,09:19:57,18624.00,2000,11284000
20221128,09:19:58,18625.65,500,11284000
20221128,09:19:59,18624.70,400,11284000
20221128,09:20:00,18627.05,150,11284000
20221128,09:20:01,18625.85,1150,11284000
20221128,09:20:02,18625.35,550,11284000
20221128,09:20:03,18626.80,1400,11284000
20221128,09:20:04,18628.95,700,11284000
20221128,09:20:05,18628.15,650,11284000
20221128,09:20:06,18629.30,650,11284000
20221128,09:20:07,18629.35,950,11284000
20221128,09:20:08,18630.00,5850,11284000
20221128,09:20:09,18630.45,250,11284000
20221128,09:20:10,18630.40,650,11284000
20221128,09:20:11,18630.20,800,11284000
20221128,09:20:12,18630.00,200,11284000
20221128,09:20:13,18630.00,850,11284000
20221128,09:20:14,18629.40,800,11284000
20221128,09:20:15,18630.50,750,11284000
20221128,09:20:16,18628.95,50,11284000
20221128,09:20:17,18629.90,2700,11284000
20221128,09:20:18,18627.70,4750,11284000
20221128,09:20:19,18626.45,4150,11290450
20221128,09:20:20,18627.80,3550,11290450
20221128,09:20:21,18626.80,850,11290450
20221128,09:20:23,18628.65,1900,11290450
20221128,09:20:24,18628.75,800,11290450
20221128,09:20:25,18626.25,50,11290450
20221128,09:20:26,18626.60,700,11290450
20221128,09:20:27,18629.80,750,11290450
20221128,09:20:29,18628.20,100,11290450
20221128,09:20:30,18631.20,1150,11290450
20221128,09:20:31,18630.00,4650,11290450
20221128,09:20:32,18630.15,900,11290450
20221128,09:20:33,18631.40,150,11290450
20221128,09:20:34,18632.20,1050,11290450
20221128,09:20:35,18632.70,3100,11290450
20221128,09:20:36,18635.00,1150,11290450
20221128,09:20:37,18635.20,2750,11290450
20221128,09:20:38,18635.00,200,11290450
20221128,09:20:39,18635.35,650,11290450
20221128,09:20:40,18635.35,400,11290450
20221128,09:20:41,18635.35,50,11290450
20221128,09:20:42,18635.45,450,11290450
20221128,09:20:42,18635.35,100,11290450
20221128,09:20:43,18635.35,250,11290450
20221128,09:20:44,18635.10,1150,11290450
20221128,09:20:45,18635.35,1850,11290450
20221128,09:20:46,18634.60,1050,11290450
20221128,09:20:47,18634.00,300,11290450
20221128,09:20:48,18634.60,1000,11290450
20221128,09:20:49,18633.05,1300,11290450
20221128,09:20:50,18633.85,1850,11290450
20221128,09:20:51,18634.00,1150,11290450
20221128,09:20:52,18634.00,600,11290450
20221128,09:20:53,18633.70,150,11290450
20221128,09:20:54,18633.55,150,11290450
20221128,09:20:55,18630.75,1100,11290450
20221128,09:20:57,18631.50,50,11290450
20221128,09:20:58,18631.00,150,11290450
20221128,09:20:59,18631.45,1500,11290450
20221128,09:21:00,18631.15,150,11290450
20221128,09:21:01,18630.60,400,11290450
20221128,09:21:02,18631.00,250,11290450
20221128,09:21:03,18630.90,450,11290450
20221128,09:21:04,18629.00,2600,11290450
20221128,09:21:05,18630.50,1100,11290450
20221128,09:21:06,18629.00,450,11290450
20221128,09:21:07,18628.20,200,11290450
20221128,09:21:08,18628.00,1100,11290450
20221128,09:21:09,18628.50,450,11290450
20221128,09:21:10,18628.50,900,11290450
20221128,09:21:11,18629.50,400,11290450
20221128,09:21:12,18627.80,700,11290450
20221128,09:21:13,18628.95,650,11290450
20221128,09:21:14,18630.00,1300,11290450
20221128,09:21:15,18627.65,1250,11290450
20221128,09:21:16,18628.65,150,11290450
20221128,09:21:17,18628.55,150,11290450
20221128,09:21:18,18628.60,150,11290450
20221128,09:21:19,18628.90,450,11290450
20221128,09:21:20,18627.85,650,11290450
20221128,09:21:21,18628.50,50,11290450
20221128,09:21:23,18627.50,300,11290450
20221128,09:21:24,18626.95,250,11290450
20221128,09:21:25,18627.90,1250,11290450
20221128,09:21:26,18627.90,1450,11290450
20221128,09:21:28,18628.70,50,11290450
20221128,09:21:29,18628.40,150,11290450
20221128,09:21:30,18627.95,700,11290450
20221128,09:21:31,18628.50,250,11290450
20221128,09:21:33,18627.95,1900,11290450
20221128,09:21:34,18625.35,350,11290450
20221128,09:21:35,18626.00,50,11290450
20221128,09:21:36,18626.00,200,11290450
20221128,09:21:38,18625.50,500,11290450
20221128,09:21:39,18625.70,800,11290450
20221128,09:21:40,18625.20,500,11290450
20221128,09:21:41,18626.00,650,11290450
20221128,09:21:42,18626.20,650,11290450
20221128,09:21:43,18626.25,50,11290450
20221128,09:21:44,18626.10,100,11290450
20221128,09:21:45,18627.55,100,11290450
20221128,09:21:46,18628.10,300,11290450
20221128,09:21:48,18628.10,250,11290450
20221128,09:21:49,18628.10,150,11290450
20221128,09:21:50,18628.00,450,11290450
20221128,09:21:51,18627.90,300,11290450
20221128,09:21:52,18626.45,50,11290450
20221128,09:21:53,18627.60,450,11290450
20221128,09:21:54,18628.10,200,11290450
20221128,09:21:55,18627.90,100,11290450
20221128,09:21:56,18627.60,250,11290450
20221128,09:21:58,18627.60,100,11290450
20221128,09:21:59,18627.90,50,11290450
20221128,09:22:00,18627.75,100,11290450
20221128,09:22:01,18628.00,350,11290450
20221128,09:22:03,18627.65,100,11290450
20221128,09:22:04,18627.90,100,11290450
20221128,09:22:05,18626.00,1150,11290450
20221128,09:22:07,18625.80,1800,11290450
20221128,09:22:08,18624.75,500,11290450
20221128,09:22:09,18625.40,650,11290450
20221128,09:22:10,18627.65,950,11290450
20221128,09:22:13,18627.35,250,11290450
20221128,09:22:14,18626.85,650,11290450
20221128,09:22:15,18624.80,400,11290450
20221128,09:22:16,18623.05,300,11290450
20221128,09:22:17,18623.90,400,11290450
20221128,09:22:18,18623.80,750,11290450
20221128,09:22:19,18623.85,1500,11290450
20221128,09:22:20,18622.00,300,11290450
20221128,09:22:21,18622.00,200,11290450
20221128,09:22:22,18622.05,700,11290450
20221128,09:22:23,18623.75,700,11290450
20221128,09:22:24,18622.00,250,11290450
20221128,09:22:25,18625.25,900,11290450
20221128,09:22:26,18623.45,250,11290450
20221128,09:22:27,18623.55,50,11290450
20221128,09:22:28,18622.20,1000,11290450
20221128,09:22:29,18624.55,150,11290450
20221128,09:22:30,18622.40,150,11290450
20221128,09:22:32,18622.15,100,11290450
20221128,09:22:33,18621.05,600,11290450
20221128,09:22:34,18621.75,50,11290450
20221128,09:22:35,18621.10,100,11290450
20221128,09:22:36,18621.05,150,11290450
20221128,09:22:37,18620.25,250,11290450
20221128,09:22:38,18620.25,100,11290450
20221128,09:22:39,18620.35,200,11290450
20221128,09:22:40,18618.90,1250,11290450
20221128,09:22:41,18620.00,100,11290450
20221128,09:22:42,18618.70,150,11290450
20221128,09:22:43,18621.50,250,11290450
20221128,09:22:45,18619.35,50,11290450
20221128,09:22:47,18618.80,150,11290450
20221128,09:22:48,18619.55,2400,11290450
20221128,09:22:49,18619.85,850,11290450
20221128,09:22:50,18620.80,200,11290450
20221128,09:22:51,18621.75,500,11290450
20221128,09:22:52,18620.80,150,11290450
20221128,09:22:53,18621.15,200,11290450
20221128,09:22:54,18620.80,950,11290450
20221128,09:22:55,18621.15,550,11290450
20221128,09:22:56,18621.80,150,11290450
20221128,09:22:57,18620.80,250,11290450
20221128,09:22:58,18620.80,1050,11290450
20221128,09:22:59,18620.40,250,11290450
20221128,09:23:00,18620.80,1000,11290450
20221128,09:23:01,18620.30,300,11290450
20221128,09:23:02,18620.80,100,11290450
20221128,09:23:03,18620.65,450,11290450
20221128,09:23:04,18621.15,200,11290450
20221128,09:23:05,18620.80,150,11290450
20221128,09:23:06,18620.50,350,11290450
20221128,09:23:07,18620.80,50,11290450
20221128,09:23:08,18620.90,500,11290450
20221128,09:23:09,18621.35,1000,11290450
20221128,09:23:10,18621.75,850,11290450
20221128,09:23:11,18621.40,100,11290450
20221128,09:23:12,18622.35,100,11290450
20221128,09:23:13,18622.35,650,11290450
20221128,09:23:14,18623.80,250,11290450
20221128,09:23:15,18625.00,300,11290450
20221128,09:23:16,18625.40,1400,11290450
20221128,09:23:17,18624.85,100,11290450
20221128,09:23:18,18625.80,600,11290450
20221128,09:23:19,18624.90,650,11284900
20221128,09:23:21,18628.00,150,11284900
20221128,09:23:22,18628.40,300,11284900
20221128,09:23:24,18627.40,650,11284900
20221128,09:23:25,18628.65,350,11284900
20221128,09:23:26,18628.90,100,11284900
20221128,09:23:27,18628.90,100,11284900
20221128,09:23:28,18628.30,950,11284900
20221128,09:23:29,18627.75,100,11284900
20221128,09:23:30,18627.75,200,11284900
20221128,09:23:31,18626.90,400,11284900
20221128,09:23:33,18627.95,1450,11284900
20221128,09:23:33,18628.45,50,11284900
20221128,09:23:34,18630.30,1700,11284900
20221128,09:23:35,18631.70,250,11284900
20221128,09:23:36,18633.00,250,11284900
20221128,09:23:37,18632.15,550,11284900
20221128,09:23:38,18633.00,350,11284900
20221128,09:23:39,18633.95,150,11284900
20221128,09:23:41,18633.50,400,11284900
20221128,09:23:41,18630.60,1250,11284900
20221128,09:23:42,18631.00,1950,11284900
20221128,09:23:43,18632.25,550,11284900
20221128,09:23:44,18633.00,250,11284900
20221128,09:23:45,18633.75,250,11284900
20221128,09:23:46,18633.75,100,11284900
20221128,09:23:47,18632.85,550,11284900
20221128,09:23:49,18632.70,1950,11284900
20221128,09:23:50,18632.30,2250,11284900
20221128,09:23:51,18631.05,350,11284900
20221128,09:23:52,18630.60,100,11284900
20221128,09:23:53,18630.25,900,11284900
20221128,09:23:54,18632.15,50,11284900
20221128,09:23:56,18630.00,150,11284900
20221128,09:23:57,18631.50,550,11284900
20221128,09:23:59,18629.95,1700,11284900
20221128,09:24:01,18628.85,750,11284900
20221128,09:24:01,18628.80,200,11284900
20221128,09:24:02,18627.00,450,11284900
20221128,09:24:04,18627.10,50,11284900
20221128,09:24:05,18628.55,200,11284900
20221128,09:24:06,18628.30,200,11284900
20221128,09:24:07,18629.40,650,11284900
20221128,09:24:08,18627.20,150,11284900
20221128,09:24:09,18628.80,600,11284900
20221128,09:24:11,18628.80,250,11284900
20221128,09:24:12,18628.00,550,11284900
20221128,09:24:13,18628.45,1900,11284900
20221128,09:24:14,18629.90,50,11284900
20221128,09:24:16,18628.85,250,11284900
20221128,09:24:17,18630.00,50,11284900
20221128,09:24:18,18629.15,200,11284900
20221128,09:24:19,18629.00,750,11284900
20221128,09:24:20,18627.60,2250,11284900
20221128,09:24:22,18628.80,2000,11284900
20221128,09:24:22,18628.20,50,11284900
20221128,09:24:23,18628.00,200,11284900
20221128,09:24:25,18627.80,800,11284900
20221128,09:24:27,18627.10,450,11284900
20221128,09:24:28,18628.00,300,11284900
20221128,09:24:29,18629.15,250,11284900
20221128,09:24:30,18628.00,200,11284900
20221128,09:24:31,18627.10,100,11284900
20221128,09:24:32,18627.20,150,11284900
20221128,09:24:33,18629.95,400,11284900
20221128,09:24:34,18629.05,750,11284900
20221128,09:24:35,18627.10,250,11284900
20221128,09:24:36,18627.10,450,11284900
20221128,09:24:37,18627.30,300,11284900
20221128,09:24:38,18628.00,350,11284900
20221128,09:24:39,18627.10,550,11284900
20221128,09:24:40,18627.10,50,11284900
20221128,09:24:41,18627.10,1050,11284900
20221128,09:24:42,18627.10,200,11284900
20221128,09:24:43,18627.95,300,11284900
20221128,09:24:44,18627.10,100,11284900
20221128,09:24:47,18628.80,250,11284900
20221128,09:24:49,18628.00,50,11284900
20221128,09:24:50,18627.75,50,11284900
20221128,09:24:51,18627.70,150,11284900
20221128,09:24:53,18627.15,50,11284900
20221128,09:24:54,18627.15,150,11284900
20221128,09:24:55,18627.90,50,11284900
20221128,09:24:58,18627.95,1100,11284900
20221128,09:24:59,18627.80,250,11284900
20221128,09:25:00,18627.40,250,11284900
20221128,09:25:01,18627.90,200,11284900
20221128,09:25:02,18627.20,350,11284900
20221128,09:25:03,18627.25,950,11284900
20221128,09:25:04,18628.80,450,11284900
20221128,09:25:05,18628.80,50,11284900
20221128,09:25:06,18627.15,150,11284900
20221128,09:25:08,18627.80,1750,11284900
20221128,09:25:09,18621.45,3600,11284900
20221128,09:25:10,18623.90,750,11284900
20221128,09:25:11,18623.90,50,11284900
20221128,09:25:12,18623.90,200,11284900
20221128,09:25:13,18622.45,100,11284900
20221128,09:25:14,18622.85,150,11284900
20221128,09:25:15,18622.35,100,11284900
20221128,09:25:16,18623.90,300,11284900
20221128,09:25:17,18623.90,150,11284900
20221128,09:25:19,18622.70,200,11284900
20221128,09:25:20,18625.00,50,11284900
20221128,09:25:21,18624.25,550,11284900
20221128,09:25:22,18623.15,1000,11284900
20221128,09:25:23,18625.00,100,11284900
20221128,09:25:26,18625.05,250,11284900
20221128,09:25:27,18623.80,350,11284900
20221128,09:25:28,18624.90,100,11284900
20221128,09:25:29,18624.80,50,11284900
20221128,09:25:30,18625.00,250,11284900
20221128,09:25:31,18625.00,100,11284900
20221128,09:25:32,18624.50,50,11284900
20221128,09:25:34,18624.05,100,11284900
20221128,09:25:35,18624.95,200,11284900
20221128,09:25:36,18623.95,100,11284900
20221128,09:25:37,18625.40,400,11284900
20221128,09:25:38,18625.00,50,11284900
20221128,09:25:40,18625.90,100,11284900
20221128,09:25:41,18625.90,150,11284900
20221128,09:25:42,18625.40,50,11284900
20221128,09:25:43,18624.55,100,11284900
20221128,09:25:44,18625.00,50,11284900
20221128,09:25:46,18627.15,1250,11284900
20221128,09:25:47,18626.10,100,11284900
20221128,09:25:48,18627.00,50,11284900
20221128,09:25:49,18626.55,50,11284900
20221128,09:25:51,18628.00,1450,11284900
20221128,09:25:52,18629.00,150,11284900
20221128,09:25:53,18629.30,50,11284900
20221128,09:25:55,18628.95,400,11284900
20221128,09:25:56,18629.00,150,11284900
20221128,09:25:57,18629.95,50,11284900
20221128,09:25:59,18628.90,150,11284900
20221128,09:26:01,18628.05,50,11284900
20221128,09:26:02,18629.00,1500,11284900
20221128,09:26:03,18629.20,250,11284900
20221128,09:26:04,18630.00,100,11284900
20221128,09:26:05,18629.30,250,11284900
20221128,09:26:06,18629.00,400,11284900
20221128,09:26:08,18630.00,850,11284900
20221128,09:26:09,18631.30,250,11284900
20221128,09:26:10,18631.55,300,11284900
20221128,09:26:11,18630.05,550,11284900
20221128,09:26:12,18630.95,2000,11284900
20221128,09:26:13,18630.95,50,11284900
20221128,09:26:16,18631.50,100,11284900
20221128,09:26:18,18631.40,850,11284900
20221128,09:26:19,18632.45,50,11284900
20221128,09:26:21,18633.00,1650,11284900
20221128,09:26:22,18633.00,1000,11274100
20221128,09:26:25,18632.85,50,11274100
20221128,09:26:26,18632.65,200,11274100
20221128,09:26:27,18633.00,400,11274100
20221128,09:26:29,18634.80,3450,11274100
20221128,09:26:30,18635.00,4200,11274100
20221128,09:26:31,18638.00,1650,11274100
20221128,09:26:32,18638.00,200,11274100
20221128,09:26:33,18639.55,550,11274100
20221128,09:26:34,18639.90,150,11274100
20221128,09:26:35,18638.85,200,11274100
20221128,09:26:36,18636.60,1300,11274100
20221128,09:26:37,18639.05,650,11274100
20221128,09:26:38,18636.05,200,11274100
20221128,09:26:39,18635.20,300,11274100
20221128,09:26:40,18639.30,300,11274100
20221128,09:26:41,18636.60,150,11274100
20221128,09:26:42,18636.90,100,11274100
20221128,09:26:43,18639.90,100,11274100
20221128,09:26:44,18640.00,1100,11274100
20221128,09:26:45,18640.00,1500,11274100
20221128,09:26:46,18640.00,550,11274100
20221128,09:26:47,18640.00,2000,11274100
20221128,09:26:48,18642.00,150,11274100
20221128,09:26:49,18642.25,500,11274100
20221128,09:26:50,18642.55,150,11274100
20221128,09:26:51,18641.35,200,11274100
20221128,09:26:52,18642.25,400,11274100
20221128,09:26:53,18640.00,100,11274100
20221128,09:26:54,18641.80,200,11274100
20221128,09:26:55,18640.55,300,11274100
20221128,09:26:56,18639.75,650,11274100
20221128,09:26:58,18641.50,250,11274100
20221128,09:26:59,18639.75,50,11274100
20221128,09:26:59,18639.90,500,11274100
20221128,09:27:00,18639.90,200,11274100
20221128,09:27:01,18639.40,1600,11274100
20221128,09:27:02,18638.85,950,11274100
20221128,09:27:04,18638.85,250,11274100
20221128,09:27:05,18638.25,100,11274100
20221128,09:27:06,18640.00,550,11274100
20221128,09:27:07,18643.10,1550,11274100
20221128,09:27:08,18639.05,50,11274100
20221128,09:27:08,18639.95,50,11274100
20221128,09:27:09,18638.85,250,11274100
20221128,09:27:10,18640.00,250,11274100
20221128,09:27:11,18639.00,2500,11274100
20221128,09:27:13,18641.45,450,11274100
20221128,09:27:14,18640.00,100,11274100
20221128,09:27:15,18641.40,300,11274100
20221128,09:27:16,18640.40,250,11274100
20221128,09:27:18,18640.65,250,11274100
20221128,09:27:19,18639.50,650,11274100
20221128,09:27:20,18641.95,1000,11274100
20221128,09:27:21,18641.85,250,11274100
20221128,09:27:23,18641.65,700,11274100
20221128,09:27:24,18642.05,1950,11274100
20221128,09:27:25,18642.50,500,11274100
20221128,09:27:26,18641.95,550,11274100
20221128,09:27:27,18643.65,3400,11274100
20221128,09:27:28,18643.65,250,11274100
20221128,09:27:30,18643.15,250,11274100
20221128,09:27:31,18644.50,1050,11274100
20221128,09:27:32,18642.00,150,11274100
20221128,09:27:33,18642.00,100,11274100
20221128,09:27:35,18643.00,50,11274100
20221128,09:27:36,18642.05,50,11274100
20221128,09:27:37,18642.05,100,11274100
20221128,09:27:38,18642.00,250,11274100
20221128,09:27:39,18642.05,250,11274100
20221128,09:27:40,18644.45,700,11274100
20221128,09:27:41,18642.20,50,11274100
20221128,09:27:42,18643.20,300,11274100
20221128,09:27:43,18642.20,50,11274100
20221128,09:27:44,18642.25,50,11274100
20221128,09:27:45,18643.95,500,11274100
20221128,09:27:46,18646.10,5350,11274100
20221128,09:27:47,18646.60,200,11274100
20221128,09:27:48,18649.20,5550,11274100
20221128,09:27:49,18645.70,650,11274100
20221128,09:27:50,18647.65,500,11274100
20221128,09:27:51,18647.60,250,11274100
20221128,09:27:52,18646.10,50,11274100
20221128,09:27:53,18647.65,300,11274100
20221128,09:27:54,18645.35,200,11274100
20221128,09:27:55,18647.65,250,11274100
20221128,09:27:56,18646.00,100,11274100
20221128,09:27:57,18644.10,850,11274100
20221128,09:27:58,18644.60,250,11274100
20221128,09:27:59,18647.40,150,11274100
20221128,09:28:00,18645.55,150,11274100
20221128,09:28:01,18646.10,1400,11274100
20221128,09:28:02,18647.65,1650,11274100
20221128,09:28:03,18645.00,350,11274100
20221128,09:28:04,18644.15,300,11274100
20221128,09:28:05,18646.65,500,11274100
20221128,09:28:06,18644.00,350,11274100
20221128,09:28:07,18645.60,250,11274100
20221128,09:28:08,18644.00,100,11274100
20221128,09:28:09,18645.45,50,11274100
20221128,09:28:10,18644.00,300,11274100
20221128,09:28:11,18644.95,500,11274100
20221128,09:28:12,18644.00,600,11274100
20221128,09:28:13,18642.60,500,11274100
20221128,09:28:14,18644.95,250,11274100
20221128,09:28:16,18644.10,150,11274100
20221128,09:28:17,18644.40,800,11274100
20221128,09:28:18,18644.00,300,11274100
20221128,09:28:19,18644.00,1800,11274100
20221128,09:28:20,18644.60,250,11274100
20221128,09:28:21,18644.80,50,11274100
20221128,09:28:22,18645.00,2750,11274100
20221128,09:28:23,18644.00,1900,11274100
20221128,09:28:25,18644.00,200,11274100
20221128,09:28:26,18644.00,50,11274100
20221128,09:28:27,18644.60,550,11274100
20221128,09:28:29,18644.80,1050,11274100
20221128,09:28:29,18644.80,50,11274100
20221128,09:28:30,18644.90,150,11274100
20221128,09:28:32,18642.90,150,11274100
20221128,09:28:33,18642.40,350,11274100
20221128,09:28:33,18644.45,50,11274100
20221128,09:28:34,18642.15,100,11274100
20221128,09:28:36,18642.10,100,11274100
20221128,09:28:37,18642.05,50,11274100
20221128,09:28:38,18643.00,150,11274100
20221128,09:28:38,18643.00,50,11274100
20221128,09:28:39,18642.10,150,11274100
20221128,09:28:41,18642.10,150,11274100
20221128,09:28:42,18643.00,200,11274100
20221128,09:28:43,18641.70,950,11274100
20221128,09:28:44,18641.65,450,11274100
20221128,09:28:45,18641.65,400,11274100
20221128,09:28:47,18641.65,450,11274100
20221128,09:28:48,18641.65,1200,11274100
20221128,09:28:49,18641.65,350,11274100
20221128,09:28:50,18641.65,100,11274100
20221128,09:28:52,18642.10,200,11274100
20221128,09:28:53,18643.65,2150,11274100
20221128,09:28:54,18644.80,200,11274100
20221128,09:28:55,18642.85,1150,11274100
20221128,09:28:56,18642.50,650,11274100
20221128,09:28:57,18645.00,550,11274100
20221128,09:28:58,18643.45,300,11274100
20221128,09:29:00,18643.45,400,11274100
20221128,09:29:01,18643.00,550,11274100
20221128,09:29:03,18642.95,300,11274100
20221128,09:29:05,18643.60,900,11274100
20221128,09:29:06,18643.45,550,11274100
20221128,09:29:08,18643.70,100,11274100
20221128,09:29:09,18644.40,150,11274100
20221128,09:29:11,18643.00,250,11274100
20221128,09:29:12,18644.00,100,11274100
20221128,09:29:12,18643.05,300,11274100
20221128,09:29:13,18643.05,200,11274100
20221128,09:29:15,18643.90,150,11274100
20221128,09:29:16,18645.00,800,11274100
20221128,09:29:17,18645.00,300,11274100
20221128,09:29:18,18645.00,500,11274100
20221128,09:29:18,18645.00,100,11274100
20221128,09:29:19,18643.20,200,11274100
20221128,09:29:20,18644.45,100,11274100
20221128,09:29:21,18644.20,1000,11302600
20221128,09:29:22,18644.00,200,11302600
20221128,09:29:23,18645.00,200,11302600
20221128,09:29:24,18645.00,250,11302600
20221128,09:29:26,18643.90,700,11302600
20221128,09:29:27,18644.40,300,11302600
20221128,09:29:28,18644.45,100,11302600
20221128,09:29:29,18642.85,250,11302600
20221128,09:29:30,18645.00,400,11302600
20221128,09:29:31,18643.00,100,11302600
20221128,09:29:31,18645.00,1900,11302600
20221128,09:29:32,18644.20,450,11302600
20221128,09:29:33,18642.75,200,11302600
20221128,09:29:34,18644.80,100,11302600
20221128,09:29:35,18643.45,50,11302600
20221128,09:29:36,18644.45,250,11302600
20221128,09:29:38,18642.75,100,11302600
20221128,09:29:39,18642.95,50,11302600
20221128,09:29:40,18644.00,50,11302600
20221128,09:29:41,18644.00,1650,11302600
20221128,09:29:42,18644.00,200,11302600
20221128,09:29:43,18644.20,100,11302600
20221128,09:29:44,18645.00,2400,11302600
20221128,09:29:45,18644.05,250,11302600
20221128,09:29:47,18645.00,800,11302600
20221128,09:29:48,18645.05,1550,11302600
20221128,09:29:49,18646.30,800,11302600
20221128,09:29:50,18644.20,100,11302600
20221128,09:29:51,18644.20,600,11302600
20221128,09:29:52,18644.00,400,11302600
20221128,09:29:53,18644.00,50,11302600
20221128,09:29:54,18644.00,600,11302600
20221128,09:29:55,18644.00,100,11302600
20221128,09:29:56,18644.20,400,11302600
20221128,09:29:57,18645.00,300,11302600
20221128,09:29:58,18644.45,750,11302600
20221128,09:29:59,18646.00,50,11302600
20221128,09:30:00,18646.95,250,11302600
20221128,09:30:01,18644.50,200,11302600
20221128,09:30:02,18646.05,550,11302600
20221128,09:30:03,18644.90,450,11302600
20221128,09:30:04,18645.00,900,11302600
20221128,09:30:05,18645.40,100,11302600
20221128,09:30:06,18646.05,1950,11302600
20221128,09:30:07,18645.90,100,11302600
20221128,09:30:08,18645.95,200,11302600
20221128,09:30:09,18645.00,50,11302600
20221128,09:30:10,18645.00,100,11302600
20221128,09:30:11,18645.05,100,11302600
20221128,09:30:12,18644.55,400,11302600
20221128,09:30:13,18645.35,100,11302600
20221128,09:30:14,18644.00,50,11302600
20221128,09:30:15,18644.00,100,11302600
20221128,09:30:16,18643.65,50,11302600
20221128,09:30:17,18645.40,1300,11302600
20221128,09:30:18,18645.40,200,11302600
20221128,09:30:19,18646.90,350,11302600
20221128,09:30:19,18646.10,50,11302600
20221128,09:30:21,18645.90,50,11302600
20221128,09:30:22,18647.00,200,11302600
20221128,09:30:23,18647.00,600,11302600
20221128,09:30:24,18649.00,1650,11302600
20221128,09:30:25,18649.50,750,11302600
20221128,09:30:26,18650.00,1900,11302600
20221128,09:30:27,18650.00,4500,11302600
20221128,09:30:28,18650.90,1150,11302600
20221128,09:30:29,18652.00,1950,11302600
20221128,09:30:30,18652.00,250,11302600
20221128,09:30:31,18647.50,550,11302600
20221128,09:30:32,18646.80,200,11302600
20221128,09:30:33,18648.90,300,11302600
20221128,09:30:34,18646.05,750,11302600
20221128,09:30:35,18647.50,900,11302600
20221128,09:30:37,18650.00,100,11302600
20221128,09:30:38,18650.00,100,11302600
20221128,09:30:39,18650.10,1100,11302600
20221128,09:30:40,18650.00,300,11302600
20221128,09:30:41,18652.00,100,11302600
20221128,09:30:43,18652.00,250,11302600
20221128,09:30:44,18651.90,200,11302600
20221128,09:30:45,18651.80,650,11302600
20221128,09:30:46,18651.45,800,11302600
20221128,09:30:47,18651.00,750,11302600
20221128,09:30:49,18651.50,350,11302600
20221128,09:30:50,18650.65,200,11302600
20221128,09:30:51,18651.10,100,11302600
20221128,09:30:52,18651.00,300,11302600
20221128,09:30:53,18651.00,1100,11302600
20221128,09:30:55,18651.50,300,11302600
20221128,09:30:56,18650.10,200,11302600
20221128,09:30:57,18650.10,250,11302600
20221128,09:30:58,18651.15,250,11302600
20221128,09:30:58,18651.00,50,11302600
20221128,09:31:00,18648.10,1800,11302600
20221128,09:31:01,18646.70,350,11302600
20221128,09:31:02,18648.65,300,11302600
20221128,09:31:03,18647.20,600,11302600
20221128,09:31:04,18647.30,600,11302600
20221128,09:31:06,18649.80,300,11302600
20221128,09:31:07,18647.50,50,11302600
20221128,09:31:08,18647.30,100,11302600
20221128,09:31:09,18649.20,1000,11302600
20221128,09:31:10,18649.10,150,11302600
20221128,09:31:10,18649.10,50,11302600
20221128,09:31:12,18650.00,250,11302600
20221128,09:31:13,18650.00,350,11302600
20221128,09:31:15,18650.00,200,11302600
20221128,09:31:16,18649.25,3750,11302600
20221128,09:31:18,18651.00,800,11302600
20221128,09:31:19,18651.00,500,11302600
20221128,09:31:20,18651.00,450,11302600
20221128,09:31:21,18650.00,200,11302600
20221128,09:31:22,18651.00,400,11302600
20221128,09:31:24,18651.00,1400,11302600
20221128,09:31:25,18648.95,50,11302600
20221128,09:31:26,18650.55,200,11302600
20221128,09:31:27,18650.00,100,11302600
20221128,09:31:28,18650.10,300,11302600
20221128,09:31:28,18651.00,50,11302600
20221128,09:31:30,18650.60,1250,11302600
20221128,09:31:31,18650.00,400,11302600
20221128,09:31:32,18651.55,150,11302600
20221128,09:31:33,18652.00,650,11302600
20221128,09:31:34,18652.10,2350,11302600
20221128,09:31:37,18651.90,150,11302600
20221128,09:31:38,18650.00,150,11302600
20221128,09:31:39,18651.75,50,11302600
20221128,09:31:40,18650.30,150,11302600
20221128,09:31:41,18652.05,100,11302600
20221128,09:31:43,18651.00,100,11302600
20221128,09:31:44,18652.05,750,11302600
20221128,09:31:45,18650.00,1150,11302600
20221128,09:31:46,18650.70,1050,11302600
20221128,09:31:46,18650.70,50,11302600
20221128,09:31:48,18652.00,300,11302600
20221128,09:31:49,18650.90,250,11302600
20221128,09:31:50,18650.90,400,11302600
20221128,09:31:51,18648.70,1850,11302600
20221128,09:31:53,18648.70,200,11302600
20221128,09:31:54,18648.55,2500,11302600
20221128,09:31:55,18650.00,150,11302600
20221128,09:31:56,18650.90,2150,11302600
20221128,09:31:57,18651.00,450,11302600
20221128,09:31:59,18650.00,2400,11302600
20221128,09:32:00,18649.60,500,11302600
20221128,09:32:01,18650.00,2600,11302600
20221128,09:32:02,18650.60,250,11302600
20221128,09:32:04,18650.60,1550,11302600
20221128,09:32:05,18650.60,1300,11302600
20221128,09:32:06,18650.20,400,11302600
20221128,09:32:07,18650.60,400,11302600
20221128,09:32:08,18650.00,850,11302600
20221128,09:32:08,18649.20,150,11302600
20221128,09:32:10,18650.15,200,11302600
20221128,09:32:11,18649.70,2600,11302600
20221128,09:32:12,18650.60,50,11302600
20221128,09:32:13,18650.60,350,11302600
20221128,09:32:13,18650.20,50,11302600
20221128,09:32:15,18650.60,550,11302600
20221128,09:32:16,18649.70,350,11302600
20221128,09:32:17,18650.60,350,11302600
20221128,09:32:18,18649.50,150,11302600
20221128,09:32:18,18649.50,50,11302600
20221128,09:32:21,18649.25,150,11340400
20221128,09:32:22,18648.00,100,11340400
20221128,09:32:23,18647.70,750,11340400
20221128,09:32:23,18647.50,50,11340400
20221128,09:32:25,18647.20,150,11340400
20221128,09:32:26,18648.20,450,11340400
20221128,09:32:28,18650.15,2450,11340400
20221128,09:32:29,18650.20,450,11340400
20221128,09:32:30,18650.60,1450,11340400
20221128,09:32:31,18650.00,300,11340400
20221128,09:32:32,18652.00,550,11340400
20221128,09:32:33,18652.95,1450,11340400
20221128,09:32:34,18652.70,350,11340400
20221128,09:32:35,18653.00,450,11340400
20221128,09:32:37,18653.00,1550,11340400
20221128,09:32:38,18653.15,250,11340400
20221128,09:32:39,18654.00,900,11340400
20221128,09:32:40,18655.10,2750,11340400
20221128,09:32:41,18655.60,300,11340400
20221128,09:32:42,18656.00,750,11340400
20221128,09:32:43,18656.30,950,11340400
20221128,09:32:44,18654.65,1700,11340400
20221128,09:32:45,18656.55,650,11340400
20221128,09:32:46,18656.10,100,11340400
20221128,09:32:47,18656.30,450,11340400
20221128,09:32:49,18656.55,100,11340400
20221128,09:32:50,18657.00,550,11340400
20221128,09:32:51,18655.80,350,11340400
20221128,09:32:52,18657.30,1400,11340400
20221128,09:32:53,18657.60,450,11340400
20221128,09:32:54,18656.85,150,11340400
20221128,09:32:55,18656.25,200,11340400
20221128,09:32:56,18656.15,100,11340400
20221128,09:32:57,18654.80,200,11340400
20221128,09:32:58,18655.70,2000,11340400
20221128,09:32:59,18656.30,350,11340400
20221128,09:33:00,18656.45,300,11340400
20221128,09:33:01,18658.00,1000,11340400
20221128,09:33:02,18658.90,500,11340400
20221128,09:33:03,18658.90,300,11340400
20221128,09:33:04,18658.00,300,11340400
20221128,09:33:05,18657.20,1600,11340400
20221128,09:33:06,18659.00,1850,11340400
20221128,09:33:07,18659.00,100,11340400
20221128,09:33:08,18658.00,250,11340400
20221128,09:33:09,18658.00,100,11340400
20221128,09:33:10,18658.00,300,11340400
20221128,09:33:11,18657.90,300,11340400
20221128,09:33:12,18658.25,700,11340400
20221128,09:33:13,18659.05,2950,11340400
20221128,09:33:14,18658.75,550,11340400
20221128,09:33:15,18659.10,250,11340400
20221128,09:33:16,18659.10,850,11340400
20221128,09:33:17,18656.25,450,11340400
20221128,09:33:18,18657.20,450,11340400
20221128,09:33:19,18656.90,100,11340400
20221128,09:33:20,18657.15,650,11340400
20221128,09:33:22,18656.25,250,11340400
20221128,09:33:23,18656.00,300,11340400
20221128,09:33:25,18654.95,500,11340400
20221128,09:33:27,18655.60,200,11340400
20221128,09:33:28,18654.20,400,11340400
20221128,09:33:29,18654.45,250,11340400
20221128,09:33:30,18652.90,150,11340400
20221128,09:33:31,18652.40,900,11340400
20221128,09:33:32,18654.05,50,11340400
20221128,09:33:33,18654.05,50,11340400
20221128,09:33:34,18654.25,500,11340400
20221128,09:33:35,18654.00,1400,11340400
20221128,09:33:36,18654.45,250,11340400
20221128,09:33:37,18653.45,1850,11340400
20221128,09:33:38,18655.00,1800,11340400
20221128,09:33:39,18654.00,100,11340400
20221128,09:33:40,18656.00,300,11340400
20221128,09:33:41,18654.15,550,11340400
20221128,09:33:42,18655.00,100,11340400
20221128,09:33:43,18654.80,100,11340400
20221128,09:33:44,18656.25,1300,11340400
20221128,09:33:45,18657.20,200,11340400
20221128,09:33:46,18656.00,350,11340400
20221128,09:33:47,18655.60,650,11340400
20221128,09:33:49,18657.05,300,11340400
20221128,09:33:51,18657.50,600,11340400
20221128,09:33:52,18658.00,50,11340400
20221128,09:33:53,18656.00,150,11340400
20221128,09:33:54,18656.55,150,11340400
20221128,09:33:55,18656.00,150,11340400
20221128,09:33:56,18656.00,150,11340400
20221128,09:33:57,18655.75,100,11340400
20221128,09:33:58,18656.90,100,11340400
20221128,09:33:59,18656.00,3400,11340400
20221128,09:34:00,18657.00,2000,11340400
20221128,09:34:01,18657.00,200,11340400
20221128,09:34:03,18656.60,200,11340400
20221128,09:34:04,18658.00,150,11340400
20221128,09:34:05,18660.00,2750,11340400
20221128,09:34:06,18660.00,100,11340400
20221128,09:34:07,18660.00,100,11340400
20221128,09:34:08,18660.00,1600,11340400
20221128,09:34:09,18660.00,400,11340400
20221128,09:34:10,18660.00,300,11340400
20221128,09:34:11,18660.00,150,11340400
20221128,09:34:12,18660.00,250,11340400
20221128,09:34:14,18659.00,100,11340400
20221128,09:34:15,18659.95,200,11340400
20221128,09:34:16,18659.10,200,11340400
20221128,09:34:17,18660.00,250,11340400
20221128,09:34:18,18659.60,400,11340400
20221128,09:34:19,18660.00,1150,11340400
20221128,09:34:20,18662.80,5100,11340400
20221128,09:34:21,18663.85,600,11340400
20221128,09:34:22,18662.50,100,11340400
20221128,09:34:23,18662.15,150,11340400
20221128,09:34:24,18661.75,300,11340400
20221128,09:34:25,18660.00,250,11340400
20221128,09:34:26,18663.65,500,11340400
20221128,09:34:27,18661.50,200,11340400
20221128,09:34:28,18661.25,1050,11340400
20221128,09:34:29,18662.00,700,11340400
20221128,09:34:30,18661.00,50,11340400
20221128,09:34:31,18661.35,200,11340400
20221128,09:34:32,18661.00,300,11340400
20221128,09:34:33,18661.00,350,11340400
20221128,09:34:34,18661.00,100,11340400
20221128,09:34:35,18660.00,100,11340400
20221128,09:34:36,18661.00,300,11340400
20221128,09:34:37,18661.00,50,11340400
20221128,09:34:38,18661.00,100,11340400
20221128,09:34:39,18660.00,700,11340400
20221128,09:34:40,18661.00,550,11340400
20221128,09:34:41,18661.75,1200,11340400
20221128,09:34:42,18660.00,250,11340400
20221128,09:34:43,18660.00,2000,11340400
20221128,09:34:44,18660.00,50,11340400
20221128,09:34:45,18660.00,550,11340400
20221128,09:34:46,18661.95,250,11340400
20221128,09:34:47,18661.95,100,11340400
20221128,09:34:48,18660.50,250,11340400
20221128,09:34:49,18661.95,150,11340400
20221128,09:34:50,18661.60,200,11340400
20221128,09:34:51,18660.00,200,11340400
20221128,09:34:52,18660.00,1400,11340400
20221128,09:34:53,18658.80,350,11340400
20221128,09:34:55,18660.45,350,11340400
20221128,09:34:56,18660.80,200,11340400
20221128,09:34:57,18660.10,450,11340400
20221128,09:34:58,18660.45,150,11340400
20221128,09:34:59,18660.00,400,11340400
20221128,09:35:00,18659.95,250,11340400
20221128,09:35:01,18660.15,500,11340400
20221128,09:35:02,18660.60,100,11340400
20221128,09:35:03,18661.00,250,11340400
20221128,09:35:06,18661.00,450,11340400
20221128,09:35:07,18661.15,2400,11340400
20221128,09:35:08,18661.35,100,11340400
20221128,09:35:09,18661.00,100,11340400
20221128,09:35:10,18661.10,200,11340400
20221128,09:35:11,18661.00,950,11340400
20221128,09:35:12,18661.00,250,11340400
20221128,09:35:13,18661.00,400,11340400
20221128,09:35:15,18661.00,100,11340400
20221128,09:35:16,18660.90,200,11340400
20221128,09:35:17,18660.70,50,11340400
20221128,09:35:18,18661.60,400,11340400
20221128,09:35:19,18660.70,800,11340400
20221128,09:35:20,18661.00,150,11340400
20221128,09:35:21,18662.00,150,11340400
20221128,09:35:22,18663.95,1450,11381400
20221128,09:35:23,18661.20,450,11381400
20221128,09:35:24,18660.00,200,11381400
20221128,09:35:25,18660.95,150,11381400
20221128,09:35:26,18660.00,200,11381400
20221128,09:35:27,18660.90,100,11381400
20221128,09:35:28,18661.00,100,11381400
20221128,09:35:29,18662.15,200,11381400
20221128,09:35:31,18660.00,100,11381400
20221128,09:35:32,18660.70,100,11381400
20221128,09:35:33,18660.70,200,11381400
20221128,09:35:34,18660.55,200,11381400
20221128,09:35:35,18660.00,150,11381400
20221128,09:35:36,18660.05,400,11381400
20221128,09:35:37,18658.60,1100,11381400
20221128,09:35:38,18658.35,100,11381400
20221128,09:35:39,18656.00,1050,11381400
20221128,09:35:40,18657.60,100,11381400
20221128,09:35:42,18657.00,150,11381400
20221128,09:35:43,18656.15,150,11381400
20221128,09:35:44,18656.60,100,11381400
20221128,09:35:45,18656.70,600,11381400
20221128,09:35:46,18657.60,200,11381400
20221128,09:35:48,18658.35,450,11381400
20221128,09:35:48,18657.10,50,11381400
20221128,09:35:49,18656.30,450,11381400
20221128,09:35:50,18657.10,300,11381400
20221128,09:35:51,18657.60,200,11381400
20221128,09:35:53,18657.60,50,11381400
20221128,09:35:54,18657.00,350,11381400
20221128,09:35:55,18657.00,350,11381400
20221128,09:35:56,18656.60,50,11381400
20221128,09:35:57,18656.90,2800,11381400
20221128,09:35:59,18655.60,100,11381400
20221128,09:36:00,18655.60,200,11381400
20221128,09:36:01,18657.00,850,11381400
20221128,09:36:03,18657.10,500,11381400
20221128,09:36:04,18657.10,250,11381400
20221128,09:36:05,18657.10,1350,11381400
20221128,09:36:06,18657.00,50,11381400
20221128,09:36:07,18654.85,250,11381400
20221128,09:36:09,18654.20,1300,11381400
20221128,09:36:10,18655.70,400,11381400
20221128,09:36:11,18653.75,350,11381400
20221128,09:36:12,18653.95,450,11381400
20221128,09:36:13,18654.50,1900,11381400
20221128,09:36:15,18655.70,800,11381400
20221128,09:36:15,18653.90,100,11381400
20221128,09:36:16,18654.20,200,11381400
20221128,09:36:17,18653.20,350,11381400
20221128,09:36:18,18655.15,550,11381400
20221128,09:36:19,18653.80,650,11381400
20221128,09:36:21,18655.00,450,11381400
20221128,09:36:22,18653.20,1150,11381400
20221128,09:36:23,18652.90,900,11381400
20221128,09:36:24,18653.95,700,11381400
20221128,09:36:26,18653.25,400,11381400
20221128,09:36:27,18652.00,600,11381400
20221128,09:36:28,18652.00,450,11381400
20221128,09:36:29,18650.00,3750,11381400
20221128,09:36:30,18650.80,500,11381400
20221128,09:36:31,18650.70,1000,11381400
20221128,09:36:32,18648.25,1050,11381400
20221128,09:36:34,18647.65,1500,11381400
20221128,09:36:34,18647.40,50,11381400
20221128,09:36:35,18648.60,200,11381400
20221128,09:36:36,18648.15,650,11381400
20221128,09:36:37,18648.50,450,11381400
20221128,09:36:39,18649.20,800,11381400
20221128,09:36:39,18649.20,50,11381400
20221128,09:36:40,18650.00,1150,11381400
20221128,09:36:41,18651.10,850,11381400
20221128,09:36:42,18650.00,400,11381400
20221128,09:36:44,18650.00,350,11381400
20221128,09:36:44,18650.35,300,11381400
20221128,09:36:45,18650.75,200,11381400
20221128,09:36:46,18651.20,750,11381400
20221128,09:36:47,18651.20,200,11381400
20221128,09:36:49,18650.60,250,11381400
20221128,09:36:50,18651.30,150,11381400
20221128,09:36:51,18650.00,150,11381400
20221128,09:36:52,18650.60,400,11381400
20221128,09:36:54,18651.30,200,11381400
20221128,09:36:55,18652.00,400,11381400
20221128,09:36:56,18650.65,450,11381400
20221128,09:36:57,18651.00,200,11381400
20221128,09:36:59,18651.70,300,11381400
20221128,09:37:00,18654.00,200,11381400
20221128,09:37:01,18652.20,350,11381400
20221128,09:37:02,18652.20,200,11381400
20221128,09:37:04,18654.30,400,11381400
20221128,09:37:04,18654.00,50,11381400
20221128,09:37:05,18654.00,550,11381400
20221128,09:37:07,18652.40,350,11381400
20221128,09:37:09,18652.65,300,11381400
20221128,09:37:10,18653.05,350,11381400
20221128,09:37:11,18654.30,400,11381400
20221128,09:37:12,18655.00,50,11381400
20221128,09:37:14,18654.40,100,11381400
20221128,09:37:15,18654.40,300,11381400
20221128,09:37:16,18654.35,300,11381400
20221128,09:37:17,18655.00,150,11381400
20221128,09:37:19,18655.00,50,11381400
20221128,09:37:20,18654.20,1450,11381400
20221128,09:37:21,18655.65,350,11381400
20221128,09:37:22,18656.00,450,11381400
20221128,09:37:24,18654.20,150,11381400
20221128,09:37:25,18654.55,300,11381400
20221128,09:37:27,18656.25,350,11381400
20221128,09:37:28,18654.20,1600,11381400
20221128,09:37:30,18656.00,200,11381400
20221128,09:37:31,18654.30,100,11381400
20221128,09:37:32,18654.20,550,11381400
20221128,09:37:33,18654.00,50,11381400
20221128,09:37:36,18654.20,100,11381400
20221128,09:37:37,18654.20,150,11381400
20221128,09:37:38,18654.00,100,11381400
20221128,09:37:40,18653.50,200,11381400
20221128,09:37:41,18655.00,300,11381400
20221128,09:37:42,18656.30,2500,11381400
20221128,09:37:43,18656.15,100,11381400
20221128,09:37:44,18658.00,100,11381400
20221128,09:37:45,18654.95,1900,11381400
20221128,09:37:46,18657.00,150,11381400
20221128,09:37:47,18657.00,100,11381400
20221128,09:37:48,18657.00,50,11381400
20221128,09:37:49,18654.20,50,11381400
20221128,09:37:50,18654.95,100,11381400
20221128,09:37:51,18656.55,250,11381400
20221128,09:37:52,18656.95,50,11381400
20221128,09:37:55,18657.30,100,11381400
20221128,09:37:56,18656.90,150,11381400
20221128,09:37:57,18657.90,550,11381400
20221128,09:37:58,18657.50,50,11381400
20221128,09:37:59,18657.45,50,11381400
20221128,09:38:00,18656.60,50,11381400
20221128,09:38:02,18656.90,50,11381400
20221128,09:38:03,18656.15,550,11381400
20221128,09:38:04,18656.70,250,11381400
20221128,09:38:05,18657.00,250,11381400
20221128,09:38:08,18658.00,400,11381400
20221128,09:38:09,18656.15,150,11381400
20221128,09:38:10,18658.00,250,11381400
20221128,09:38:11,18658.00,100,11381400
20221128,09:38:12,18658.00,1650,11381400
20221128,09:38:13,18658.00,1350,11381400
20221128,09:38:14,18659.00,100,11381400
20221128,09:38:15,18657.05,50,11381400
20221128,09:38:16,18659.00,250,11381400
20221128,09:38:17,18658.25,100,11381400
20221128,09:38:18,18658.00,50,11381400
20221128,09:38:19,18660.00,750,11381400
20221128,09:38:20,18658.75,50,11381400
20221128,09:38:21,18660.00,200,11381400
20221128,09:38:22,18660.00,300,11413050
20221128,09:38:23,18660.00,50,11413050
20221128,09:38:25,18660.00,200,11413050
20221128,09:38:26,18658.55,300,11413050
20221128,09:38:27,18658.00,700,11413050
20221128,09:38:28,18656.40,100,11413050
20221128,09:38:30,18657.25,150,11413050
20221128,09:38:31,18656.95,50,11413050
20221128,09:38:32,18656.15,350,11413050
20221128,09:38:33,18656.15,50,11413050
20221128,09:38:35,18656.40,550,11413050
20221128,09:38:36,18656.40,250,11413050
20221128,09:38:36,18658.00,150,11413050
20221128,09:38:38,18658.00,100,11413050
20221128,09:38:40,18658.00,100,11413050
20221128,09:38:41,18657.45,100,11413050
20221128,09:38:42,18658.00,300,11413050
20221128,09:38:43,18658.50,300,11413050
20221128,09:38:45,18659.30,650,11413050
20221128,09:38:46,18660.10,800,11413050
20221128,09:38:47,18660.10,50,11413050
20221128,09:38:48,18660.10,50,11413050
20221128,09:38:50,18661.30,850,11413050
20221128,09:38:51,18660.00,500,11413050
20221128,09:38:52,18661.20,50,11413050
20221128,09:38:53,18660.50,200,11413050
20221128,09:38:55,18660.65,300,11413050
20221128,09:38:56,18661.45,1600,11413050
20221128,09:38:56,18661.45,200,11413050
20221128,09:38:57,18664.00,400,11413050
20221128,09:38:58,18664.95,2350,11413050
20221128,09:38:59,18665.00,500,11413050
20221128,09:39:00,18665.00,150,11413050
20221128,09:39:01,18667.65,4150,11413050
20221128,09:39:02,18669.40,3400,11413050
20221128,09:39:03,18668.30,750,11413050
20221128,09:39:04,18669.85,950,11413050
20221128,09:39:05,18669.85,50,11413050
20221128,09:39:06,18668.55,700,11413050
20221128,09:39:07,18669.90,1750,11413050
20221128,09:39:08,18666.55,400,11413050
20221128,09:39:09,18666.45,600,11413050
20221128,09:39:10,18666.45,700,11413050
20221128,09:39:11,18665.05,550,11413050
20221128,09:39:12,18667.05,100,11413050
20221128,09:39:13,18668.20,300,11413050
20221128,09:39:15,18666.90,200,11413050
20221128,09:39:16,18666.45,900,11413050
20221128,09:39:17,18666.30,200,11413050
20221128,09:39:18,18665.25,250,11413050
20221128,09:39:20,18665.25,1250,11413050
20221128,09:39:22,18665.10,300,11413050
20221128,09:39:24,18664.35,400,11413050
20221128,09:39:25,18664.95,950,11413050
20221128,09:39:26,18664.00,100,11413050
20221128,09:39:27,18664.95,50,11413050
20221128,09:39:29,18665.75,150,11413050
20221128,09:39:30,18666.65,250,11413050
20221128,09:39:31,18664.65,150,11413050
20221128,09:39:32,18665.05,150,11413050
20221128,09:39:33,18666.25,150,11413050
20221128,09:39:34,18666.90,300,11413050
20221128,09:39:35,18666.00,100,11413050
20221128,09:39:36,18665.80,250,11413050
20221128,09:39:37,18666.00,50,11413050
20221128,09:39:38,18666.00,1500,11413050
20221128,09:39:40,18665.00,50,11413050
20221128,09:39:41,18665.00,350,11413050
20221128,09:39:42,18665.10,1000,11413050
20221128,09:39:42,18665.20,50,11413050
20221128,09:39:43,18665.10,100,11413050
20221128,09:39:44,18665.25,1050,11413050
20221128,09:39:45,18665.00,250,11413050
20221128,09:39:46,18665.00,100,11413050
20221128,09:39:47,18666.25,600,11413050
20221128,09:39:48,18666.00,100,11413050
20221128,09:39:49,18666.60,50,11413050
20221128,09:39:50,18666.40,300,11413050
20221128,09:39:52,18665.85,900,11413050
20221128,09:39:53,18665.85,700,11413050
20221128,09:39:54,18665.10,50,11413050
20221128,09:39:55,18665.50,600,11413050
20221128,09:39:56,18666.90,250,11413050
20221128,09:39:57,18662.90,2800,11413050
20221128,09:39:58,18662.55,4950,11413050
20221128,09:39:59,18663.05,2900,11413050
20221128,09:40:00,18662.05,50,11413050
20221128,09:40:01,18663.15,50,11413050
20221128,09:40:02,18662.00,200,11413050
20221128,09:40:03,18662.55,100,11413050
20221128,09:40:04,18663.05,50,11413050
20221128,09:40:05,18665.00,350,11413050
20221128,09:40:06,18663.15,100,11413050
20221128,09:40:07,18663.15,400,11413050
20221128,09:40:09,18662.95,50,11413050
20221128,09:40:10,18662.05,450,11413050
20221128,09:40:11,18662.50,1900,11413050
20221128,09:40:12,18662.35,50,11413050
20221128,09:40:13,18662.65,350,11413050
20221128,09:40:14,18663.00,50,11413050
20221128,09:40:15,18662.00,800,11413050
20221128,09:40:16,18662.30,50,11413050
20221128,09:40:17,18662.30,150,11413050
20221128,09:40:18,18662.95,350,11413050
20221128,09:40:21,18661.50,200,11413050
20221128,09:40:22,18662.65,450,11413050
20221128,09:40:23,18661.65,100,11413050
20221128,09:40:24,18663.05,250,11413050
20221128,09:40:25,18662.95,1500,11413050
20221128,09:40:26,18662.95,150,11413050
20221128,09:40:27,18663.25,50,11413050
20221128,09:40:28,18663.25,100,11413050
20221128,09:40:29,18662.95,200,11413050
20221128,09:40:29,18662.30,50,11413050
20221128,09:40:30,18663.60,400,11413050
20221128,09:40:32,18663.40,300,11413050
20221128,09:40:33,18662.20,200,11413050
20221128,09:40:34,18662.15,2250,11413050
20221128,09:40:35,18664.05,100,11413050
20221128,09:40:36,18664.55,100,11413050
20221128,09:40:37,18665.00,150,11413050
20221128,09:40:38,18664.80,200,11413050
20221128,09:40:39,18663.65,200,11413050
20221128,09:40:40,18665.00,150,11413050
20221128,09:40:40,18665.40,100,11413050
20221128,09:40:43,18665.00,150,11413050
20221128,09:40:44,18664.05,150,11413050
20221128,09:40:46,18665.40,450,11413050
20221128,09:40:47,18665.45,400,11413050
20221128,09:40:48,18665.40,1000,11413050
20221128,09:40:49,18664.95,100,11413050
20221128,09:40:51,18665.00,150,11413050
20221128,09:40:54,18664.05,200,11413050
20221128,09:40:55,18662.60,50,11413050
20221128,09:40:56,18663.85,50,11413050
20221128,09:40:57,18665.10,1000,11413050
20221128,09:40:58,18663.05,650,11413050
20221128,09:40:59,18663.85,50,11413050
20221128,09:41:00,18662.90,50,11413050
20221128,09:41:01,18663.10,500,11413050
20221128,09:41:02,18662.70,150,11413050
20221128,09:41:03,18662.00,150,11413050
20221128,09:41:05,18663.85,200,11413050
20221128,09:41:06,18663.95,100,11413050
20221128,09:41:07,18663.95,200,11413050
20221128,09:41:08,18663.95,100,11413050
20221128,09:41:10,18663.95,100,11413050
20221128,09:41:11,18663.95,150,11413050
20221128,09:41:12,18664.65,300,11413050
20221128,09:41:13,18664.65,650,11413050
20221128,09:41:15,18665.00,750,11413050
20221128,09:41:16,18664.65,400,11413050
20221128,09:41:17,18664.65,600,11413050
20221128,09:41:17,18663.95,100,11413050
20221128,09:41:18,18664.05,250,11413050
20221128,09:41:20,18663.00,1650,11413050
20221128,09:41:21,18662.75,150,11413050
20221128,09:41:22,18663.35,100,11413050
20221128,09:41:23,18663.35,200,11423400
20221128,09:41:25,18661.95,100,11423400
20221128,09:41:26,18662.35,50,11423400
20221128,09:41:27,18661.90,50,11423400
20221128,09:41:28,18661.90,300,11423400
20221128,09:41:29,18661.40,200,11423400
20221128,09:41:31,18660.10,250,11423400
20221128,09:41:31,18661.00,150,11423400
20221128,09:41:32,18660.00,1450,11423400
20221128,09:41:33,18660.05,250,11423400
20221128,09:41:35,18659.15,150,11423400
20221128,09:41:36,18659.25,50,11423400
20221128,09:41:37,18659.15,150,11423400
20221128,09:41:38,18660.00,150,11423400
20221128,09:41:39,18660.85,250,11423400
20221128,09:41:42,18659.10,50,11423400
20221128,09:41:43,18659.00,150,11423400
20221128,09:41:44,18658.00,350,11423400
20221128,09:41:45,18659.00,200,11423400
20221128,09:41:46,18659.00,100,11423400
20221128,09:41:47,18658.00,250,11423400
20221128,09:41:48,18659.00,100,11423400
20221128,09:41:49,18658.05,200,11423400
20221128,09:41:50,18658.65,500,11423400
20221128,09:41:51,18659.00,300,11423400
20221128,09:41:52,18658.00,200,11423400
20221128,09:41:53,18658.50,150,11423400
20221128,09:41:54,18658.00,250,11423400
20221128,09:41:55,18657.00,1000,11423400
20221128,09:41:56,18656.00,200,11423400
20221128,09:41:57,18657.10,50,11423400
20221128,09:41:58,18656.35,200,11423400
20221128,09:41:59,18656.10,100,11423400
20221128,09:42:00,18658.75,400,11423400
20221128,09:42:01,18658.05,50,11423400
20221128,09:42:02,18658.00,200,11423400
20221128,09:42:03,18657.75,400,11423400
20221128,09:42:04,18659.15,350,11423400
20221128,09:42:05,18659.60,100,11423400
20221128,09:42:06,18661.00,1250,11423400
20221128,09:42:07,18660.05,400,11423400
20221128,09:42:08,18660.00,950,11423400
20221128,09:42:09,18660.05,100,11423400
20221128,09:42:10,18660.10,100,11423400
20221128,09:42:12,18661.90,50,11423400
20221128,09:42:13,18660.15,450,11423400
20221128,09:42:14,18661.70,100,11423400
20221128,09:42:15,18662.35,950,11423400
20221128,09:42:16,18663.05,350,11423400
20221128,09:42:17,18665.00,350,11423400
20221128,09:42:18,18665.00,50,11423400
20221128,09:42:19,18664.35,50,11423400
20221128,09:42:20,18662.85,500,11423400
20221128,09:42:23,18663.65,50,11423400
20221128,09:42:24,18665.00,300,11423400
20221128,09:42:25,18664.85,250,11423400
20221128,09:42:26,18663.95,300,11423400
20221128,09:42:28,18662.35,150,11423400
20221128,09:42:29,18662.35,100,11423400
20221128,09:42:30,18661.90,150,11423400
20221128,09:42:33,18661.05,600,11423400
20221128,09:42:34,18663.00,250,11423400
20221128,09:42:35,18663.00,100,11423400
20221128,09:42:36,18662.95,100,11423400
20221128,09:42:38,18663.75,450,11423400
20221128,09:42:39,18663.95,150,11423400
20221128,09:42:40,18662.95,50,11423400
20221128,09:42:41,18662.90,100,11423400
20221128,09:42:43,18664.75,50,11423400
20221128,09:42:45,18662.30,50,11423400
20221128,09:42:46,18663.00,250,11423400
20221128,09:42:47,18662.95,100,11423400
20221128,09:42:48,18662.95,450,11423400
20221128,09:42:49,18662.75,200,11423400
20221128,09:42:52,18662.75,250,11423400
20221128,09:42:53,18662.75,750,11423400
20221128,09:42:54,18662.00,150,11423400
20221128,09:42:55,18663.00,700,11423400
20221128,09:42:56,18664.00,800,11423400
20221128,09:42:57,18665.00,100,11423400
20221128,09:42:58,18662.90,550,11423400
20221128,09:42:59,18663.45,50,11423400
20221128,09:43:00,18663.00,150,11423400
20221128,09:43:01,18662.15,50,11423400
20221128,09:43:02,18661.85,50,11423400
20221128,09:43:03,18661.30,50,11423400
20221128,09:43:03,18662.00,50,11423400
20221128,09:43:04,18663.90,150,11423400
20221128,09:43:05,18662.90,300,11423400
20221128,09:43:07,18664.00,450,11423400
20221128,09:43:08,18664.00,950,11423400
20221128,09:43:09,18664.00,50,11423400
20221128,09:43:10,18664.00,250,11423400
20221128,09:43:10,18665.00,100,11423400
20221128,09:43:13,18664.00,50,11423400
20221128,09:43:14,18664.70,250,11423400
20221128,09:43:15,18664.00,200,11423400
20221128,09:43:16,18664.60,100,11423400
20221128,09:43:17,18663.40,1250,11423400
20221128,09:43:19,18663.10,200,11423400
20221128,09:43:20,18664.45,50,11423400
20221128,09:43:21,18663.25,600,11423400
20221128,09:43:22,18663.55,100,11423400
20221128,09:43:23,18663.65,50,11423400
20221128,09:43:24,18663.95,50,11423400
20221128,09:43:25,18664.00,300,11423400
20221128,09:43:26,18663.65,50,11423400
20221128,09:43:28,18662.95,1050,11423400
20221128,09:43:29,18664.90,550,11423400
20221128,09:43:30,18664.85,150,11423400
20221128,09:43:31,18663.05,850,11423400
20221128,09:43:32,18662.65,250,11423400
20221128,09:43:33,18662.65,700,11423400
20221128,09:43:34,18661.50,1000,11423400
20221128,09:43:36,18663.90,50,11423400
20221128,09:43:37,18663.00,250,11423400
20221128,09:43:38,18663.85,250,11423400
20221128,09:43:40,18663.95,150,11423400
20221128,09:43:41,18665.30,1950,11423400
20221128,09:43:42,18665.25,50,11423400
20221128,09:43:43,18666.00,100,11423400
20221128,09:43:44,18664.70,200,11423400
20221128,09:43:46,18666.00,400,11423400
20221128,09:43:47,18664.75,750,11423400
20221128,09:43:48,18666.20,200,11423400
20221128,09:43:49,18667.00,1200,11423400
20221128,09:43:50,18667.45,50,11423400
20221128,09:43:51,18666.20,200,11423400
20221128,09:43:53,18666.00,750,11423400
20221128,09:43:54,18667.00,50,11423400
20221128,09:43:55,18669.20,2300,11423400
20221128,09:43:56,18666.80,1650,11423400
20221128,09:43:57,18669.95,550,11423400
20221128,09:43:58,18674.50,14450,11423400
20221128,09:43:59,18674.50,500,11423400
20221128,09:44:00,18673.80,300,11423400
20221128,09:44:01,18674.95,700,11423400
20221128,09:44:02,18674.80,450,11423400
20221128,09:44:03,18675.60,7000,11423400
20221128,09:44:04,18674.90,450,11423400
20221128,09:44:05,18674.30,400,11423400
20221128,09:44:06,18673.05,750,11423400
20221128,09:44:07,18673.20,500,11423400
20221128,09:44:08,18674.90,800,11423400
20221128,09:44:09,18674.90,150,11423400
20221128,09:44:10,18673.80,350,11423400
20221128,09:44:11,18674.45,50,11423400
20221128,09:44:12,18674.30,900,11423400
20221128,09:44:14,18673.75,500,11423400
20221128,09:44:15,18673.95,50,11423400
20221128,09:44:16,18673.65,450,11423400
20221128,09:44:17,18674.00,100,11423400
20221128,09:44:18,18672.00,200,11423400
20221128,09:44:19,18672.75,650,11423400
20221128,09:44:20,18672.30,50,11423400
20221128,09:44:21,18672.05,2250,11423400
20221128,09:44:22,18672.45,300,11423400
20221128,09:44:23,18672.00,250,11423400
20221128,09:44:24,18672.00,200,11446100
20221128,09:44:25,18672.30,150,11446100
20221128,09:44:26,18672.30,100,11446100
20221128,09:44:27,18672.30,50,11446100
20221128,09:44:28,18672.25,150,11446100
20221128,09:44:29,18672.00,600,11446100
20221128,09:44:30,18672.00,350,11446100
20221128,09:44:31,18672.05,600,11446100
20221128,09:44:32,18672.25,250,11446100
20221128,09:44:34,18672.00,200,11446100
20221128,09:44:35,18672.75,50,11446100
20221128,09:44:36,18672.05,100,11446100
20221128,09:44:37,18672.20,50,11446100
20221128,09:44:38,18672.00,100,11446100
20221128,09:44:39,18672.00,650,11446100
20221128,09:44:40,18672.00,350,11446100
20221128,09:44:41,18672.75,700,11446100
20221128,09:44:42,18673.00,1000,11446100
20221128,09:44:43,18672.20,50,11446100
20221128,09:44:44,18672.00,1850,11446100
20221128,09:44:45,18672.10,300,11446100
20221128,09:44:46,18672.00,1300,11446100
20221128,09:44:47,18672.00,1650,11446100
20221128,09:44:48,18672.00,300,11446100
20221128,09:44:49,18672.00,200,11446100
20221128,09:44:50,18672.00,750,11446100
20221128,09:44:51,18672.00,400,11446100
20221128,09:44:52,18672.00,500,11446100
20221128,09:44:53,18672.00,150,11446100
20221128,09:44:54,18672.05,900,11446100
20221128,09:44:55,18672.30,600,11446100
20221128,09:44:56,18673.05,600,11446100
20221128,09:44:57,18672.10,150,11446100
20221128,09:44:59,18673.35,150,11446100
20221128,09:45:00,18672.90,1100,11446100
20221128,09:45:01,18672.00,17150,11446100
20221128,09:45:02,18671.05,6550,11446100
20221128,09:45:03,18672.05,650,11446100
20221128,09:45:04,18673.40,500,11446100
20221128,09:45:05,18672.10,100,11446100
20221128,09:45:06,18673.75,300,11446100
20221128,09:45:07,18675.00,1950,11446100
20221128,09:45:08,18677.30,4200,11446100
20221128,09:45:09,18679.00,2400,11446100
20221128,09:45:10,18679.50,1150,11446100
20221128,09:45:11,18679.50,550,11446100
20221128,09:45:12,18679.95,500,11446100
20221128,09:45:13,18681.20,4650,11446100
20221128,09:45:14,18681.20,1000,11446100
20221128,09:45:15,18679.95,600,11446100
20221128,09:45:16,18679.85,1900,11446100
20221128,09:45:17,18680.40,600,11446100
20221128,09:45:18,18679.90,650,11446100
20221128,09:45:19,18679.20,1200,11446100
20221128,09:45:20,18679.15,1050,11446100
20221128,09:45:21,18679.20,700,11446100
20221128,09:45:22,18678.40,1750,11446100
20221128,09:45:23,18680.00,750,11446100
20221128,09:45:24,18679.80,100,11446100
20221128,09:45:25,18682.55,2350,11446100
20221128,09:45:26,18680.00,300,11446100
20221128,09:45:27,18682.25,1800,11446100
20221128,09:45:28,18681.85,200,11446100
20221128,09:45:29,18681.60,450,11446100
20221128,09:45:30,18681.40,450,11446100
20221128,09:45:31,18682.90,1200,11446100
20221128,09:45:32,18683.00,650,11446100
20221128,09:45:33,18683.95,350,11446100
20221128,09:45:34,18683.60,350,11446100
20221128,09:45:35,18681.45,300,11446100
20221128,09:45:36,18683.30,150,11446100
20221128,09:45:37,18681.40,250,11446100
20221128,09:45:38,18680.20,350,11446100
20221128,09:45:39,18682.75,350,11446100
20221128,09:45:40,18681.45,200,11446100
20221128,09:45:41,18681.30,500,11446100
20221128,09:45:42,18680.00,50,11446100
20221128,09:45:43,18681.35,350,11446100
20221128,09:45:44,18680.00,100,11446100
20221128,09:45:45,18680.00,450,11446100
20221128,09:45:46,18680.00,250,11446100
20221128,09:45:47,18680.00,100,11446100
20221128,09:45:48,18680.50,250,11446100
20221128,09:45:49,18681.25,350,11446100
20221128,09:45:50,18680.00,350,11446100
20221128,09:45:51,18680.00,150,11446100
20221128,09:45:52,18680.90,650,11446100
20221128,09:45:53,18680.45,550,11446100
20221128,09:45:54,18681.05,200,11446100
20221128,09:45:55,18681.15,1900,11446100
20221128,09:45:56,18681.30,800,11446100
20221128,09:45:57,18681.75,1000,11446100
20221128,09:45:58,18681.40,1100,11446100
20221128,09:45:59,18680.50,100,11446100
20221128,09:46:00,18681.75,200,11446100
20221128,09:46:01,18680.50,1000,11446100
20221128,09:46:02,18681.75,1200,11446100
20221128,09:46:05,18681.25,350,11446100
20221128,09:46:06,18681.00,300,11446100
20221128,09:46:07,18680.55,150,11446100
20221128,09:46:08,18681.00,450,11446100
20221128,09:46:09,18680.00,550,11446100
20221128,09:46:10,18680.00,400,11446100
20221128,09:46:11,18679.85,2050,11446100
20221128,09:46:12,18679.05,900,11446100
20221128,09:46:13,18678.00,150,11446100
20221128,09:46:14,18678.00,100,11446100
20221128,09:46:15,18677.00,650,11446100
20221128,09:46:16,18676.00,100,11446100
20221128,09:46:18,18677.30,400,11446100
20221128,09:46:18,18678.00,150,11446100
20221128,09:46:19,18678.00,450,11446100
20221128,09:46:21,18676.45,200,11446100
20221128,09:46:22,18677.50,200,11446100
20221128,09:46:24,18677.00,200,11446100
20221128,09:46:25,18675.75,500,11446100
20221128,09:46:26,18678.50,50,11446100
20221128,09:46:27,18676.45,200,11446100
20221128,09:46:28,18676.05,200,11446100
20221128,09:46:30,18676.00,150,11446100
20221128,09:46:30,18676.00,50,11446100
20221128,09:46:31,18675.50,50,11446100
20221128,09:46:32,18676.20,300,11446100
20221128,09:46:33,18676.20,150,11446100
20221128,09:46:34,18676.45,50,11446100
20221128,09:46:35,18677.20,600,11446100
20221128,09:46:36,18677.20,100,11446100
20221128,09:46:37,18676.45,450,11446100
20221128,09:46:38,18676.45,1000,11446100
20221128,09:46:39,18676.45,100,11446100
20221128,09:46:40,18675.45,2200,11446100
20221128,09:46:42,18675.00,850,11446100
20221128,09:46:43,18674.95,50,11446100
20221128,09:46:44,18674.50,1250,11446100
20221128,09:46:45,18674.50,250,11446100
20221128,09:46:46,18675.00,1500,11446100
20221128,09:46:47,18674.50,650,11446100
20221128,09:46:48,18674.50,250,11446100
20221128,09:46:49,18675.00,600,11446100
20221128,09:46:50,18674.00,100,11446100
20221128,09:46:51,18674.00,150,11446100
20221128,09:46:52,18673.05,250,11446100
20221128,09:46:53,18673.10,250,11446100
20221128,09:46:55,18674.50,600,11446100
20221128,09:46:56,18673.15,100,11446100
20221128,09:46:57,18675.00,1350,11446100
20221128,09:46:59,18677.05,600,11446100
20221128,09:47:00,18677.20,100,11446100
20221128,09:47:01,18677.20,400,11446100
20221128,09:47:02,18677.40,150,11446100
20221128,09:47:04,18678.95,1000,11446100
20221128,09:47:05,18678.70,50,11446100
20221128,09:47:06,18679.00,100,11446100
20221128,09:47:07,18678.60,600,11446100
20221128,09:47:08,18678.15,250,11446100
20221128,09:47:09,18678.00,150,11446100
20221128,09:47:10,18678.00,450,11446100
20221128,09:47:11,18678.00,50,11446100
20221128,09:47:12,18677.20,150,11446100
20221128,09:47:13,18677.20,500,11446100
20221128,09:47:14,18677.20,250,11446100
20221128,09:47:15,18677.20,400,11446100
20221128,09:47:16,18676.85,50,11446100
20221128,09:47:18,18675.00,100,11446100
20221128,09:47:19,18676.60,50,11446100
20221128,09:47:20,18676.90,150,11446100
20221128,09:47:21,18675.00,100,11446100
20221128,09:47:23,18674.50,200,11446100
20221128,09:47:24,18674.50,50,11446100
20221128,09:47:25,18674.75,1800,11446100
20221128,09:47:26,18674.15,850,11486650
20221128,09:47:27,18673.00,1800,11486650
20221128,09:47:28,18672.00,250,11486650
20221128,09:47:29,18672.00,100,11486650
20221128,09:47:30,18672.00,200,11486650
20221128,09:47:31,18672.00,450,11486650
20221128,09:47:33,18672.50,800,11486650
20221128,09:47:35,18673.00,50,11486650
20221128,09:47:36,18672.50,250,11486650
20221128,09:47:37,18672.00,150,11486650
20221128,09:47:38,18672.50,300,11486650
20221128,09:47:39,18673.50,450,11486650
20221128,09:47:40,18673.50,50,11486650
20221128,09:47:41,18672.55,500,11486650
20221128,09:47:42,18671.95,150,11486650
20221128,09:47:43,18671.50,350,11486650
20221128,09:47:45,18671.85,50,11486650
20221128,09:47:46,18672.60,200,11486650
20221128,09:47:48,18674.00,950,11486650
20221128,09:47:49,18674.00,200,11486650
20221128,09:47:50,18674.70,300,11486650
20221128,09:47:51,18674.00,300,11486650
20221128,09:47:52,18674.00,50,11486650
20221128,09:47:53,18674.00,1150,11486650
20221128,09:47:54,18673.30,200,11486650
20221128,09:47:56,18673.15,100,11486650
20221128,09:47:57,18671.70,300,11486650
20221128,09:47:58,18671.00,1750,11486650
20221128,09:47:59,18671.45,200,11486650
20221128,09:48:00,18670.95,50,11486650
20221128,09:48:01,18670.40,50,11486650
20221128,09:48:03,18671.25,100,11486650
20221128,09:48:04,18671.75,50,11486650
20221128,09:48:05,18672.90,250,11486650
20221128,09:48:06,18672.55,200,11486650
20221128,09:48:08,18673.00,200,11486650
20221128,09:48:08,18671.60,150,11486650
20221128,09:48:09,18672.00,100,11486650
20221128,09:48:11,18672.80,50,11486650
20221128,09:48:12,18673.55,950,11486650
20221128,09:48:13,18674.00,150,11486650
20221128,09:48:14,18673.55,50,11486650
20221128,09:48:15,18673.00,250,11486650
20221128,09:48:16,18673.30,350,11486650
20221128,09:48:17,18673.00,150,11486650
20221128,09:48:18,18673.00,300,11486650
20221128,09:48:19,18673.00,300,11486650
20221128,09:48:20,18673.55,150,11486650
20221128,09:48:21,18673.50,100,11486650
20221128,09:48:22,18673.55,200,11486650
20221128,09:48:24,18673.00,50,11486650
20221128,09:48:25,18673.00,650,11486650
20221128,09:48:26,18673.00,50,11486650
20221128,09:48:29,18673.00,400,11486650
20221128,09:48:30,18673.00,50,11486650
20221128,09:48:31,18672.90,150,11486650
20221128,09:48:32,18672.80,1350,11486650
20221128,09:48:33,18671.10,250,11486650
20221128,09:48:34,18671.35,100,11486650
20221128,09:48:35,18671.75,50,11486650
20221128,09:48:36,18671.15,150,11486650
20221128,09:48:37,18671.25,250,11486650
20221128,09:48:38,18671.25,50,11486650
20221128,09:48:40,18670.55,1050,11486650
20221128,09:48:41,18671.25,50,11486650
20221128,09:48:41,18671.75,100,11486650
20221128,09:48:44,18672.55,50,11486650
20221128,09:48:45,18672.55,250,11486650
20221128,09:48:46,18672.65,50,11486650
20221128,09:48:47,18672.55,850,11486650
20221128,09:48:48,18672.80,200,11486650
20221128,09:48:50,18672.55,150,11486650
20221128,09:48:51,18672.00,300,11486650
20221128,09:48:52,18672.55,1350,11486650
20221128,09:48:53,18671.75,1450,11486650
20221128,09:48:54,18671.75,100,11486650
20221128,09:48:55,18671.75,450,11486650
20221128,09:48:57,18672.45,150,11486650
20221128,09:48:57,18671.05,400,11486650
20221128,09:48:58,18670.55,200,11486650
20221128,09:48:59,18671.25,100,11486650
20221128,09:49:01,18671.25,300,11486650
20221128,09:49:02,18671.50,1400,11486650
20221128,09:49:02,18671.50,100,11486650
20221128,09:49:03,18671.25,1700,11486650
20221128,09:49:04,18672.10,700,11486650
20221128,09:49:05,18672.55,1450,11486650
20221128,09:49:07,18672.30,150,11486650
20221128,09:49:08,18672.65,1250,11486650
20221128,09:49:08,18673.00,150,11486650
20221128,09:49:09,18672.60,200,11486650
20221128,09:49:10,18673.40,2250,11486650
20221128,09:49:11,18674.00,600,11486650
20221128,09:49:13,18675.00,750,11486650
20221128,09:49:14,18674.65,250,11486650
20221128,09:49:14,18675.00,300,11486650
20221128,09:49:15,18675.00,100,11486650
20221128,09:49:16,18675.20,1050,11486650
20221128,09:49:17,18676.00,50,11486650
20221128,09:49:18,18676.65,300,11486650
20221128,09:49:20,18677.00,400,11486650
20221128,09:49:21,18678.00,300,11486650
20221128,09:49:22,18676.60,100,11486650
20221128,09:49:22,18676.65,50,11486650
20221128,09:49:23,18676.45,100,11486650
20221128,09:49:24,18677.60,100,11486650
20221128,09:49:25,18676.80,300,11486650
20221128,09:49:26,18676.80,200,11486650
20221128,09:49:28,18675.30,350,11486650
20221128,09:49:29,18677.85,250,11486650
20221128,09:49:29,18676.60,50,11486650
20221128,09:49:30,18676.70,1550,11486650
20221128,09:49:32,18678.45,650,11486650
20221128,09:49:33,18679.30,100,11486650
20221128,09:49:34,18679.50,100,11486650
20221128,09:49:35,18679.95,800,11486650
20221128,09:49:36,18679.85,1350,11486650
20221128,09:49:37,18678.85,450,11486650
20221128,09:49:38,18678.45,100,11486650
20221128,09:49:39,18678.30,100,11486650
20221128,09:49:40,18677.25,1100,11486650
20221128,09:49:41,18677.00,350,11486650
20221128,09:49:42,18677.10,150,11486650
20221128,09:49:43,18677.35,50,11486650
20221128,09:49:44,18677.50,150,11486650
20221128,09:49:45,18677.30,50,11486650
20221128,09:49:46,18676.20,50,11486650
20221128,09:49:46,18676.10,350,11486650
20221128,09:49:47,18675.40,300,11486650
20221128,09:49:48,18674.80,300,11486650
20221128,09:49:49,18673.70,250,11486650
20221128,09:49:50,18676.05,350,11486650
20221128,09:49:51,18675.00,1050,11486650
20221128,09:49:52,18674.90,50,11486650
20221128,09:49:53,18676.65,150,11486650
20221128,09:49:54,18675.70,300,11486650
20221128,09:49:55,18675.00,950,11486650
20221128,09:49:56,18676.10,50,11486650
20221128,09:49:57,18676.65,50,11486650
20221128,09:49:59,18676.00,400,11486650
20221128,09:50:00,18675.40,500,11486650
20221128,09:50:01,18675.70,100,11486650
20221128,09:50:03,18677.00,350,11486650
20221128,09:50:04,18677.70,150,11486650
20221128,09:50:05,18678.10,700,11486650
20221128,09:50:06,18678.25,350,11486650
20221128,09:50:07,18677.60,50,11486650
20221128,09:50:09,18678.10,400,11486650
20221128,09:50:12,18677.00,1000,11486650
20221128,09:50:13,18678.95,1450,11486650
20221128,09:50:14,18678.00,700,11486650
20221128,09:50:15,18679.10,650,11486650
20221128,09:50:16,18679.40,400,11486650
20221128,09:50:17,18678.35,300,11486650
20221128,09:50:18,18677.60,50,11486650
20221128,09:50:20,18677.00,750,11486650
20221128,09:50:21,18678.10,100,11486650
20221128,09:50:22,18677.00,50,11486650
20221128,09:50:23,18677.80,50,11486650
20221128,09:50:25,18677.00,50,11486650
20221128,09:50:26,18677.25,1400,11511850
20221128,09:50:28,18675.00,200,11511850
20221128,09:50:29,18676.10,650,11511850
20221128,09:50:30,18676.10,200,11511850
20221128,09:50:32,18676.10,500,11511850
20221128,09:50:34,18675.80,2300,11511850
20221128,09:50:35,18674.40,100,11511850
20221128,09:50:36,18675.00,150,11511850
20221128,09:50:38,18674.40,150,11511850
20221128,09:50:40,18673.00,400,11511850
20221128,09:50:41,18674.25,1500,11511850
20221128,09:50:43,18673.15,350,11511850
20221128,09:50:44,18673.40,450,11511850
20221128,09:50:45,18673.05,200,11511850
20221128,09:50:46,18672.20,50,11511850
20221128,09:50:48,18672.20,50,11511850
20221128,09:50:50,18674.00,1000,11511850
20221128,09:50:51,18671.80,50,11511850
20221128,09:50:52,18672.70,100,11511850
20221128,09:50:53,18672.15,400,11511850
20221128,09:50:54,18673.25,650,11511850
20221128,09:50:55,18673.80,150,11511850
20221128,09:50:56,18674.00,1200,11511850
20221128,09:50:57,18673.20,50,11511850
20221128,09:50:58,18673.20,150,11511850
20221128,09:50:59,18673.45,300,11511850
20221128,09:51:00,18673.80,100,11511850
20221128,09:51:02,18672.55,400,11511850
20221128,09:51:03,18675.00,950,11511850
20221128,09:51:04,18675.65,200,11511850
20221128,09:51:04,18674.85,100,11511850
20221128,09:51:05,18676.05,250,11511850
20221128,09:51:07,18675.70,500,11511850
20221128,09:51:08,18674.35,850,11511850
20221128,09:51:09,18675.00,1100,11511850
20221128,09:51:10,18674.70,1100,11511850
20221128,09:51:11,18674.35,200,11511850
20221128,09:51:13,18674.35,700,11511850
20221128,09:51:14,18674.20,1350,11511850
20221128,09:51:15,18674.40,1100,11511850
20221128,09:51:16,18674.45,100,11511850
20221128,09:51:17,18675.00,50,11511850
20221128,09:51:19,18674.65,100,11511850
20221128,09:51:20,18673.70,250,11511850
20221128,09:51:22,18672.55,150,11511850
20221128,09:51:23,18672.55,100,11511850
20221128,09:51:25,18673.65,500,11511850
20221128,09:51:26,18672.75,1150,11511850
20221128,09:51:27,18673.05,400,11511850
20221128,09:51:29,18673.35,200,11511850
20221128,09:51:31,18672.70,50,11511850
20221128,09:51:32,18673.20,350,11511850
20221128,09:51:33,18673.25,850,11511850
20221128,09:51:34,18673.30,450,11511850
20221128,09:51:37,18673.80,150,11511850
20221128,09:51:38,18673.10,300,11511850
20221128,09:51:39,18674.30,150,11511850
20221128,09:51:40,18673.25,50,11511850
20221128,09:51:41,18674.00,100,11511850
20221128,09:51:43,18674.00,200,11511850
20221128,09:51:44,18674.00,150,11511850
20221128,09:51:46,18673.40,200,11511850
20221128,09:51:47,18674.30,1050,11511850
20221128,09:51:49,18675.00,1250,11511850
20221128,09:51:50,18674.65,50,11511850
20221128,09:51:51,18674.55,700,11511850
20221128,09:51:52,18674.70,100,11511850
20221128,09:51:53,18673.95,50,11511850
20221128,09:51:56,18676.10,1250,11511850
20221128,09:51:57,18674.80,550,11511850
20221128,09:51:57,18674.80,50,11511850
20221128,09:51:58,18676.30,250,11511850
20221128,09:52:00,18676.30,150,11511850
20221128,09:52:01,18676.00,200,11511850
20221128,09:52:05,18676.30,250,11511850
20221128,09:52:07,18675.75,200,11511850
20221128,09:52:08,18675.30,250,11511850
20221128,09:52:09,18675.30,50,11511850
20221128,09:52:10,18675.00,150,11511850
20221128,09:52:11,18674.80,50,11511850
20221128,09:52:13,18675.30,250,11511850
20221128,09:52:14,18676.00,150,11511850
20221128,09:52:15,18676.30,1050,11511850
20221128,09:52:15,18677.25,150,11511850
20221128,09:52:16,18675.05,1000,11511850
20221128,09:52:19,18675.55,400,11511850
20221128,09:52:20,18675.20,200,11511850
20221128,09:52:21,18675.00,150,11511850
20221128,09:52:22,18675.30,500,11511850
20221128,09:52:23,18676.10,1100,11511850
20221128,09:52:25,18675.05,300,11511850
20221128,09:52:26,18675.30,50,11511850
20221128,09:52:27,18675.00,100,11511850
20221128,09:52:27,18674.30,450,11511850
20221128,09:52:31,18672.10,200,11511850
20221128,09:52:33,18673.60,50,11511850
20221128,09:52:34,18674.30,700,11511850
20221128,09:52:35,18675.05,150,11511850
20221128,09:52:36,18674.80,250,11511850
20221128,09:52:37,18674.70,100,11511850
20221128,09:52:38,18674.50,200,11511850
20221128,09:52:40,18673.85,250,11511850
20221128,09:52:43,18672.60,300,11511850
20221128,09:52:44,18673.80,150,11511850
20221128,09:52:45,18674.15,400,11511850
20221128,09:52:47,18674.15,300,11511850
20221128,09:52:48,18674.20,300,11511850
20221128,09:52:49,18674.10,300,11511850
20221128,09:52:50,18672.80,300,11511850
20221128,09:52:52,18673.40,150,11511850
20221128,09:52:53,18673.75,250,11511850
20221128,09:52:54,18674.75,50,11511850
20221128,09:52:55,18674.65,250,11511850
20221128,09:52:57,18674.25,50,11511850
20221128,09:52:58,18674.60,300,11511850
20221128,09:52:59,18672.90,300,11511850
20221128,09:52:59,18673.55,50,11511850
20221128,09:53:00,18673.10,1350,11511850
20221128,09:53:02,18672.60,150,11511850
20221128,09:53:03,18673.30,750,11511850
20221128,09:53:04,18672.20,1400,11511850
20221128,09:53:04,18672.55,1250,11511850
20221128,09:53:06,18672.90,50,11511850
20221128,09:53:07,18672.75,550,11511850
20221128,09:53:09,18672.85,200,11511850
20221128,09:53:10,18672.00,200,11511850
20221128,09:53:12,18671.30,350,11511850
20221128,09:53:13,18671.95,50,11511850
20221128,09:53:14,18671.90,100,11511850
20221128,09:53:15,18671.15,100,11511850
20221128,09:53:15,18671.60,200,11511850
20221128,09:53:17,18671.00,100,11511850
20221128,09:53:18,18671.65,300,11511850
20221128,09:53:19,18671.00,200,11511850
20221128,09:53:20,18671.90,300,11511850
20221128,09:53:22,18671.40,700,11511850
20221128,09:53:23,18671.70,50,11511850
20221128,09:53:24,18671.95,550,11511850
20221128,09:53:25,18672.40,200,11536000
20221128,09:53:27,18673.50,500,11536000
20221128,09:53:28,18672.95,600,11536000
20221128,09:53:29,18673.45,100,11536000
20221128,09:53:30,18673.35,250,11536000
20221128,09:53:31,18673.30,450,11536000
20221128,09:53:34,18672.40,150,11536000
20221128,09:53:36,18672.95,50,11536000
20221128,09:53:39,18671.90,100,11536000
20221128,09:53:40,18671.55,150,11536000
20221128,09:53:41,18671.10,100,11536000
20221128,09:53:43,18671.55,50,11536000
20221128,09:53:45,18671.90,450,11536000
20221128,09:53:48,18670.55,450,11536000
20221128,09:53:50,18670.00,3050,11536000
20221128,09:53:50,18669.00,6550,11536000
20221128,09:53:51,18668.60,350,11536000
20221128,09:53:52,18668.50,100,11536000
20221128,09:53:53,18668.80,500,11536000
20221128,09:53:55,18670.00,750,11536000
20221128,09:53:56,18670.10,150,11536000
20221128,09:53:57,18670.65,500,11536000
20221128,09:53:58,18669.55,450,11536000
20221128,09:53:59,18670.10,200,11536000
20221128,09:54:00,18670.00,200,11536000
20221128,09:54:01,18668.80,350,11536000
20221128,09:54:02,18668.00,650,11536000
20221128,09:54:03,18668.35,500,11536000
20221128,09:54:04,18670.00,200,11536000
20221128,09:54:05,18669.80,200,11536000
20221128,09:54:06,18668.60,350,11536000
20221128,09:54:07,18668.20,800,11536000
20221128,09:54:07,18668.00,400,11536000
20221128,09:54:09,18668.10,350,11536000
20221128,09:54:10,18669.85,50,11536000
20221128,09:54:11,18670.00,550,11536000
20221128,09:54:12,18668.80,300,11536000
20221128,09:54:13,18669.25,50,11536000
20221128,09:54:15,18670.00,250,11536000
20221128,09:54:16,18668.50,50,11536000
20221128,09:54:18,18670.00,50,11536000
20221128,09:54:19,18668.30,100,11536000
20221128,09:54:20,18668.40,150,11536000
20221128,09:54:24,18668.85,1750,11536000
20221128,09:54:25,18669.05,1500,11536000
20221128,09:54:26,18669.05,650,11536000
20221128,09:54:27,18670.10,400,11536000
20221128,09:54:29,18668.50,50,11536000
20221128,09:54:30,18670.00,150,11536000
20221128,09:54:31,18670.00,150,11536000
20221128,09:54:33,18669.25,300,11536000
20221128,09:54:34,18671.70,600,11536000
20221128,09:54:35,18672.00,100,11536000
20221128,09:54:36,18671.40,200,11536000
20221128,09:54:36,18672.00,50,11536000
20221128,09:54:38,18672.00,250,11536000
20221128,09:54:39,18672.00,150,11536000
20221128,09:54:40,18672.95,250,11536000
20221128,09:54:41,18671.70,100,11536000
20221128,09:54:41,18672.00,50,11536000
20221128,09:54:43,18672.90,100,11536000
20221128,09:54:44,18672.90,50,11536000
20221128,09:54:45,18672.90,50,11536000
20221128,09:54:46,18672.50,50,11536000
20221128,09:54:46,18673.00,100,11536000
20221128,09:54:49,18672.50,50,11536000
20221128,09:54:50,18671.10,1750,11536000
20221128,09:54:51,18672.00,50,11536000
20221128,09:54:52,18673.00,100,11536000
20221128,09:54:54,18672.20,200,11536000
20221128,09:54:55,18672.20,150,11536000
20221128,09:54:56,18673.00,50,11536000
20221128,09:54:59,18672.90,100,11536000
20221128,09:55:00,18672.75,50,11536000
20221128,09:55:01,18670.85,50,11536000
20221128,09:55:04,18670.70,100,11536000
20221128,09:55:05,18670.85,300,11536000
20221128,09:55:07,18670.70,50,11536000
20221128,09:55:09,18673.00,200,11536000
20221128,09:55:10,18672.80,100,11536000
20221128,09:55:11,18670.80,750,11536000
20221128,09:55:12,18670.80,150,11536000
20221128,09:55:13,18670.95,50,11536000
20221128,09:55:14,18672.80,100,11536000
20221128,09:55:15,18671.90,900,11536000
20221128,09:55:18,18672.95,100,11536000
20221128,09:55:19,18670.70,150,11536000
20221128,09:55:20,18670.70,150,11536000
20221128,09:55:21,18671.90,100,11536000
20221128,09:55:24,18671.85,150,11536000
20221128,09:55:26,18671.85,150,11536000
20221128,09:55:27,18671.50,50,11536000
20221128,09:55:28,18671.50,50,11536000
20221128,09:55:30,18671.50,50,11536000
20221128,09:55:31,18671.10,50,11536000
20221128,09:55:32,18671.90,350,11536000
20221128,09:55:33,18671.25,50,11536000
20221128,09:55:34,18670.30,200,11536000
20221128,09:55:36,18671.85,250,11536000
20221128,09:55:39,18670.90,50,11536000
20221128,09:55:41,18671.05,300,11536000
20221128,09:55:42,18670.40,100,11536000
20221128,09:55:43,18670.40,50,11536000
20221128,09:55:44,18670.90,150,11536000
20221128,09:55:45,18671.10,800,11536000
20221128,09:55:46,18670.55,1000,11536000
20221128,09:55:47,18671.40,100,11536000
20221128,09:55:48,18670.85,50,11536000
20221128,09:55:49,18670.55,500,11536000
20221128,09:55:51,18673.00,550,11536000
20221128,09:55:52,18671.30,100,11536000
20221128,09:55:53,18671.40,300,11536000
20221128,09:55:54,18671.85,100,11536000
20221128,09:55:55,18673.00,300,11536000
20221128,09:55:57,18672.85,150,11536000
20221128,09:55:59,18672.70,50,11536000
20221128,09:56:00,18672.65,250,11536000
20221128,09:56:02,18672.25,1100,11536000
20221128,09:56:03,18673.10,600,11536000
20221128,09:56:04,18673.45,950,11536000
20221128,09:56:05,18672.50,50,11536000
20221128,09:56:06,18671.75,250,11536000
20221128,09:56:07,18673.45,50,11536000
20221128,09:56:09,18672.50,100,11536000
20221128,09:56:10,18672.50,100,11536000
20221128,09:56:11,18673.75,650,11536000
20221128,09:56:13,18673.00,300,11536000
20221128,09:56:14,18672.05,50,11536000
20221128,09:56:15,18672.50,50,11536000
20221128,09:56:16,18673.40,200,11536000
20221128,09:56:17,18673.00,250,11536000
20221128,09:56:18,18672.50,150,11536000
20221128,09:56:19,18671.90,150,11536000
20221128,09:56:21,18672.90,250,11536000
20221128,09:56:25,18672.00,100,11555300
20221128,09:56:26,18672.90,50,11555300
20221128,09:56:27,18672.20,50,11555300
20221128,09:56:28,18672.00,150,11555300
20221128,09:56:30,18672.95,100,11555300
20221128,09:56:31,18672.90,150,11555300
20221128,09:56:32,18672.90,50,11555300
20221128,09:56:33,18672.55,450,11555300
20221128,09:56:34,18672.50,150,11555300
20221128,09:56:35,18672.50,200,11555300
20221128,09:56:36,18672.50,50,11555300
20221128,09:56:37,18672.50,800,11555300
20221128,09:56:38,18672.95,50,11555300
20221128,09:56:39,18672.95,100,11555300
20221128,09:56:40,18672.50,150,11555300
20221128,09:56:41,18672.50,100,11555300
20221128,09:56:42,18672.50,50,11555300
20221128,09:56:43,18672.50,150,11555300
20221128,09:56:45,18672.95,50,11555300
20221128,09:56:46,18672.30,150,11555300
20221128,09:56:50,18672.30,50,11555300
20221128,09:56:52,18671.85,100,11555300
20221128,09:56:53,18671.10,750,11555300
20221128,09:56:54,18671.10,100,11555300
20221128,09:56:55,18671.10,100,11555300
20221128,09:56:56,18671.05,150,11555300
20221128,09:56:57,18670.20,300,11555300
20221128,09:56:58,18670.10,50,11555300
20221128,09:56:59,18670.40,50,11555300
20221128,09:57:01,18670.00,100,11555300
20221128,09:57:02,18669.00,500,11555300
20221128,09:57:03,18669.00,100,11555300
20221128,09:57:04,18669.00,200,11555300
20221128,09:57:05,18669.00,100,11555300
20221128,09:57:06,18669.65,1150,11555300
20221128,09:57:07,18670.40,250,11555300
20221128,09:57:08,18670.25,450,11555300
20221128,09:57:09,18670.25,300,11555300
20221128,09:57:10,18670.25,300,11555300
20221128,09:57:11,18671.70,100,11555300
20221128,09:57:13,18669.60,100,11555300
20221128,09:57:15,18671.00,50,11555300
20221128,09:57:17,18671.00,350,11555300
20221128,09:57:19,18672.05,1100,11555300
20221128,09:57:20,18672.10,150,11555300
20221128,09:57:21,18672.75,350,11555300
20221128,09:57:22,18674.00,1900,11555300
20221128,09:57:23,18672.20,600,11555300
20221128,09:57:24,18671.20,2250,11555300
20221128,09:57:25,18671.10,1150,11555300
20221128,09:57:26,18671.00,1300,11555300
20221128,09:57:27,18670.75,1050,11555300
20221128,09:57:28,18670.35,400,11555300
20221128,09:57:29,18670.60,1050,11555300
20221128,09:57:30,18670.05,1250,11555300
20221128,09:57:31,18670.40,1200,11555300
20221128,09:57:32,18670.00,1150,11555300
20221128,09:57:34,18669.75,850,11555300
20221128,09:57:35,18670.15,100,11555300
20221128,09:57:36,18671.10,400,11555300
20221128,09:57:37,18671.10,500,11555300
20221128,09:57:38,18671.10,200,11555300
20221128,09:57:39,18671.10,50,11555300
20221128,09:57:40,18670.35,200,11555300
20221128,09:57:41,18672.00,300,11555300
20221128,09:57:42,18670.20,250,11555300
20221128,09:57:43,18670.15,150,11555300
20221128,09:57:44,18670.00,50,11555300
20221128,09:57:45,18669.00,50,11555300
20221128,09:57:47,18669.10,50,11555300
20221128,09:57:48,18669.45,400,11555300
20221128,09:57:49,18671.05,100,11555300
20221128,09:57:53,18669.00,50,11555300
20221128,09:57:55,18668.05,850,11555300
20221128,09:57:56,18667.25,200,11555300
20221128,09:57:57,18669.05,50,11555300
20221128,09:57:58,18667.00,1800,11555300
20221128,09:57:59,18666.60,500,11555300
20221128,09:58:00,18668.75,150,11555300
20221128,09:58:01,18666.70,100,11555300
20221128,09:58:03,18666.30,150,11555300
20221128,09:58:04,18666.30,100,11555300
20221128,09:58:05,18666.30,50,11555300
20221128,09:58:06,18669.00,150,11555300
20221128,09:58:07,18666.85,50,11555300
20221128,09:58:08,18666.80,200,11555300
20221128,09:58:09,18667.45,150,11555300
20221128,09:58:10,18670.00,650,11555300
20221128,09:58:11,18670.40,350,11555300
20221128,09:58:12,18670.05,200,11555300
20221128,09:58:13,18670.00,100,11555300
20221128,09:58:14,18670.05,350,11555300
20221128,09:58:15,18670.95,300,11555300
20221128,09:58:16,18669.80,50,11555300
20221128,09:58:17,18670.05,400,11555300
20221128,09:58:19,18667.75,2250,11555300
20221128,09:58:20,18667.50,50,11555300
20221128,09:58:21,18670.00,100,11555300
20221128,09:58:22,18668.35,500,11555300
20221128,09:58:23,18670.05,900,11555300
20221128,09:58:24,18669.10,400,11555300
20221128,09:58:25,18669.10,50,11555300
20221128,09:58:27,18667.95,200,11555300
20221128,09:58:29,18667.95,50,11555300
20221128,09:58:29,18670.40,50,11555300
20221128,09:58:30,18668.30,250,11555300
20221128,09:58:31,18670.35,350,11555300
20221128,09:58:32,18671.95,750,11555300
20221128,09:58:33,18670.10,150,11555300
20221128,09:58:34,18670.30,100,11555300
20221128,09:58:35,18672.85,550,11555300
20221128,09:58:36,18671.35,250,11555300
20221128,09:58:37,18671.30,300,11555300
20221128,09:58:38,18672.10,150,11555300
20221128,09:58:39,18672.10,1550,11555300
20221128,09:58:41,18673.00,400,11555300
20221128,09:58:42,18669.80,2000,11555300
20221128,09:58:43,18670.25,200,11555300
20221128,09:58:44,18670.00,150,11555300
20221128,09:58:45,18670.25,600,11555300
20221128,09:58:46,18670.00,200,11555300
20221128,09:58:47,18669.15,100,11555300
20221128,09:58:48,18669.10,250,11555300
20221128,09:58:50,18669.35,50,11555300
20221128,09:58:51,18670.00,250,11555300
20221128,09:58:52,18670.00,250,11555300
20221128,09:58:53,18670.00,300,11555300
20221128,09:58:56,18670.25,650,11555300
20221128,09:58:57,18670.10,350,11555300
20221128,09:58:58,18671.95,650,11555300
20221128,09:58:59,18671.25,950,11555300
20221128,09:59:00,18669.45,350,11555300
20221128,09:59:01,18670.00,200,11555300
20221128,09:59:02,18671.95,350,11555300
20221128,09:59:03,18670.00,50,11555300
20221128,09:59:04,18670.00,350,11555300
20221128,09:59:05,18670.25,100,11555300
20221128,09:59:06,18670.25,50,11555300
20221128,09:59:11,18670.90,50,11555300
20221128,09:59:12,18672.35,50,11555300
20221128,09:59:13,18671.25,150,11555300
20221128,09:59:14,18670.90,200,11555300
20221128,09:59:16,18670.55,250,11555300
20221128,09:59:17,18670.00,150,11555300
20221128,09:59:18,18670.10,400,11555300
20221128,09:59:19,18669.20,100,11555300
20221128,09:59:20,18670.25,150,11555300
20221128,09:59:21,18669.10,200,11555300
20221128,09:59:22,18669.80,100,11555300
20221128,09:59:24,18669.85,50,11555300
20221128,09:59:25,18669.10,1600,11555300
20221128,09:59:26,18668.50,100,11579800
20221128,09:59:27,18668.00,300,11579800
20221128,09:59:28,18666.60,250,11579800
20221128,09:59:29,18666.00,1200,11579800
20221128,09:59:31,18665.80,100,11579800
20221128,09:59:33,18665.00,1150,11579800
20221128,09:59:34,18665.00,600,11579800
20221128,09:59:35,18664.00,300,11579800
20221128,09:59:38,18663.10,200,11579800
20221128,09:59:39,18662.80,100,11579800
20221128,09:59:40,18662.40,150,11579800
20221128,09:59:41,18662.90,350,11579800
20221128,09:59:43,18662.95,450,11579800
20221128,09:59:43,18663.30,50,11579800
20221128,09:59:44,18663.00,350,11579800
20221128,09:59:45,18664.90,350,11579800
20221128,09:59:46,18663.45,200,11579800
20221128,09:59:48,18662.00,3550,11579800
20221128,09:59:49,18662.50,1050,11579800
20221128,09:59:50,18661.75,750,11579800
20221128,09:59:51,18664.05,200,11579800
20221128,09:59:53,18663.30,150,11579800
20221128,09:59:54,18665.05,150,11579800
20221128,09:59:54,18665.80,50,11579800
20221128,09:59:55,18665.00,450,11579800
20221128,09:59:56,18666.05,400,11579800
20221128,09:59:58,18665.00,150,11579800
20221128,09:59:59,18664.35,400,11579800
20221128,10:00:00,18665.25,50,11579800
20221128,10:00:01,18666.05,300,11579800
20221128,10:00:03,18664.30,500,11579800
20221128,10:00:04,18664.85,400,11579800
20221128,10:00:04,18662.50,800,11579800
20221128,10:00:05,18664.90,500,11579800
20221128,10:00:06,18665.00,250,11579800
20221128,10:00:08,18665.70,800,11579800
20221128,10:00:09,18665.70,300,11579800
20221128,10:00:09,18665.55,50,11579800
20221128,10:00:10,18665.85,650,11579800
20221128,10:00:11,18664.90,500,11579800
20221128,10:00:13,18668.40,300,11579800
20221128,10:00:14,18665.80,250,11579800
20221128,10:00:15,18668.85,250,11579800
20221128,10:00:16,18666.15,100,11579800
20221128,10:00:19,18666.25,100,11579800
20221128,10:00:20,18668.00,50,11579800
20221128,10:00:21,18668.00,50,11579800
20221128,10:00:23,18667.30,50,11579800
20221128,10:00:24,18666.60,50,11579800
20221128,10:00:25,18666.15,350,11579800
20221128,10:00:26,18666.60,1400,11579800
20221128,10:00:28,18668.25,200,11579800
20221128,10:00:29,18668.00,750,11579800
20221128,10:00:30,18669.85,250,11579800
20221128,10:00:31,18667.55,100,11579800
20221128,10:00:32,18666.15,500,11579800
20221128,10:00:34,18666.00,200,11579800
20221128,10:00:35,18668.60,300,11579800
20221128,10:00:35,18666.50,50,11579800
20221128,10:00:37,18666.60,150,11579800
20221128,10:00:38,18666.05,500,11579800
20221128,10:00:39,18665.85,100,11579800
20221128,10:00:40,18666.50,50,11579800
20221128,10:00:42,18666.00,250,11579800
20221128,10:00:43,18668.50,250,11579800
20221128,10:00:43,18668.60,50,11579800
20221128,10:00:44,18666.30,50,11579800
20221128,10:00:45,18666.30,100,11579800
20221128,10:00:47,18666.15,200,11579800
20221128,10:00:48,18665.95,50,11579800
20221128,10:00:49,18665.80,150,11579800
20221128,10:00:54,18666.00,100,11579800
20221128,10:00:55,18665.80,100,11579800
20221128,10:00:56,18665.15,100,11579800
20221128,10:00:57,18665.55,50,11579800
20221128,10:00:58,18665.80,50,11579800
20221128,10:01:00,18665.00,500,11579800
20221128,10:01:01,18664.00,150,11579800
20221128,10:01:01,18665.00,50,11579800
20221128,10:01:02,18665.00,200,11579800
20221128,10:01:03,18665.00,100,11579800
20221128,10:01:04,18662.75,200,11579800
20221128,10:01:06,18664.40,750,11579800
20221128,10:01:07,18663.10,150,11579800
20221128,10:01:08,18663.15,50,11579800
20221128,10:01:09,18663.40,350,11579800
20221128,10:01:11,18663.25,100,11579800
20221128,10:01:12,18665.80,1550,11579800
20221128,10:01:13,18664.00,750,11579800
20221128,10:01:14,18663.70,500,11579800
