20221128,09:15:00,18698.80,1,1095550
20221128,09:15:00,18700.00,100,1095550
20221128,09:15:01,18717.35,250,1095550
20221128,09:15:02,18701.60,100,1095550
20221128,09:15:03,18699.85,50,1095550
20221128,09:15:04,18700.40,400,1095550
20221128,09:15:05,18684.65,1550,1095550
20221128,09:15:06,18700.05,2150,1095550
20221128,09:15:07,18710.80,1900,1095550
20221128,09:15:09,18697.75,300,1095550
20221128,09:15:10,18705.00,150,1095550
20221128,09:15:12,18710.40,800,1095550
20221128,09:15:13,18713.70,200,1095550
20221128,09:15:14,18715.55,100,1095550
20221128,09:15:15,18708.35,50,1095550
20221128,09:15:16,18708.30,500,1095550
20221128,09:15:17,18709.05,50,1095550
20221128,09:15:20,18705.00,300,1095550
20221128,09:15:20,18705.00,50,1095550
20221128,09:15:21,18709.85,50,1095550
20221128,09:15:22,18705.05,50,1095550
20221128,09:15:23,18705.50,100,1095550
20221128,09:15:24,18709.05,150,1095550
20221128,09:15:27,18712.95,50,1095550
20221128,09:15:29,18706.95,100,1095550
20221128,09:15:30,18705.00,450,1095550
20221128,09:15:31,18707.65,850,1095550
20221128,09:15:33,18706.00,450,1095550
20221128,09:15:34,18698.30,650,1095550
20221128,09:15:35,18700.55,150,1095550
20221128,09:15:36,18700.80,250,1095550
20221128,09:15:37,18702.90,150,1095550
20221128,09:15:39,18701.30,100,1095550
20221128,09:15:40,18706.80,550,1095550
20221128,09:15:44,18706.75,50,1095550
20221128,09:15:46,18707.40,150,1095550
20221128,09:15:47,18707.20,50,1095550
20221128,09:15:49,18707.95,150,1095550
20221128,09:15:50,18708.05,100,1095550
20221128,09:15:51,18708.05,50,1095550
20221128,09:15:54,18709.00,50,1095550
20221128,09:15:55,18707.20,100,1095550
20221128,09:15:56,18708.05,50,1095550
20221128,09:15:57,18709.80,50,1095550
20221128,09:15:58,18709.40,50,1095550
20221128,09:15:59,18707.95,150,1095550
20221128,09:16:02,18709.60,550,1095550
20221128,09:16:04,18705.30,200,1095550
20221128,09:16:05,18709.95,100,1095550
20221128,09:16:06,18711.40,100,1095550
20221128,09:16:07,18711.90,50,1095550
20221128,09:16:08,18712.95,50,1095550
20221128,09:16:10,18712.75,100,1095550
20221128,09:16:11,18712.65,200,1095550
20221128,09:16:12,18712.80,150,1095550
20221128,09:16:12,18713.70,50,1095550
20221128,09:16:13,18712.75,100,1095550
20221128,09:16:14,18713.95,150,1095550
20221128,09:16:15,18713.50,50,1095550
20221128,09:16:16,18714.95,50,1095550
20221128,09:16:17,18712.15,100,1095550
20221128,09:16:18,18711.95,100,1095550
20221128,09:16:23,18715.00,50,1095550
20221128,09:16:26,18714.35,100,1095550
20221128,09:16:27,18713.85,250,1095550
20221128,09:16:30,18710.00,150,1095550
20221128,09:16:33,18711.70,100,1095550
20221128,09:16:35,18711.15,100,1095550
20221128,09:16:36,18709.05,50,1095550
20221128,09:16:38,18709.80,50,1095550
20221128,09:16:39,18709.70,50,1095550
20221128,09:16:40,18709.30,100,1095550
20221128,09:16:41,18709.80,50,1095550
20221128,09:16:44,18710.00,200,1095550
20221128,09:16:46,18709.20,50,1095550
20221128,09:16:56,18710.00,100,1095550
20221128,09:16:59,18710.00,350,1095550
20221128,09:17:00,18714.90,900,1095550
20221128,09:17:02,18713.10,100,1095550
20221128,09:17:03,18709.95,50,1095550
20221128,09:17:07,18713.80,150,1095550
20221128,09:17:08,18713.85,50,1095550
20221128,09:17:09,18714.80,50,1095550
20221128,09:17:10,18716.20,150,1095550
20221128,09:17:15,18713.70,1000,1091250
20221128,09:17:16,18713.75,50,1091250
20221128,09:17:17,18717.00,50,1091250
20221128,09:17:18,18718.00,50,1091250
20221128,09:17:19,18718.00,100,1091250
20221128,09:17:20,18717.95,100,1091250
20221128,09:17:21,18715.80,150,1091250
20221128,09:17:23,18717.45,50,1091250
20221128,09:17:24,18717.45,50,1091250
20221128,09:17:28,18714.00,50,1091250
20221128,09:17:30,18716.80,150,1091250
20221128,09:17:31,18713.45,50,1091250
20221128,09:17:32,18716.80,50,1091250
20221128,09:17:35,18713.65,250,1091250
20221128,09:17:36,18717.40,50,1091250
20221128,09:17:37,18719.95,100,1091250
20221128,09:17:44,18721.00,50,1091250
20221128,09:17:48,18721.00,150,1091250
20221128,09:17:49,18717.35,400,1091250
20221128,09:17:51,18717.15,100,1091250
20221128,09:17:56,18722.90,50,1091250
20221128,09:17:59,18723.40,150,1091250
20221128,09:18:02,18723.70,50,1091250
20221128,09:18:04,18723.70,50,1091250
20221128,09:18:06,18720.65,100,1091250
20221128,09:18:07,18721.35,250,1091250
20221128,09:18:08,18722.50,150,1091250
20221128,09:18:11,18723.95,50,1091250
20221128,09:18:13,18725.00,100,1091250
20221128,09:18:14,18725.70,1650,1091250
20221128,09:18:15,18724.95,300,1091250
20221128,09:18:16,18724.95,50,1091250
20221128,09:18:18,18727.00,50,1091250
20221128,09:18:19,18727.75,200,1091250
20221128,09:18:21,18727.75,150,1091250
20221128,09:18:22,18722.60,650,1091250
20221128,09:18:31,18726.00,50,1091250
20221128,09:18:34,18723.55,50,1091250
20221128,09:18:39,18725.25,300,1091250
20221128,09:18:41,18723.60,100,1091250
20221128,09:18:42,18723.60,50,1091250
20221128,09:18:43,18725.10,100,1091250
20221128,09:18:46,18724.90,200,1091250
20221128,09:18:48,18725.00,50,1091250
20221128,09:18:49,18725.00,50,1091250
20221128,09:18:52,18727.40,50,1091250
20221128,09:18:53,18729.95,50,1091250
20221128,09:18:58,18729.95,100,1091250
20221128,09:19:00,18726.40,200,1091250
20221128,09:19:02,18730.00,200,1091250
20221128,09:19:05,18732.10,300,1091250
20221128,09:19:08,18732.10,50,1091250
20221128,09:19:16,18730.00,50,1091250
20221128,09:19:17,18730.00,50,1091250
20221128,09:19:20,18730.00,50,1091250
20221128,09:19:25,18731.40,100,1091250
20221128,09:19:26,18732.00,50,1091250
20221128,09:19:28,18732.10,150,1091250
20221128,09:19:30,18735.00,50,1091250
20221128,09:19:32,18736.75,50,1091250
20221128,09:19:33,18736.75,50,1091250
20221128,09:19:37,18734.80,50,1091250
20221128,09:19:39,18735.00,50,1091250
20221128,09:19:42,18734.75,150,1091250
20221128,09:19:47,18734.60,150,1091250
20221128,09:19:48,18732.25,50,1091250
20221128,09:19:53,18733.75,150,1091250
20221128,09:19:56,18732.40,600,1091250
20221128,09:19:57,18732.30,150,1091250
20221128,09:19:59,18732.05,150,1091250
20221128,09:20:06,18734.00,50,1091250
20221128,09:20:07,18735.00,300,1091250
20221128,09:20:08,18738.00,100,1091250
20221128,09:20:10,18738.60,100,1091250
20221128,09:20:14,18738.60,150,1095000
20221128,09:20:16,18736.00,50,1095000
20221128,09:20:18,18736.00,50,1095000
20221128,09:20:22,18731.55,50,1095000
20221128,09:20:24,18735.50,200,1095000
20221128,09:20:29,18735.00,50,1095000
20221128,09:20:30,18735.00,50,1095000
20221128,09:20:31,18736.00,100,1095000
20221128,09:20:35,18738.00,100,1095000
20221128,09:20:36,18739.00,200,1095000
20221128,09:20:38,18741.20,100,1095000
20221128,09:20:39,18742.50,200,1095000
20221128,09:20:45,18742.50,50,1095000
20221128,09:20:46,18741.95,100,1095000
20221128,09:20:48,18739.35,50,1095000
20221128,09:20:54,18739.00,50,1095000
20221128,09:20:58,18739.00,100,1095000
20221128,09:21:01,18739.70,100,1095000
20221128,09:21:04,18735.20,150,1095000
20221128,09:21:05,18737.05,100,1095000
20221128,09:21:10,18735.00,100,1095000
20221128,09:21:11,18733.90,200,1095000
20221128,09:21:19,18733.25,150,1095000
20221128,09:21:22,18735.90,250,1095000
20221128,09:21:24,18735.45,150,1095000
20221128,09:21:30,18735.45,50,1095000
20221128,09:21:33,18731.10,50,1095000
20221128,09:21:35,18734.65,100,1095000
20221128,09:21:38,18730.80,100,1095000
20221128,09:21:49,18730.80,50,1095000
20221128,09:21:53,18730.80,150,1095000
20221128,09:21:57,18732.55,50,1095000
20221128,09:22:02,18732.90,100,1095000
20221128,09:22:03,18735.00,150,1095000
20221128,09:22:16,18728.65,50,1095000
20221128,09:22:18,18731.40,50,1095000
20221128,09:22:20,18726.40,50,1095000
20221128,09:22:22,18726.15,50,1095000
20221128,09:22:24,18730.40,250,1095000
20221128,09:22:27,18728.30,300,1095000
20221128,09:22:36,18726.25,50,1095000
20221128,09:22:42,18724.35,150,1095000
20221128,09:22:43,18727.50,200,1095000
20221128,09:22:46,18724.05,50,1095000
20221128,09:22:48,18725.00,100,1095000
20221128,09:22:51,18726.20,50,1095000
20221128,09:22:54,18726.20,50,1095000
20221128,09:22:55,18726.15,50,1095000
20221128,09:23:10,18727.50,50,1095000
20221128,09:23:15,18728.30,50,1095000
20221128,09:23:20,18729.90,50,1095350
20221128,09:23:21,18730.95,50,1095350
20221128,09:23:24,18733.00,50,1095350
20221128,09:23:35,18735.00,100,1095350
20221128,09:23:36,18737.00,50,1095350
20221128,09:23:39,18738.70,50,1095350
20221128,09:23:43,18739.85,200,1095350
20221128,09:23:46,18738.65,100,1095350
20221128,09:23:57,18734.90,100,1095350
20221128,09:24:09,18733.30,50,1095350
20221128,09:24:09,18733.40,200,1095350
20221128,09:24:11,18733.25,50,1095350
20221128,09:24:14,18733.10,450,1095350
20221128,09:24:16,18733.65,50,1095350
20221128,09:24:32,18732.10,50,1095350
20221128,09:24:39,18733.65,50,1095350
20221128,09:24:41,18733.90,250,1095350
20221128,09:24:50,18732.15,50,1095350
20221128,09:24:57,18732.15,50,1095350
20221128,09:25:05,18734.00,400,1095350
20221128,09:25:08,18732.00,700,1095350
20221128,09:25:09,18731.25,250,1095350
20221128,09:25:10,18730.00,50,1095350
20221128,09:25:13,18731.15,750,1095350
20221128,09:25:15,18730.00,50,1095350
20221128,09:25:31,18730.00,400,1095350
20221128,09:25:36,18730.00,100,1095350
20221128,09:25:38,18731.00,50,1095350
20221128,09:25:46,18731.00,50,1095350
20221128,09:25:49,18732.40,50,1095350
20221128,09:25:50,18732.50,100,1095350
20221128,09:25:52,18735.00,100,1095350
20221128,09:25:55,18733.25,50,1095350
20221128,09:26:02,18736.00,300,1095350
20221128,09:26:17,18736.35,50,1095850
20221128,09:26:21,18739.00,100,1095850
20221128,09:26:28,18739.00,50,1095850
20221128,09:26:29,18740.00,100,1095850
20221128,09:26:31,18743.05,200,1095850
20221128,09:26:32,18743.55,50,1095850
20221128,09:26:34,18743.55,100,1095850
20221128,09:26:41,18745.75,500,1095850
20221128,09:26:45,18745.75,100,1095850
20221128,09:26:46,18745.60,150,1095850
20221128,09:26:47,18744.20,100,1095850
20221128,09:26:48,18747.75,100,1095850
20221128,09:26:49,18745.60,50,1095850
20221128,09:26:50,18744.60,100,1095850
20221128,09:26:57,18745.00,50,1095850
20221128,09:27:02,18742.95,50,1095850
20221128,09:27:05,18744.05,50,1095850
20221128,09:27:06,18747.15,50,1095850
20221128,09:27:11,18745.00,50,1095850
20221128,09:27:13,18745.85,100,1095850
20221128,09:27:16,18745.80,50,1095850
20221128,09:27:23,18746.00,50,1095850
20221128,09:27:28,18747.00,100,1095850
20221128,09:27:29,18746.35,50,1095850
20221128,09:27:30,18745.75,50,1095850
20221128,09:27:33,18746.25,50,1095850
20221128,09:27:34,18746.90,50,1095850
20221128,09:27:36,18746.00,150,1095850
20221128,09:27:38,18747.70,200,1095850
20221128,09:27:45,18747.40,50,1095850
20221128,09:27:46,18749.30,650,1095850
20221128,09:27:47,18750.25,350,1095850
20221128,09:27:48,18750.50,50,1095850
20221128,09:27:50,18752.95,100,1095850
20221128,09:27:52,18752.95,100,1095850
20221128,09:27:53,18750.55,50,1095850
20221128,09:27:54,18749.45,50,1095850
20221128,09:27:57,18749.05,50,1095850
20221128,09:27:59,18751.65,200,1095850
20221128,09:28:04,18750.00,50,1095850
20221128,09:28:05,18747.25,50,1095850
20221128,09:28:12,18750.15,50,1095850
20221128,09:28:19,18746.70,100,1095850
20221128,09:28:26,18748.90,50,1095850
20221128,09:28:28,18749.80,50,1095850
20221128,09:28:32,18749.75,50,1095850
20221128,09:28:42,18746.40,50,1095850
20221128,09:28:43,18746.00,200,1095850
20221128,09:28:53,18746.40,200,1095850
20221128,09:28:59,18746.25,50,1095850
20221128,09:29:04,18746.40,100,1095850
20221128,09:29:13,18746.25,50,1095850
20221128,09:29:14,18746.40,50,1095850
20221128,09:29:15,18746.40,200,1095550
20221128,09:29:20,18746.50,50,1095550
20221128,09:29:22,18748.85,50,1095550
20221128,09:29:23,18746.05,100,1095550
20221128,09:29:29,18749.20,50,1095550
20221128,09:29:32,18749.75,50,1095550
20221128,09:29:35,18748.55,50,1095550
20221128,09:29:40,18749.00,250,1095550
20221128,09:29:41,18749.00,50,1095550
20221128,09:29:45,18749.00,50,1095550
20221128,09:29:47,18749.95,200,1095550
20221128,09:29:48,18750.00,1000,1095550
20221128,09:29:57,18750.00,50,1095550
20221128,09:29:58,18750.95,50,1095550
20221128,09:29:59,18750.00,50,1095550
20221128,09:30:01,18750.00,100,1095550
20221128,09:30:02,18750.00,100,1095550
20221128,09:30:07,18752.50,600,1095550
20221128,09:30:10,18750.00,50,1095550
20221128,09:30:13,18750.00,250,1095550
20221128,09:30:15,18750.00,50,1095550
20221128,09:30:17,18751.45,200,1095550
20221128,09:30:20,18750.00,250,1095550
20221128,09:30:24,18754.95,150,1095550
20221128,09:30:27,18755.00,50,1095550
20221128,09:30:44,18755.00,100,1095550
20221128,09:30:48,18756.10,50,1095550
20221128,09:31:00,18756.10,50,1095550
20221128,09:31:01,18752.40,100,1095550
20221128,09:31:10,18753.90,50,1095550
20221128,09:31:12,18755.75,50,1095550
20221128,09:31:15,18755.95,50,1095550
20221128,09:31:17,18754.15,50,1095550
20221128,09:31:27,18755.00,150,1095550
20221128,09:31:32,18753.80,50,1095550
20221128,09:31:38,18755.00,50,1095550
20221128,09:31:40,18753.80,50,1095550
20221128,09:31:46,18756.50,400,1095550
20221128,09:31:49,18756.60,50,1095550
20221128,09:31:51,18756.60,100,1095550
20221128,09:31:54,18756.25,50,1095550
20221128,09:32:04,18754.00,50,1095550
20221128,09:32:05,18755.00,50,1095550
20221128,09:32:15,18754.40,50,1095550
20221128,09:32:16,18752.20,150,1096700
20221128,09:32:30,18755.00,100,1096700
20221128,09:32:30,18753.60,50,1096700
20221128,09:32:33,18755.00,100,1096700
20221128,09:32:40,18756.00,50,1096700
20221128,09:32:41,18758.00,100,1096700
20221128,09:32:42,18758.00,50,1096700
20221128,09:32:45,18759.00,50,1096700
20221128,09:32:50,18760.00,250,1096700
20221128,09:32:55,18759.00,50,1096700
20221128,09:32:58,18760.75,50,1096700
20221128,09:32:59,18760.75,50,1096700
20221128,09:33:02,18760.50,100,1096700
20221128,09:33:03,18761.05,50,1096700
20221128,09:33:04,18761.05,50,1096700
20221128,09:33:06,18764.15,50,1096700
20221128,09:33:07,18764.15,50,1096700
20221128,09:33:08,18762.60,50,1096700
20221128,09:33:09,18762.55,50,1096700
20221128,09:33:12,18763.45,50,1096700
20221128,09:33:15,18763.40,50,1096700
20221128,09:33:17,18762.75,50,1096700
20221128,09:33:18,18761.40,50,1096700
20221128,09:33:20,18762.00,50,1096700
20221128,09:33:22,18760.10,50,1096700
20221128,09:33:23,18762.60,100,1096700
20221128,09:33:29,18760.00,50,1096700
20221128,09:33:30,18760.35,100,1096700
20221128,09:33:35,18758.00,50,1096700
20221128,09:33:36,18757.80,100,1096700
20221128,09:33:39,18757.85,100,1096700
20221128,09:33:40,18758.05,100,1096700
20221128,09:33:46,18758.30,150,1096700
20221128,09:33:49,18760.00,50,1096700
20221128,09:33:51,18760.00,50,1096700
20221128,09:33:54,18760.00,100,1096700
20221128,09:33:55,18761.25,150,1096700
20221128,09:33:56,18761.40,50,1096700
20221128,09:34:05,18762.00,100,1096700
20221128,09:34:10,18762.60,50,1096700
20221128,09:34:12,18760.10,50,1096700
20221128,09:34:18,18762.00,100,1096700
20221128,09:34:19,18762.00,50,1096700
20221128,09:34:20,18763.10,100,1096700
20221128,09:34:21,18763.05,150,1096700
20221128,09:34:22,18762.60,50,1096700
20221128,09:34:23,18762.20,100,1096700
20221128,09:34:24,18764.00,100,1096700
20221128,09:34:25,18765.00,250,1096700
20221128,09:34:26,18763.90,50,1096700
20221128,09:34:28,18764.00,50,1096700
20221128,09:34:31,18764.00,50,1096700
20221128,09:34:32,18764.90,50,1096700
20221128,09:34:37,18765.00,50,1096700
20221128,09:34:43,18763.65,50,1096700
20221128,09:34:44,18765.00,100,1096700
20221128,09:34:48,18765.00,50,1096700
20221128,09:34:50,18765.00,50,1096700
20221128,09:34:51,18765.00,50,1096700
20221128,09:34:58,18765.00,50,1096700
20221128,09:35:01,18764.60,50,1096700
20221128,09:35:04,18764.55,50,1096700
20221128,09:35:07,18764.30,200,1096700
20221128,09:35:11,18763.15,200,1096700
20221128,09:35:13,18765.00,50,1096700
20221128,09:35:15,18765.00,50,1096700
20221128,09:35:18,18765.00,250,1096700
20221128,09:35:20,18765.00,100,1097600
20221128,09:35:21,18764.20,100,1097600
20221128,09:35:22,18765.00,50,1097600
20221128,09:35:27,18766.15,50,1097600
20221128,09:35:30,18766.15,100,1097600
20221128,09:35:32,18765.00,50,1097600
20221128,09:35:36,18764.00,50,1097600
20221128,09:35:38,18763.90,50,1097600
20221128,09:35:40,18762.00,150,1097600
20221128,09:35:42,18760.35,50,1097600
20221128,09:35:47,18761.40,200,1097600
20221128,09:35:56,18760.00,200,1097600
20221128,09:35:58,18760.00,150,1097600
20221128,09:36:05,18760.00,350,1097600
20221128,09:36:07,18760.00,50,1097600
20221128,09:36:11,18760.00,100,1097600
20221128,09:36:13,18760.00,50,1097600
20221128,09:36:15,18758.00,50,1097600
20221128,09:36:16,18759.70,50,1097600
20221128,09:36:21,18758.00,50,1097600
20221128,09:36:24,18756.65,50,1097600
20221128,09:36:30,18753.55,50,1097600
20221128,09:36:40,18753.55,50,1097600
20221128,09:36:42,18752.10,100,1097600
20221128,09:36:44,18753.40,50,1097600
20221128,09:36:48,18753.25,50,1097600
20221128,09:36:53,18753.25,50,1097600
20221128,09:36:54,18752.95,100,1097600
20221128,09:36:55,18753.45,450,1097600
20221128,09:36:58,18755.00,150,1097600
20221128,09:36:59,18754.50,50,1097600
20221128,09:37:02,18755.00,50,1097600
20221128,09:37:02,18755.25,50,1097600
20221128,09:37:09,18755.50,300,1097600
20221128,09:37:16,18757.15,50,1097600
20221128,09:37:17,18757.15,50,1097600
20221128,09:37:36,18757.15,50,1097600
20221128,09:37:43,18760.00,50,1097600
20221128,09:37:52,18760.00,50,1097600
20221128,09:38:11,18762.35,50,1097600
20221128,09:38:13,18760.35,200,1097600
20221128,09:38:14,18762.70,150,1097600
20221128,09:38:17,18763.00,50,1099650
20221128,09:38:24,18763.00,50,1099650
20221128,09:38:25,18761.40,100,1099650
20221128,09:38:39,18760.45,100,1099650
20221128,09:38:54,18765.00,50,1099650
20221128,09:38:56,18765.00,100,1099650
20221128,09:38:57,18765.00,100,1099650
20221128,09:38:59,18766.00,50,1099650
20221128,09:39:02,18770.00,50,1099650
20221128,09:39:09,18770.00,100,1099650
20221128,09:39:11,18769.80,100,1099650
20221128,09:39:16,18769.75,100,1099650
20221128,09:39:18,18767.80,50,1099650
20221128,09:39:24,18768.35,100,1099650
20221128,09:39:49,18767.70,50,1099650
20221128,09:39:51,18770.00,100,1099650
20221128,09:39:55,18768.35,50,1099650
20221128,09:39:56,18768.00,50,1099650
20221128,09:40:02,18769.00,50,1099650
20221128,09:40:07,18766.05,50,1099650
20221128,09:40:09,18769.00,500,1099650
20221128,09:40:20,18767.85,150,1099650
20221128,09:40:23,18768.30,50,1099650
20221128,09:40:35,18766.00,50,1099650
20221128,09:40:43,18766.65,150,1099650
20221128,09:40:47,18766.65,50,1099650
20221128,09:40:58,18767.80,50,1099650
20221128,09:41:02,18765.15,200,1099650
20221128,09:41:04,18765.00,50,1099650
20221128,09:41:05,18765.00,50,1099650
20221128,09:41:30,18764.00,50,1099350
20221128,09:41:32,18763.75,50,1099350
20221128,09:41:37,18761.00,50,1099350
20221128,09:41:38,18760.15,50,1099350
20221128,09:41:42,18762.00,50,1099350
20221128,09:41:47,18760.10,100,1099350
20221128,09:41:54,18760.00,100,1099350
20221128,09:41:55,18760.00,50,1099350
20221128,09:42:06,18761.70,150,1099350
20221128,09:42:12,18762.75,50,1099350
20221128,09:42:17,18765.00,250,1099350
20221128,09:42:32,18762.50,50,1099350
20221128,09:42:39,18765.00,50,1099350
20221128,09:42:49,18763.25,100,1099350
20221128,09:43:07,18765.00,50,1099350
20221128,09:43:17,18764.20,50,1099350
20221128,09:43:19,18767.25,50,1099350
20221128,09:43:28,18767.00,50,1099350
20221128,09:43:30,18767.25,50,1099350
20221128,09:43:35,18763.70,100,1099350
20221128,09:43:40,18765.00,50,1099350
20221128,09:43:44,18766.45,50,1099350
20221128,09:43:46,18768.25,100,1099350
20221128,09:43:50,18767.00,50,1099350
20221128,09:43:57,18771.00,1400,1099350
20221128,09:43:58,18775.00,400,1099350
20221128,09:43:59,18775.00,50,1099350
20221128,09:44:01,18773.95,50,1099350
20221128,09:44:02,18773.95,50,1099350
20221128,09:44:04,18775.00,50,1099350
20221128,09:44:09,18775.00,50,1099350
20221128,09:44:11,18775.00,50,1099350
20221128,09:44:12,18773.90,50,1099350
20221128,09:44:14,18772.05,250,1099350
20221128,09:44:24,18772.00,50,1099000
20221128,09:44:30,18774.95,50,1099000
20221128,09:44:44,18774.70,50,1099000
20221128,09:44:48,18774.30,50,1099000
20221128,09:44:52,18774.65,50,1099000
20221128,09:44:54,18774.35,100,1099000
20221128,09:44:57,18774.95,50,1099000
20221128,09:44:59,18774.95,100,1099000
20221128,09:45:00,18774.95,250,1099000
20221128,09:45:02,18773.35,50,1099000
20221128,09:45:06,18774.95,50,1099000
20221128,09:45:07,18774.25,150,1099000
20221128,09:45:08,18777.00,200,1099000
20221128,09:45:12,18779.00,150,1099000
20221128,09:45:13,18779.00,50,1099000
20221128,09:45:16,18780.90,200,1099000
20221128,09:45:19,18780.90,100,1099000
20221128,09:45:20,18778.20,50,1099000
20221128,09:45:22,18778.00,250,1099000
20221128,09:45:23,18778.00,350,1099000
20221128,09:45:28,18779.70,50,1099000
20221128,09:45:33,18782.00,150,1099000
20221128,09:45:34,18782.00,50,1099000
20221128,09:45:39,18783.10,50,1099000
20221128,09:45:45,18783.10,50,1099000
20221128,09:45:48,18783.45,50,1099000
20221128,09:46:05,18783.45,50,1099000
20221128,09:46:10,18780.00,100,1099000
20221128,09:46:14,18778.05,50,1099000
20221128,09:46:18,18778.10,50,1099000
20221128,09:46:19,18781.20,50,1099000
20221128,09:46:24,18776.80,200,1099000
20221128,09:46:25,18779.85,50,1099000
20221128,09:46:31,18776.15,50,1099000
20221128,09:46:42,18775.60,50,1099000
20221128,09:46:44,18776.15,50,1099000
20221128,09:46:46,18775.00,100,1099000
20221128,09:46:49,18775.00,50,1099000
20221128,09:46:53,18775.00,50,1099000
20221128,09:46:56,18775.00,50,1099000
20221128,09:46:57,18776.15,50,1099000
20221128,09:46:59,18776.15,50,1099000
20221128,09:47:00,18775.00,1000,1099000
20221128,09:47:01,18775.10,50,1099000
20221128,09:47:04,18775.95,50,1099000
20221128,09:47:07,18775.90,50,1099000
20221128,09:47:10,18775.90,50,1099000
20221128,09:47:11,18775.90,50,1099000
20221128,09:47:14,18775.75,200,1099000
20221128,09:47:19,18775.50,50,1098950
20221128,09:47:28,18773.85,100,1098950
20221128,09:47:29,18772.50,50,1098950
20221128,09:47:35,18771.90,50,1098950
20221128,09:47:43,18774.95,300,1098950
20221128,09:47:47,18771.90,550,1098950
20221128,09:47:48,18771.90,450,1098950
20221128,09:47:58,18774.00,200,1098950
20221128,09:48:04,18771.90,100,1098950
20221128,09:48:21,18771.90,200,1098950
20221128,09:48:39,18771.20,50,1098950
20221128,09:48:42,18771.10,50,1098950
20221128,09:48:45,18770.90,150,1098950
20221128,09:48:53,18771.00,50,1098950
20221128,09:48:54,18770.90,150,1098950
20221128,09:48:55,18770.00,100,1098950
20221128,09:48:56,18770.90,100,1098950
20221128,09:49:08,18771.00,1200,1098950
20221128,09:49:10,18771.05,50,1098950
20221128,09:49:11,18772.00,100,1098950
20221128,09:49:12,18775.00,50,1098950
20221128,09:49:13,18773.00,50,1098950
20221128,09:49:19,18775.00,50,1098950
20221128,09:49:21,18778.55,50,1098950
20221128,09:49:34,18778.55,50,1098950
20221128,09:49:38,18778.90,100,1098950
20221128,09:49:49,18776.70,200,1098950
20221128,09:49:53,18775.65,100,1098950
20221128,09:49:59,18775.65,150,1098950
20221128,09:50:00,18775.00,50,1098950
20221128,09:50:02,18775.65,50,1098950
20221128,09:50:03,18775.80,250,1098950
20221128,09:50:23,18776.50,50,1098900
20221128,09:50:33,18775.80,50,1098900
20221128,09:50:40,18775.00,100,1098900
20221128,09:50:41,18775.00,300,1098900
20221128,09:50:48,18773.00,50,1098900
20221128,09:50:50,18772.80,250,1098900
20221128,09:51:07,18773.95,50,1098900
20221128,09:51:15,18771.90,1850,1098900
20221128,09:51:24,18774.95,50,1098900
20221128,09:51:32,18773.95,50,1098900
20221128,09:51:39,18773.65,100,1098900
20221128,09:51:42,18773.55,50,1098900
20221128,09:51:47,18772.80,50,1098900
20221128,09:51:48,18772.10,450,1098900
20221128,09:51:53,18773.00,50,1098900
20221128,09:51:54,18772.70,50,1098900
20221128,09:51:56,18775.00,150,1098900
20221128,09:51:59,18775.00,200,1098900
20221128,09:52:10,18774.55,50,1098900
20221128,09:52:15,18775.00,50,1098900
20221128,09:52:33,18772.70,50,1098900
20221128,09:52:40,18772.70,50,1098900
20221128,09:52:45,18775.00,200,1098900
20221128,09:52:50,18772.70,50,1098900
20221128,09:52:56,18772.55,50,1098900
20221128,09:53:01,18772.70,50,1098900
20221128,09:53:03,18771.10,50,1098900
20221128,09:53:05,18771.05,50,1098900
20221128,09:53:15,18770.75,100,1098900
20221128,09:53:23,18770.75,50,1098700
20221128,09:53:38,18770.75,50,1098700
20221128,09:53:44,18770.05,50,1098700
20221128,09:53:50,18770.00,100,1098700
20221128,09:53:55,18768.70,50,1098700
20221128,09:54:16,18770.05,50,1098700
20221128,09:54:31,18769.30,50,1098700
20221128,09:54:34,18770.05,50,1098700
20221128,09:54:41,18773.45,50,1098700
20221128,09:54:49,18774.90,50,1098700
20221128,09:54:52,18774.85,50,1098700
20221128,09:54:55,18774.45,50,1098700
20221128,09:55:02,18772.90,50,1098700
20221128,09:55:11,18771.80,200,1098700
20221128,09:55:45,18770.90,100,1098700
20221128,09:55:57,18771.80,50,1098700
20221128,09:55:58,18771.75,50,1098700
20221128,09:56:03,18771.80,50,1098700
20221128,09:56:16,18771.80,50,1098700
20221128,09:56:22,18774.30,50,1098900
20221128,09:56:31,18771.90,100,1098900
20221128,09:56:32,18771.85,100,1098900
20221128,09:56:33,18771.60,150,1098900
20221128,09:56:34,18771.55,100,1098900
20221128,09:56:35,18770.95,50,1098900
20221128,09:56:37,18771.45,150,1098900
20221128,09:56:38,18771.45,50,1098900
20221128,09:56:52,18771.45,50,1098900
20221128,09:56:53,18771.40,50,1098900
20221128,09:56:57,18770.90,50,1098900
20221128,09:57:03,18770.00,50,1098900
20221128,09:57:13,18768.75,300,1098900
20221128,09:57:14,18770.00,50,1098900
20221128,09:57:18,18771.00,50,1098900
20221128,09:57:19,18770.45,50,1098900
20221128,09:57:52,18770.00,200,1098900
20221128,09:58:05,18767.55,50,1098900
20221128,09:58:14,18768.00,50,1098900
20221128,09:58:22,18768.00,50,1098900
20221128,09:58:23,18770.00,50,1098900
20221128,09:58:29,18767.55,50,1098900
20221128,09:58:32,18770.00,250,1098900
20221128,09:58:35,18770.45,100,1098900
20221128,09:58:36,18770.45,100,1098900
20221128,09:58:37,18770.10,250,1098900
20221128,09:59:00,18770.60,500,1098900
20221128,09:59:05,18772.25,100,1098900
20221128,09:59:07,18770.90,50,1098900
20221128,09:59:14,18771.00,50,1098900
20221128,09:59:19,18772.45,200,1098900
20221128,09:59:27,18770.10,50,1099150
20221128,09:59:32,18768.30,50,1099150
20221128,09:59:34,18766.45,150,1099150
20221128,09:59:48,18765.00,50,1099150
20221128,09:59:54,18766.45,50,1099150
20221128,10:00:02,18768.55,200,1099150
20221128,10:00:03,18766.45,50,1099150
20221128,10:00:07,18765.00,50,1099150
20221128,10:00:08,18766.45,50,1099150
20221128,10:00:11,18766.50,50,1099150
20221128,10:00:21,18767.65,100,1099150
20221128,10:00:27,18768.25,50,1099150
20221128,10:00:28,18767.85,50,1099150
20221128,10:00:47,18766.70,50,1099150
20221128,10:00:53,18766.20,100,1099150
20221128,10:01:00,18765.00,300,1099150
20221128,10:01:04,18765.00,50,1099150
20221128,10:01:07,18765.00,50,1099150
20221128,10:01:21,18766.00,100,1099150
20221128,10:01:22,18766.00,50,1099150
20221128,10:01:24,18765.55,50,1099150
20221128,10:01:38,18765.00,50,1099150
20221128,10:01:40,18765.00,100,1099150
20221128,10:01:43,18764.70,150,1099150
20221128,10:01:46,18765.00,150,1099150
20221128,10:01:49,18765.60,100,1099150
20221128,10:01:58,18765.65,50,1099150
20221128,10:02:05,18766.00,50,1099150
20221128,10:02:12,18766.00,50,1099150
20221128,10:02:23,18766.00,50,1100100
20221128,10:02:24,18763.50,50,1100100
20221128,10:02:28,18761.00,150,1100100
20221128,10:02:31,18761.00,50,1100100
20221128,10:02:37,18761.70,50,1100100
20221128,10:02:50,18763.50,50,1100100
20221128,10:03:11,18761.00,50,1100100
20221128,10:03:18,18762.95,100,1100100
20221128,10:03:26,18763.95,100,1100100
20221128,10:03:33,18766.00,200,1100100
20221128,10:03:40,18764.60,50,1100100
20221128,10:03:45,18766.00,50,1100100
20221128,10:03:59,18763.50,50,1100100
20221128,10:04:02,18764.25,50,1100100
20221128,10:04:06,18763.00,50,1100100
20221128,10:04:20,18763.40,50,1100100
20221128,10:04:21,18763.80,100,1100100
20221128,10:04:42,18763.85,50,1100100
20221128,10:04:45,18764.40,50,1100100
20221128,10:04:51,18765.85,50,1100100
20221128,10:05:06,18765.55,50,1100100
20221128,10:05:13,18767.00,50,1100100
20221128,10:05:18,18768.70,100,1100100
20221128,10:05:21,18769.40,100,1100100
20221128,10:05:29,18768.70,50,1100950
20221128,10:05:41,18767.55,150,1100950
20221128,10:05:57,18769.95,50,1100950
20221128,10:05:58,18769.95,250,1100950
20221128,10:05:59,18770.35,50,1100950
20221128,10:06:03,18770.95,50,1100950
20221128,10:06:13,18770.70,100,1100950
20221128,10:06:15,18770.55,50,1100950
20221128,10:06:25,18771.00,600,1100950
20221128,10:06:26,18771.70,1000,1100950
20221128,10:06:33,18773.45,300,1100950
20221128,10:06:43,18773.05,400,1100950
20221128,10:06:48,18769.40,50,1100950
20221128,10:06:57,18777.30,1000,1100950
20221128,10:06:58,18777.30,50,1100950
20221128,10:07:04,18776.20,50,1100950
20221128,10:07:07,18778.00,350,1100950
20221128,10:07:18,18775.85,100,1100950
20221128,10:07:19,18775.85,100,1100950
20221128,10:07:26,18777.85,250,1100950
20221128,10:07:36,18777.70,50,1100950
20221128,10:07:55,18776.80,50,1100950
20221128,10:07:58,18777.00,50,1100950
20221128,10:08:04,18774.90,250,1100950
20221128,10:08:05,18774.70,50,1100950
20221128,10:08:15,18777.00,50,1100950
20221128,10:08:17,18777.25,50,1100950
20221128,10:08:21,18775.45,50,1100950
20221128,10:08:23,18777.00,50,1104000
20221128,10:08:52,18776.00,50,1104000
20221128,10:08:58,18775.90,50,1104000
20221128,10:09:01,18776.00,50,1104000
20221128,10:09:07,18775.90,50,1104000
20221128,10:09:15,18772.50,50,1104000
20221128,10:09:26,18772.60,500,1104000
20221128,10:09:46,18774.55,50,1104000
20221128,10:09:49,18776.60,1150,1104000
20221128,10:10:15,18771.70,350,1104000
20221128,10:10:23,18772.30,500,1104000
20221128,10:10:31,18776.65,450,1104000
20221128,10:10:34,18773.60,50,1104000
20221128,10:10:43,18777.00,50,1104000
20221128,10:10:49,18775.00,100,1104000
20221128,10:11:04,18774.85,50,1104000
20221128,10:11:06,18777.00,100,1104000
20221128,10:11:21,18775.65,50,1104000
20221128,10:11:42,18774.00,50,1103850
20221128,10:11:47,18774.70,100,1103850
20221128,10:11:49,18774.70,50,1103850
20221128,10:12:09,18774.15,50,1103850
20221128,10:12:38,18776.10,50,1103850
20221128,10:12:40,18778.90,700,1103850
20221128,10:12:41,18776.10,50,1103850
20221128,10:12:44,18776.10,50,1103850
20221128,10:12:49,18775.70,50,1103850
20221128,10:12:55,18778.65,50,1103850
20221128,10:13:11,18778.90,50,1103850
20221128,10:13:12,18779.60,200,1103850
20221128,10:13:13,18779.15,50,1103850
20221128,10:13:17,18775.35,50,1103850
20221128,10:13:30,18775.00,50,1103850
20221128,10:14:10,18774.55,50,1103850
20221128,10:14:11,18774.50,50,1103850
20221128,10:14:20,18775.95,300,1103850
20221128,10:14:24,18774.40,100,1103400
20221128,10:14:27,18771.70,50,1103400
20221128,10:14:41,18772.30,50,1103400
20221128,10:15:14,18775.00,150,1103400
20221128,10:15:49,18776.00,50,1103400
20221128,10:15:56,18777.00,50,1103400
20221128,10:15:58,18778.00,50,1103400
20221128,10:16:05,18776.90,50,1103400
20221128,10:16:07,18778.00,50,1103400
20221128,10:16:08,18779.00,50,1103400
20221128,10:16:14,18780.00,300,1103400
20221128,10:16:21,18776.30,100,1103400
20221128,10:16:28,18778.95,50,1103400
20221128,10:16:30,18779.00,100,1103400
20221128,10:16:37,18779.00,50,1103400
20221128,10:16:39,18778.95,50,1103400
20221128,10:16:41,18778.55,50,1103400
20221128,10:16:56,18776.00,100,1103400
20221128,10:16:59,18775.40,150,1103400
20221128,10:17:01,18775.00,200,1103400
20221128,10:17:09,18775.45,50,1103400
20221128,10:17:10,18775.30,50,1103400
20221128,10:17:11,18775.45,50,1103400
20221128,10:17:12,18775.45,50,1103400
20221128,10:17:13,18775.45,50,1103400
20221128,10:17:15,18775.45,100,1103400
20221128,10:17:17,18775.45,200,1103400
20221128,10:17:19,18778.50,50,1103400
20221128,10:17:26,18775.50,50,1104250
20221128,10:17:27,18775.50,50,1104250
20221128,10:17:29,18775.50,50,1104250
20221128,10:17:37,18775.05,250,1104250
20221128,10:17:42,18774.10,50,1104250
20221128,10:17:49,18773.00,250,1104250
20221128,10:17:51,18773.00,250,1104250
20221128,10:17:55,18775.50,50,1104250
20221128,10:18:03,18776.55,400,1104250
20221128,10:18:24,18774.65,150,1104250
20221128,10:18:30,18774.65,200,1104250
20221128,10:18:37,18774.65,100,1104250
20221128,10:18:39,18774.65,550,1104250
20221128,10:18:42,18776.55,50,1104250
20221128,10:18:43,18775.85,500,1104250
20221128,10:18:46,18779.00,100,1104250
20221128,10:18:59,18779.10,100,1104250
20221128,10:19:01,18779.10,50,1104250
20221128,10:19:08,18777.55,300,1104250
20221128,10:19:18,18776.95,150,1104250
20221128,10:19:25,18776.00,50,1104250
20221128,10:19:26,18776.00,300,1104250
20221128,10:19:31,18779.85,100,1104250
20221128,10:19:41,18778.20,50,1104250
20221128,10:19:51,18778.00,50,1104250
20221128,10:20:00,18779.95,50,1104250
20221128,10:20:03,18778.20,100,1104250
20221128,10:20:11,18778.20,300,1104250
20221128,10:20:13,18778.20,100,1104250
20221128,10:20:24,18778.00,550,1104250
20221128,10:20:34,18778.00,50,1106700
20221128,10:20:41,18776.50,150,1106700
20221128,10:20:49,18773.80,100,1106700
20221128,10:20:50,18775.55,150,1106700
20221128,10:20:52,18773.10,200,1106700
20221128,10:20:53,18775.55,50,1106700
20221128,10:20:55,18772.00,100,1106700
20221128,10:21:01,18772.00,50,1106700
20221128,10:21:02,18772.00,150,1106700
20221128,10:21:26,18771.55,150,1106700
20221128,10:21:35,18771.55,50,1106700
20221128,10:21:36,18771.55,300,1106700
20221128,10:21:44,18771.35,500,1106700
20221128,10:21:48,18773.90,50,1106700
20221128,10:21:50,18774.65,50,1106700
20221128,10:22:12,18771.80,50,1106700
20221128,10:22:26,18771.80,50,1106700
20221128,10:22:27,18771.80,50,1106700
20221128,10:22:28,18771.80,50,1106700
20221128,10:22:43,18776.00,50,1106700
20221128,10:23:05,18776.00,250,1106700
20221128,10:23:11,18785.00,2100,1106700
20221128,10:23:12,18785.00,200,1106700
20221128,10:23:13,18785.15,150,1106700
20221128,10:23:14,18788.25,650,1106700
20221128,10:23:19,18786.00,50,1106700
20221128,10:24:02,18786.00,50,1108600
20221128,10:24:10,18787.00,50,1108600
20221128,10:24:14,18794.60,5550,1108600
20221128,10:24:17,18789.75,100,1108600
20221128,10:24:18,18791.40,100,1108600
20221128,10:24:19,18789.75,150,1108600
20221128,10:24:22,18790.20,50,1108600
20221128,10:24:23,18790.20,150,1108600
20221128,10:24:27,18792.85,50,1108600
20221128,10:24:32,18792.70,100,1108600
20221128,10:24:52,18793.95,250,1108600
20221128,10:24:56,18793.90,100,1108600
20221128,10:24:57,18793.95,50,1108600
20221128,10:25:02,18790.00,50,1108600
20221128,10:25:03,18791.90,50,1108600
20221128,10:25:17,18790.60,100,1108600
20221128,10:25:24,18791.90,50,1108600
20221128,10:25:35,18795.00,150,1108600
20221128,10:25:37,18795.00,50,1108600
20221128,10:25:38,18793.00,50,1108600
20221128,10:25:42,18794.00,50,1108600
20221128,10:25:52,18794.00,50,1108600
20221128,10:25:53,18794.80,50,1108600
20221128,10:25:56,18794.00,50,1108600
20221128,10:25:58,18793.25,150,1108600
20221128,10:25:59,18794.00,300,1108600
20221128,10:26:00,18793.05,50,1108600
20221128,10:26:06,18795.95,200,1108600
20221128,10:26:15,18794.30,50,1108600
20221128,10:26:18,18794.75,100,1108600
20221128,10:26:21,18793.00,50,1108600
20221128,10:26:28,18793.70,200,1106500
20221128,10:26:46,18789.40,300,1106500
20221128,10:26:51,18790.00,50,1106500
20221128,10:27:05,18788.55,50,1106500
20221128,10:27:09,18788.45,50,1106500
20221128,10:27:15,18788.85,500,1106500
20221128,10:27:19,18789.60,50,1106500
20221128,10:27:22,18790.25,50,1106500
20221128,10:27:25,18790.25,50,1106500
20221128,10:27:28,18792.00,50,1106500
20221128,10:27:41,18794.25,50,1106500
20221128,10:27:47,18794.40,50,1106500
20221128,10:27:55,18790.20,50,1106500
20221128,10:28:04,18791.00,100,1106500
20221128,10:28:10,18790.50,100,1106500
20221128,10:28:12,18790.35,100,1106500
20221128,10:28:13,18790.00,100,1106500
20221128,10:28:16,18791.00,50,1106500
20221128,10:28:19,18790.00,800,1106500
20221128,10:28:21,18790.35,100,1106500
20221128,10:28:41,18789.90,50,1106500
20221128,10:28:44,18789.85,50,1106500
20221128,10:28:45,18786.65,100,1106500
20221128,10:29:06,18786.65,50,1106500
20221128,10:29:20,18787.95,50,1106500
20221128,10:29:29,18787.10,250,1106550
20221128,10:29:49,18787.00,50,1106550
20221128,10:29:51,18787.10,50,1106550
20221128,10:30:02,18787.10,50,1106550
20221128,10:30:17,18787.10,50,1106550
20221128,10:30:19,18787.20,50,1106550
20221128,10:30:29,18784.30,150,1106550
20221128,10:30:33,18783.80,50,1106550
20221128,10:30:48,18781.60,100,1106550
20221128,10:30:53,18781.55,100,1106550
20221128,10:30:57,18780.00,200,1106550
20221128,10:31:01,18780.00,50,1106550
20221128,10:31:02,18780.05,100,1106550
20221128,10:31:21,18777.40,50,1106550
20221128,10:31:28,18780.85,50,1106550
20221128,10:31:31,18780.65,50,1106550
20221128,10:31:38,18777.25,100,1106550
20221128,10:32:01,18775.55,100,1106550
20221128,10:32:17,18775.05,150,1106550
20221128,10:32:20,18775.55,150,1106550
20221128,10:32:25,18775.45,100,1106550
20221128,10:32:29,18775.80,50,1105800
20221128,10:32:30,18777.25,50,1105800
20221128,10:32:34,18779.60,50,1105800
20221128,10:32:40,18775.95,100,1105800
20221128,10:32:50,18776.05,150,1105800
20221128,10:32:57,18776.25,100,1105800
20221128,10:33:05,18778.75,50,1105800
20221128,10:33:09,18776.35,50,1105800
20221128,10:33:21,18778.40,50,1105800
20221128,10:33:28,18777.15,50,1105800
20221128,10:33:47,18775.00,150,1105800
20221128,10:33:52,18775.00,100,1105800
20221128,10:34:12,18775.20,50,1105800
20221128,10:34:13,18775.00,100,1105800
20221128,10:34:16,18777.05,50,1105800
20221128,10:34:19,18775.00,750,1105800
20221128,10:34:27,18775.15,150,1105800
20221128,10:34:59,18773.00,100,1105800
20221128,10:35:05,18773.00,250,1105800
20221128,10:35:10,18774.95,50,1105800
20221128,10:35:38,18774.00,100,1104650
20221128,10:35:43,18773.05,50,1104650
20221128,10:35:45,18773.05,50,1104650
20221128,10:35:51,18773.60,50,1104650
20221128,10:36:03,18774.00,100,1104650
20221128,10:36:14,18775.00,100,1104650
20221128,10:36:22,18774.05,100,1104650
20221128,10:36:24,18774.00,50,1104650
20221128,10:36:54,18775.15,250,1104650
20221128,10:36:55,18775.25,100,1104650
20221128,10:36:57,18775.20,50,1104650
20221128,10:36:59,18775.05,250,1104650
20221128,10:37:00,18775.05,200,1104650
20221128,10:37:07,18774.95,50,1104650
20221128,10:37:20,18774.00,50,1104650
20221128,10:37:27,18774.00,50,1104650
20221128,10:37:35,18774.00,300,1104650
20221128,10:37:36,18773.05,50,1104650
20221128,10:37:56,18773.05,50,1104650
20221128,10:38:42,18770.40,100,1104100
20221128,10:38:50,18773.45,50,1104100
20221128,10:39:04,18771.00,50,1104100
20221128,10:39:19,18775.15,50,1104100
20221128,10:39:23,18776.80,50,1104100
20221128,10:39:45,18778.80,50,1104100
20221128,10:39:53,18778.00,50,1104100
20221128,10:40:11,18778.80,50,1104100
20221128,10:40:25,18779.45,50,1104100
20221128,10:40:26,18781.00,50,1104100
20221128,10:40:32,18781.00,50,1104100
20221128,10:40:38,18782.00,50,1104100
20221128,10:40:55,18784.00,50,1104100
20221128,10:41:03,18782.00,50,1104100
20221128,10:41:06,18780.05,50,1104100
20221128,10:41:29,18780.00,50,1104100
20221128,10:41:34,18779.60,50,1104150
20221128,10:42:12,18776.65,300,1104150
20221128,10:42:22,18779.00,50,1104150
20221128,10:42:36,18777.00,50,1104150
20221128,10:42:55,18778.90,50,1104150
20221128,10:43:09,18777.00,50,1104150
20221128,10:43:20,18778.00,50,1104150
20221128,10:43:32,18779.75,50,1104150
20221128,10:43:50,18780.00,50,1104150
20221128,10:44:09,18780.00,50,1104150
20221128,10:44:26,18780.00,50,1104150
20221128,10:44:34,18780.00,100,1104150
20221128,10:44:46,18780.35,250,1104150
20221128,10:45:36,18780.35,100,1104150
20221128,10:45:37,18778.30,150,1104150
20221128,10:45:42,18780.35,50,1104150
20221128,10:45:42,18780.35,100,1104150
20221128,10:45:59,18782.35,50,1104150
20221128,10:46:09,18781.25,50,1104150
20221128,10:46:12,18780.50,50,1104150
20221128,10:46:29,18780.60,100,1104150
20221128,10:47:36,18774.55,550,1104300
20221128,10:47:51,18773.85,50,1104300
20221128,10:48:07,18778.85,50,1104300
20221128,10:48:40,18779.00,150,1104300
20221128,10:49:01,18777.80,50,1104300
20221128,10:49:06,18776.95,50,1104300
20221128,10:49:24,18778.00,50,1104300
20221128,10:49:30,18777.45,200,1104300
20221128,10:49:36,18776.80,100,1104300
20221128,10:49:41,18778.00,50,1104300
20221128,10:49:43,18777.30,50,1104300
20221128,10:49:45,18778.00,50,1104300
20221128,10:49:48,18781.65,50,1104300
20221128,10:50:12,18782.00,50,1104300
20221128,10:50:31,18785.05,50,1104300
20221128,10:50:37,18787.15,50,1104350
20221128,10:51:14,18784.55,50,1104350
20221128,10:51:23,18780.70,50,1104350
20221128,10:51:24,18783.95,50,1104350
20221128,10:51:32,18783.95,50,1104350
20221128,10:52:09,18783.50,50,1104350
20221128,10:52:37,18783.50,150,1104350
20221128,10:53:04,18784.50,50,1104350
20221128,10:53:32,18787.75,50,1104350
20221128,10:53:44,18787.60,50,1104200
20221128,10:54:06,18786.00,50,1104200
20221128,10:54:13,18788.20,50,1104200
20221128,10:54:30,18787.00,50,1104200
20221128,10:55:21,18787.65,50,1104200
20221128,10:55:22,18788.00,100,1104200
20221128,10:55:29,18790.00,100,1104200
20221128,10:55:40,18788.10,250,1104200
20221128,10:56:05,18791.00,1300,1104200
20221128,10:56:17,18792.00,50,1104200
20221128,10:56:19,18791.85,50,1104200
20221128,10:56:30,18792.00,50,1104200
20221128,10:56:37,18792.00,50,1105100
20221128,10:56:47,18791.00,50,1105100
20221128,10:56:49,18790.40,50,1105100
20221128,10:56:55,18790.00,50,1105100
20221128,10:57:05,18790.00,50,1105100
20221128,10:57:07,18791.70,400,1105100
20221128,10:58:23,18790.00,50,1105100
20221128,10:58:25,18790.00,50,1105100
20221128,10:58:26,18789.75,50,1105100
20221128,10:58:30,18790.00,50,1105100
20221128,10:58:44,18790.30,100,1105100
20221128,10:58:51,18789.45,100,1105100
20221128,10:59:04,18789.00,50,1105100
20221128,10:59:11,18788.60,50,1105100
20221128,10:59:27,18789.30,50,1105100
20221128,10:59:30,18788.65,50,1105100
20221128,10:59:33,18788.65,50,1105100
20221128,10:59:34,18786.90,50,1105100
20221128,10:59:40,18786.85,50,1105250
20221128,11:00:14,18785.20,50,1105250
20221128,11:00:16,18785.15,100,1105250
20221128,11:00:29,18785.20,50,1105250
20221128,11:00:31,18786.60,50,1105250
20221128,11:00:32,18785.75,50,1105250
20221128,11:00:42,18785.15,100,1105250
20221128,11:00:58,18785.15,50,1105250
20221128,11:01:10,18784.00,50,1105250
20221128,11:01:18,18782.80,50,1105250
20221128,11:01:19,18782.75,50,1105250
20221128,11:01:31,18784.05,50,1105250
20221128,11:01:33,18786.00,50,1105250
20221128,11:01:55,18788.00,50,1105250
20221128,11:02:29,18790.00,150,1105250
20221128,11:02:30,18789.95,50,1105250
20221128,11:02:52,18787.60,50,1105200
20221128,11:03:07,18788.70,50,1105200
20221128,11:03:08,18790.00,50,1105200
20221128,11:03:11,18790.00,50,1105200
20221128,11:03:22,18790.00,100,1105200
20221128,11:03:29,18790.00,50,1105200
20221128,11:03:33,18790.00,50,1105200
20221128,11:03:34,18791.35,50,1105200
20221128,11:03:40,18791.00,50,1105200
20221128,11:03:56,18791.00,50,1105200
20221128,11:04:17,18791.85,50,1105200
20221128,11:04:20,18792.00,50,1105200
20221128,11:04:22,18792.00,50,1105200
20221128,11:04:24,18792.00,50,1105200
20221128,11:04:26,18792.00,50,1105200
20221128,11:04:33,18791.85,50,1105200
20221128,11:04:45,18791.65,50,1105200
20221128,11:04:49,18791.40,50,1105200
20221128,11:04:52,18791.10,100,1105200
20221128,11:05:06,18791.60,50,1105200
20221128,11:05:07,18791.60,100,1105200
20221128,11:05:08,18791.60,50,1105200
20221128,11:05:09,18791.60,50,1105200
20221128,11:05:11,18791.60,50,1105200
20221128,11:05:12,18791.60,50,1105200
20221128,11:05:19,18793.30,700,1105200
20221128,11:05:44,18791.50,50,1104650
20221128,11:06:04,18791.55,100,1104650
20221128,11:06:08,18794.40,150,1104650
20221128,11:06:28,18793.05,50,1104650
20221128,11:06:55,18795.00,200,1104650
20221128,11:06:56,18795.00,150,1104650
20221128,11:06:59,18796.00,50,1104650
20221128,11:07:00,18796.20,50,1104650
20221128,11:07:30,18796.20,50,1104650
20221128,11:07:33,18797.30,250,1104650
20221128,11:07:37,18797.30,50,1104650
20221128,11:07:40,18797.30,150,1104650
20221128,11:07:43,18796.00,50,1104650
20221128,11:07:45,18797.30,700,1104650
20221128,11:07:50,18797.30,350,1104650
20221128,11:07:51,18797.30,50,1104650
20221128,11:07:55,18795.95,200,1104650
20221128,11:07:57,18797.30,50,1104650
20221128,11:07:58,18796.70,50,1104650
20221128,11:08:08,18795.40,50,1104650
20221128,11:08:10,18797.00,50,1104650
20221128,11:08:21,18797.00,50,1104650
20221128,11:08:22,18797.00,100,1104650
20221128,11:08:24,18797.00,100,1104650
20221128,11:08:52,18795.00,50,1104300
20221128,11:08:56,18795.00,50,1104300
20221128,11:08:59,18795.60,50,1104300
20221128,11:09:06,18795.65,50,1104300
20221128,11:09:09,18795.65,50,1104300
20221128,11:09:14,18795.65,50,1104300
20221128,11:09:21,18795.65,300,1104300
20221128,11:09:27,18795.65,50,1104300
20221128,11:09:30,18795.65,50,1104300
20221128,11:09:34,18796.00,50,1104300
20221128,11:09:35,18796.00,100,1104300
20221128,11:09:43,18797.00,50,1104300
20221128,11:09:53,18797.00,50,1104300
20221128,11:10:21,18796.85,100,1104300
20221128,11:10:22,18796.35,50,1104300
20221128,11:10:37,18796.50,50,1104300
20221128,11:10:39,18796.00,50,1104300
20221128,11:10:43,18797.00,50,1104300
20221128,11:11:08,18796.00,50,1104300
20221128,11:11:16,18796.00,100,1104300
20221128,11:11:21,18796.00,150,1104300
20221128,11:11:42,18793.10,550,1104300
20221128,11:11:50,18795.00,50,1104650
20221128,11:11:51,18795.80,50,1104650
20221128,11:11:53,18794.25,50,1104650
20221128,11:11:55,18796.00,50,1104650
20221128,11:12:06,18797.00,150,1104650
20221128,11:12:11,18797.00,50,1104650
20221128,11:12:18,18797.00,50,1104650
20221128,11:12:22,18797.00,150,1104650
20221128,11:12:25,18797.30,50,1104650
20221128,11:12:34,18797.30,50,1104650
20221128,11:12:41,18797.30,50,1104650
20221128,11:13:15,18797.30,50,1104650
20221128,11:13:26,18797.30,200,1104650
20221128,11:13:31,18797.90,50,1104650
20221128,11:13:43,18797.90,50,1104650
20221128,11:13:57,18797.00,50,1104650
20221128,11:14:23,18796.80,50,1104650
20221128,11:14:25,18798.50,200,1104650
20221128,11:15:00,18798.50,50,1104650
20221128,11:15:06,18798.00,50,1104400
20221128,11:15:38,18796.50,50,1104400
20221128,11:16:00,18793.30,50,1104400
20221128,11:16:01,18795.25,50,1104400
20221128,11:16:17,18793.30,50,1104400
20221128,11:16:24,18794.00,50,1104400
20221128,11:16:47,18795.25,50,1104400
20221128,11:16:59,18794.15,50,1104400
20221128,11:17:12,18793.30,50,1104400
20221128,11:17:14,18793.30,50,1104400
20221128,11:17:28,18795.25,50,1104400
20221128,11:17:54,18793.40,50,1104700
20221128,11:17:58,18793.10,50,1104700
20221128,11:18:07,18791.85,100,1104700
20221128,11:18:11,18794.55,150,1104700
20221128,11:18:12,18794.45,50,1104700
20221128,11:18:13,18791.40,50,1104700
20221128,11:18:31,18790.40,50,1104700
20221128,11:18:51,18790.40,50,1104700
20221128,11:19:32,18791.25,150,1104700
20221128,11:19:37,18791.00,500,1104700
20221128,11:19:45,18791.00,150,1104700
20221128,11:19:52,18791.00,50,1104700
20221128,11:19:53,18791.00,100,1104700
20221128,11:19:55,18791.00,150,1104700
20221128,11:20:01,18791.00,250,1104700
20221128,11:20:03,18792.80,50,1104700
20221128,11:20:05,18792.80,100,1104700
20221128,11:20:24,18793.00,100,1104700
20221128,11:20:58,18795.00,50,1104850
20221128,11:20:59,18796.75,50,1104850
20221128,11:21:12,18793.15,100,1104850
20221128,11:21:24,18795.90,100,1104850
20221128,11:22:15,18796.00,50,1104850
20221128,11:22:21,18796.05,50,1104850
20221128,11:22:29,18796.05,50,1104850
20221128,11:22:30,18797.00,50,1104850
20221128,11:22:32,18797.00,50,1104850
20221128,11:22:42,18796.00,300,1104850
20221128,11:22:43,18796.00,150,1104850
20221128,11:22:44,18796.00,50,1104850
20221128,11:22:49,18796.00,100,1104850
20221128,11:22:54,18796.00,150,1104850
20221128,11:22:56,18796.00,150,1104850
20221128,11:23:03,18795.85,50,1104850
20221128,11:23:05,18796.00,100,1104850
20221128,11:23:30,18796.00,50,1104850
20221128,11:23:37,18796.00,50,1104850
20221128,11:23:41,18794.55,50,1105250
20221128,11:23:57,18794.00,50,1105250
20221128,11:24:06,18794.00,150,1105250
20221128,11:24:11,18794.00,50,1105250
20221128,11:24:21,18794.00,50,1105250
20221128,11:24:46,18795.30,50,1105250
20221128,11:24:47,18795.25,100,1105250
20221128,11:24:56,18793.80,450,1105250
20221128,11:25:20,18792.40,500,1105250
20221128,11:25:41,18790.85,150,1105250
20221128,11:25:44,18789.85,500,1105250
20221128,11:26:03,18791.00,50,1105250
20221128,11:26:11,18788.45,500,1105250
20221128,11:26:22,18790.00,50,1105250
20221128,11:26:24,18791.00,50,1105250
20221128,11:26:36,18792.00,150,1105250
20221128,11:26:43,18790.85,1000,1104950
20221128,11:26:59,18793.65,50,1104950
20221128,11:27:04,18795.00,50,1104950
20221128,11:27:06,18795.00,200,1104950
20221128,11:27:07,18794.65,50,1104950
20221128,11:27:12,18796.95,50,1104950
20221128,11:27:16,18793.00,3600,1104950
20221128,11:27:17,18796.75,100,1104950
20221128,11:27:20,18797.00,50,1104950
20221128,11:27:25,18797.55,50,1104950
20221128,11:27:33,18797.95,250,1104950
20221128,11:27:38,18797.00,50,1104950
20221128,11:27:44,18797.55,50,1104950
20221128,11:28:03,18797.65,50,1104950
20221128,11:28:06,18797.55,50,1104950
20221128,11:28:09,18797.55,50,1104950
20221128,11:28:10,18797.55,50,1104950
20221128,11:28:30,18798.00,50,1104950
20221128,11:28:31,18797.55,1150,1104950
20221128,11:28:39,18797.60,200,1104950
20221128,11:28:40,18798.10,200,1104950
20221128,11:28:41,18798.55,50,1104950
20221128,11:28:45,18798.55,50,1104950
20221128,11:28:46,18797.95,50,1104950
20221128,11:28:59,18795.30,100,1104950
20221128,11:29:04,18794.85,50,1104950
20221128,11:29:06,18794.75,50,1104950
20221128,11:29:06,18794.70,50,1104950
20221128,11:29:07,18794.55,100,1104950
20221128,11:29:10,18794.50,50,1104950
20221128,11:29:36,18795.20,50,1104950
20221128,11:29:42,18796.10,50,1106150
20221128,11:30:01,18794.30,100,1106150
20221128,11:30:36,18794.65,200,1106150
20221128,11:30:37,18795.95,100,1106150
20221128,11:30:38,18797.25,100,1106150
20221128,11:30:40,18797.30,50,1106150
20221128,11:30:44,18798.00,50,1106150
20221128,11:30:46,18798.75,100,1106150
20221128,11:30:48,18798.80,50,1106150
20221128,11:30:48,18799.00,1550,1106150
20221128,11:30:49,18799.00,200,1106150
20221128,11:30:50,18799.90,200,1106150
20221128,11:30:52,18799.95,50,1106150
20221128,11:30:54,18799.95,50,1106150
20221128,11:30:56,18800.00,150,1106150
20221128,11:30:57,18800.00,750,1106150
20221128,11:31:03,18800.00,200,1106150
20221128,11:31:04,18799.15,800,1106150
20221128,11:31:06,18795.00,900,1106150
20221128,11:31:13,18799.30,150,1106150
20221128,11:31:19,18799.30,100,1106150
20221128,11:31:24,18799.30,50,1106150
20221128,11:31:29,18799.95,150,1106150
20221128,11:31:31,18800.00,50,1106150
20221128,11:31:34,18799.20,50,1106150
20221128,11:31:36,18799.20,150,1106150
20221128,11:31:37,18799.25,150,1106150
20221128,11:31:40,18796.10,500,1106150
20221128,11:31:45,18798.55,100,1106150
20221128,11:31:48,18800.00,250,1106150
20221128,11:31:52,18800.00,100,1106150
20221128,11:32:01,18799.30,50,1106150
20221128,11:32:05,18796.25,500,1106150
20221128,11:32:06,18798.85,50,1106150
20221128,11:32:09,18798.85,100,1106150
20221128,11:32:10,18798.15,50,1106150
20221128,11:32:16,18799.25,50,1106150
20221128,11:32:17,18799.00,50,1106150
20221128,11:32:24,18798.35,100,1106150
20221128,11:32:26,18798.60,50,1106150
20221128,11:32:28,18798.75,100,1106150
20221128,11:32:29,18799.10,150,1106150
20221128,11:32:44,18793.25,1500,1104350
20221128,11:32:46,18798.20,100,1104350
20221128,11:32:47,18798.85,150,1104350
20221128,11:32:48,18799.25,100,1104350
20221128,11:32:56,18799.95,950,1104350
20221128,11:32:58,18799.30,600,1104350
20221128,11:33:02,18800.80,1100,1104350
20221128,11:33:06,18800.80,150,1104350
20221128,11:33:07,18800.30,100,1104350
20221128,11:33:14,18800.90,50,1104350
20221128,11:33:19,18800.90,50,1104350
20221128,11:33:20,18800.90,150,1104350
20221128,11:33:23,18801.25,150,1104350
20221128,11:33:26,18801.25,50,1104350
20221128,11:33:30,18801.25,250,1104350
20221128,11:33:32,18801.50,50,1104350
20221128,11:33:33,18802.00,150,1104350
20221128,11:33:37,18802.00,50,1104350
20221128,11:33:41,18802.00,50,1104350
20221128,11:33:51,18801.15,50,1104350
20221128,11:33:55,18802.55,50,1104350
20221128,11:34:02,18802.55,150,1104350
20221128,11:34:18,18806.30,650,1104350
20221128,11:34:19,18807.35,100,1104350
20221128,11:34:20,18807.55,150,1104350
20221128,11:34:21,18806.15,50,1104350
20221128,11:34:22,18806.15,100,1104350
20221128,11:34:24,18808.05,200,1104350
20221128,11:34:25,18810.00,300,1104350
20221128,11:34:27,18810.00,50,1104350
20221128,11:34:28,18808.30,100,1104350
20221128,11:34:29,18807.75,50,1104350
20221128,11:34:30,18807.60,150,1104350
20221128,11:34:32,18807.25,50,1104350
20221128,11:34:38,18809.00,100,1104350
20221128,11:34:40,18810.75,700,1104350
20221128,11:34:41,18810.75,50,1104350
20221128,11:34:42,18811.60,350,1104350
20221128,11:34:43,18812.00,300,1104350
20221128,11:34:44,18812.25,100,1104350
20221128,11:34:46,18812.25,100,1104350
20221128,11:34:47,18812.00,50,1104350
20221128,11:34:48,18812.10,200,1104350
20221128,11:34:49,18813.75,50,1104350
20221128,11:34:50,18813.85,100,1104350
20221128,11:34:56,18814.55,50,1104350
20221128,11:34:58,18814.55,100,1104350
20221128,11:34:59,18813.40,50,1104350
20221128,11:35:00,18811.40,50,1104350
20221128,11:35:02,18811.40,50,1104350
20221128,11:35:06,18812.85,50,1104350
20221128,11:35:10,18812.90,100,1104350
20221128,11:35:11,18812.90,100,1104350
20221128,11:35:13,18812.60,100,1104350
20221128,11:35:14,18812.65,50,1104350
20221128,11:35:15,18812.60,50,1104350
20221128,11:35:18,18812.65,100,1104350
20221128,11:35:19,18814.00,150,1104350
20221128,11:35:20,18814.10,50,1104350
20221128,11:35:34,18812.55,50,1104350
20221128,11:35:38,18811.50,150,1104350
20221128,11:35:49,18812.55,100,1106650
20221128,11:35:50,18812.25,150,1106650
20221128,11:35:52,18813.00,100,1106650
20221128,11:35:54,18814.55,50,1106650
20221128,11:35:55,18814.95,50,1106650
20221128,11:35:56,18814.95,50,1106650
20221128,11:35:57,18813.30,50,1106650
20221128,11:35:58,18812.70,100,1106650
20221128,11:36:06,18812.05,100,1106650
20221128,11:36:08,18811.85,50,1106650
20221128,11:36:11,18812.60,50,1106650
20221128,11:36:14,18812.10,50,1106650
20221128,11:36:16,18810.00,100,1106650
20221128,11:36:18,18810.65,50,1106650
20221128,11:36:19,18808.20,300,1106650
20221128,11:36:21,18809.50,50,1106650
20221128,11:36:29,18810.00,50,1106650
20221128,11:36:56,18811.50,50,1106650
20221128,11:36:57,18811.05,50,1106650
20221128,11:36:58,18810.00,50,1106650
20221128,11:37:02,18811.35,250,1106650
20221128,11:37:03,18810.00,50,1106650
20221128,11:37:06,18810.00,50,1106650
20221128,11:37:09,18807.25,50,1106650
20221128,11:37:18,18809.50,50,1106650
20221128,11:37:19,18809.60,100,1106650
20221128,11:37:37,18809.60,50,1106650
20221128,11:37:38,18810.30,50,1106650
20221128,11:37:53,18808.45,50,1106650
20221128,11:37:54,18810.00,50,1106650
20221128,11:38:00,18810.10,50,1106650
20221128,11:38:04,18810.00,50,1106650
20221128,11:38:13,18809.25,50,1106650
20221128,11:38:14,18811.75,150,1106650
20221128,11:38:17,18811.20,50,1106650
20221128,11:38:22,18810.55,50,1106650
20221128,11:38:28,18808.05,50,1106650
20221128,11:38:54,18808.95,50,1107800
20221128,11:39:05,18809.80,50,1107800
20221128,11:39:07,18808.90,50,1107800
20221128,11:39:13,18810.00,100,1107800
20221128,11:39:26,18808.30,50,1107800
20221128,11:39:27,18808.40,100,1107800
20221128,11:39:29,18810.00,50,1107800
20221128,11:39:32,18810.25,50,1107800
20221128,11:39:33,18810.70,50,1107800
20221128,11:39:37,18810.70,50,1107800
20221128,11:39:42,18810.00,100,1107800
20221128,11:39:51,18810.75,100,1107800
20221128,11:39:59,18810.00,100,1107800
20221128,11:40:12,18809.80,50,1107800
20221128,11:40:24,18807.45,50,1107800
20221128,11:40:27,18808.65,50,1107800
20221128,11:40:28,18808.85,50,1107800
20221128,11:40:29,18808.50,100,1107800
20221128,11:40:30,18808.50,1550,1107800
20221128,11:40:32,18808.60,200,1107800
20221128,11:40:34,18808.35,300,1107800
20221128,11:40:37,18808.45,50,1107800
20221128,11:40:38,18808.45,50,1107800
20221128,11:40:41,18808.00,50,1107800
20221128,11:40:43,18806.70,50,1107800
20221128,11:40:44,18807.65,150,1107800
20221128,11:40:46,18809.75,50,1107800
20221128,11:40:47,18809.75,100,1107800
20221128,11:40:50,18808.95,50,1107800
20221128,11:41:00,18808.95,150,1107800
20221128,11:41:13,18808.00,200,1107800
20221128,11:41:16,18805.00,50,1107800
20221128,11:41:27,18807.50,50,1107800
20221128,11:41:41,18807.50,50,1107800
20221128,11:41:43,18808.05,50,1107800
20221128,11:41:46,18808.05,50,1108050
20221128,11:41:49,18806.85,200,1108050
20221128,11:41:51,18808.80,100,1108050
20221128,11:42:05,18807.35,100,1108050
20221128,11:42:24,18807.60,150,1108050
20221128,11:42:26,18809.35,50,1108050
20221128,11:42:30,18807.65,200,1108050
20221128,11:42:32,18810.00,300,1108050
20221128,11:42:37,18810.50,50,1108050
20221128,11:42:42,18808.80,100,1108050
20221128,11:42:51,18809.10,150,1108050
20221128,11:42:57,18808.30,50,1108050
20221128,11:43:14,18808.95,350,1108050
20221128,11:43:15,18808.95,50,1108050
20221128,11:43:17,18808.95,50,1108050
20221128,11:43:18,18808.95,50,1108050
20221128,11:43:20,18809.10,50,1108050
20221128,11:43:20,18809.65,50,1108050
20221128,11:43:22,18810.10,100,1108050
20221128,11:43:23,18810.75,50,1108050
20221128,11:43:24,18810.75,100,1108050
20221128,11:43:29,18810.95,100,1108050
20221128,11:43:30,18810.95,100,1108050
20221128,11:43:30,18810.95,50,1108050
20221128,11:43:36,18810.00,50,1108050
20221128,11:43:50,18810.90,50,1108050
20221128,11:43:53,18811.00,50,1108050
20221128,11:43:55,18810.00,250,1108050
20221128,11:43:58,18810.05,50,1108050
20221128,11:43:59,18811.00,50,1108050
20221128,11:44:00,18810.00,50,1108050
20221128,11:44:02,18810.00,50,1108050
20221128,11:44:04,18810.00,100,1108050
20221128,11:44:08,18810.70,50,1108050
20221128,11:44:09,18810.00,50,1108050
20221128,11:44:16,18810.00,150,1108050
20221128,11:44:34,18810.45,150,1108050
20221128,11:44:44,18809.10,50,1108050
20221128,11:44:51,18809.20,200,1110600
20221128,11:45:01,18809.65,50,1110600
20221128,11:45:02,18810.25,150,1110600
20221128,11:45:04,18811.85,100,1110600
20221128,11:45:10,18810.90,250,1110600
20221128,11:45:13,18811.35,150,1110600
20221128,11:45:17,18810.65,250,1110600
20221128,11:45:19,18810.80,350,1110600
20221128,11:45:23,18811.30,100,1110600
20221128,11:45:28,18810.95,50,1110600
20221128,11:45:30,18812.40,100,1110600
20221128,11:45:33,18812.35,50,1110600
20221128,11:45:34,18812.20,250,1110600
20221128,11:45:39,18812.90,50,1110600
20221128,11:45:40,18813.55,150,1110600
20221128,11:45:40,18813.65,50,1110600
20221128,11:45:41,18813.75,50,1110600
20221128,11:45:46,18815.00,200,1110600
20221128,11:45:47,18812.90,300,1110600
20221128,11:45:49,18813.70,50,1110600
20221128,11:45:50,18813.70,50,1110600
20221128,11:45:51,18815.00,150,1110600
20221128,11:45:52,18813.65,100,1110600
20221128,11:45:53,18815.30,150,1110600
20221128,11:45:55,18815.65,100,1110600
20221128,11:45:57,18814.10,50,1110600
20221128,11:45:58,18814.15,50,1110600
20221128,11:45:59,18813.00,50,1110600
20221128,11:46:00,18814.10,100,1110600
20221128,11:46:02,18814.10,50,1110600
20221128,11:46:03,18814.10,50,1110600
20221128,11:46:16,18812.90,50,1110600
20221128,11:46:30,18813.00,50,1110600
20221128,11:46:33,18812.20,100,1110600
20221128,11:46:41,18812.20,50,1110600
20221128,11:46:46,18810.40,50,1110600
20221128,11:46:53,18812.10,50,1110600
20221128,11:47:02,18810.85,50,1110600
20221128,11:47:11,18812.75,450,1110600
20221128,11:47:12,18814.15,50,1110600
20221128,11:47:13,18813.80,50,1110600
20221128,11:47:14,18812.75,50,1110600
20221128,11:47:16,18814.15,50,1110600
20221128,11:47:19,18813.15,50,1110600
20221128,11:47:21,18811.75,50,1110600
20221128,11:47:22,18814.15,100,1110600
20221128,11:47:23,18814.15,150,1110600
20221128,11:47:25,18814.90,200,1110600
20221128,11:47:26,18811.60,50,1110600
20221128,11:47:35,18812.00,50,1110600
20221128,11:47:36,18813.60,100,1110600
20221128,11:47:54,18813.15,50,1114400
20221128,11:47:56,18813.00,50,1114400
20221128,11:48:03,18811.90,50,1114400
20221128,11:48:09,18813.00,50,1114400
20221128,11:48:10,18814.15,50,1114400
20221128,11:48:17,18814.50,50,1114400
20221128,11:48:54,18809.55,100,1114400
20221128,11:49:34,18810.65,50,1114400
20221128,11:49:45,18812.95,50,1114400
20221128,11:50:24,18812.95,50,1114400
20221128,11:50:55,18813.00,50,1114550
20221128,11:51:37,18811.00,50,1114550
20221128,11:52:10,18810.00,100,1114550
20221128,11:52:20,18810.00,50,1114550
20221128,11:52:24,18807.95,200,1114550
20221128,11:52:29,18807.35,250,1114550
20221128,11:52:31,18806.95,250,1114550
20221128,11:52:45,18808.00,50,1114550
20221128,11:52:47,18808.00,100,1114550
20221128,11:52:51,18808.00,100,1114550
20221128,11:52:53,18808.00,50,1114550
20221128,11:52:54,18808.00,50,1114550
20221128,11:52:56,18808.00,500,1114550
20221128,11:53:05,18808.00,50,1114550
20221128,11:53:20,18808.00,50,1114550
20221128,11:53:21,18807.50,150,1114550
20221128,11:53:24,18808.00,50,1114550
20221128,11:53:29,18807.85,50,1114550
20221128,11:53:30,18808.00,200,1114550
20221128,11:53:32,18807.40,50,1114550
20221128,11:53:40,18809.00,50,1114550
20221128,11:53:42,18810.00,50,1114550
20221128,11:53:45,18809.10,50,1114550
20221128,11:54:25,18810.00,50,1114350
20221128,11:54:33,18809.60,50,1114350
20221128,11:55:05,18809.95,50,1114350
20221128,11:55:09,18809.95,50,1114350
20221128,11:55:32,18812.00,200,1114350
20221128,11:55:33,18813.00,50,1114350
20221128,11:55:43,18813.60,50,1114350
20221128,11:55:46,18811.90,50,1114350
20221128,11:56:09,18811.05,50,1114350
20221128,11:56:10,18811.00,50,1114350
20221128,11:56:15,18810.00,50,1114350
20221128,11:56:21,18811.00,50,1114350
20221128,11:56:32,18813.60,50,1114350
20221128,11:56:33,18813.60,50,1114350
20221128,11:56:36,18814.00,100,1114350
20221128,11:56:47,18814.75,50,1114650
20221128,11:56:48,18814.95,50,1114650
20221128,11:56:57,18814.80,50,1114650
20221128,11:57:03,18814.00,50,1114650
20221128,11:57:10,18814.00,50,1114650
20221128,11:57:20,18814.00,50,1114650
20221128,11:57:24,18814.20,50,1114650
20221128,11:57:53,18815.70,200,1114650
20221128,11:57:56,18815.70,50,1114650
20221128,11:59:25,18815.00,50,1114650
20221128,11:59:27,18818.00,50,1114650
20221128,11:59:30,18818.00,50,1114650
20221128,11:59:44,18818.15,50,1114650
20221128,11:59:47,18818.15,50,1114650
20221128,11:59:51,18819.00,50,1115100
20221128,12:00:03,18819.00,50,1115100
20221128,12:00:06,18821.50,350,1115100
20221128,12:00:08,18823.00,100,1115100
20221128,12:00:11,18824.30,50,1115100
20221128,12:00:12,18824.30,50,1115100
20221128,12:00:16,18822.00,100,1115100
20221128,12:00:20,18820.25,100,1115100
20221128,12:00:37,18823.15,150,1115100
20221128,12:00:38,18822.95,100,1115100
20221128,12:00:40,18823.15,50,1115100
20221128,12:00:44,18823.50,50,1115100
20221128,12:00:45,18822.55,50,1115100
20221128,12:00:46,18822.25,50,1115100
20221128,12:00:50,18823.50,50,1115100
20221128,12:00:55,18822.90,50,1115100
20221128,12:01:07,18822.90,50,1115100
20221128,12:01:16,18822.90,50,1115100
20221128,12:01:25,18822.60,50,1115100
20221128,12:01:28,18824.00,50,1115100
20221128,12:01:31,18823.65,50,1115100
20221128,12:01:34,18819.70,100,1115100
20221128,12:02:02,18819.25,50,1115100
20221128,12:02:30,18820.00,100,1115100
20221128,12:02:34,18820.15,100,1115100
20221128,12:02:36,18819.25,100,1115100
20221128,12:02:42,18818.00,100,1115100
20221128,12:02:45,18819.65,50,1115100
20221128,12:02:48,18818.00,50,1115100
20221128,12:02:59,18818.00,250,1115700
20221128,12:03:03,18817.15,50,1115700
20221128,12:03:13,18817.15,100,1115700
20221128,12:03:28,18819.70,50,1115700
20221128,12:03:35,18820.00,50,1115700
20221128,12:03:43,18820.00,100,1115700
20221128,12:03:46,18818.75,50,1115700
20221128,12:03:54,18820.00,50,1115700
20221128,12:04:01,18820.00,50,1115700
20221128,12:04:10,18820.00,50,1115700
20221128,12:04:20,18820.00,100,1115700
20221128,12:04:22,18820.00,100,1115700
20221128,12:04:25,18820.00,500,1115700
20221128,12:04:26,18820.00,400,1115700
20221128,12:04:27,18821.00,50,1115700
20221128,12:04:36,18821.00,100,1115700
20221128,12:04:37,18822.70,250,1115700
20221128,12:04:48,18819.55,850,1115700
20221128,12:04:57,18820.50,100,1115700
20221128,12:05:02,18823.45,200,1115700
20221128,12:05:03,18819.95,600,1115700
20221128,12:05:09,18821.15,300,1115700
20221128,12:05:15,18819.45,1100,1115700
20221128,12:05:20,18819.05,350,1115700
20221128,12:05:20,18821.15,100,1115700
20221128,12:05:21,18822.00,50,1115700
20221128,12:05:25,18820.25,50,1115700
20221128,12:05:42,18821.15,200,1115700
20221128,12:05:45,18820.00,50,1115700
20221128,12:05:46,18819.50,50,1115700
20221128,12:05:47,18821.65,150,1115700
20221128,12:05:48,18819.00,100,1115700
20221128,12:05:50,18820.00,50,1116100
20221128,12:05:51,18820.00,50,1116100
20221128,12:05:51,18821.00,50,1116100
20221128,12:05:52,18821.30,50,1116100
20221128,12:05:53,18821.30,100,1116100
20221128,12:05:54,18822.00,50,1116100
20221128,12:06:00,18818.75,100,1116100
20221128,12:06:04,18821.80,50,1116100
20221128,12:06:06,18819.30,100,1116100
20221128,12:06:09,18822.50,50,1116100
20221128,12:06:22,18819.15,100,1116100
20221128,12:06:26,18822.55,200,1116100
20221128,12:06:28,18822.00,50,1116100
20221128,12:06:31,18819.75,200,1116100
20221128,12:06:34,18822.50,800,1116100
20221128,12:06:43,18822.50,150,1116100
20221128,12:06:48,18819.90,50,1116100
20221128,12:06:55,18820.30,100,1116100
20221128,12:07:03,18822.95,50,1116100
20221128,12:07:10,18823.60,100,1116100
20221128,12:07:20,18820.95,50,1116100
20221128,12:07:29,18822.25,100,1116100
20221128,12:07:32,18822.55,50,1116100
20221128,12:07:37,18822.25,100,1116100
20221128,12:07:38,18821.60,50,1116100
20221128,12:07:40,18821.80,100,1116100
20221128,12:07:41,18822.05,100,1116100
20221128,12:07:57,18822.15,100,1116100
20221128,12:08:00,18821.90,50,1116100
20221128,12:08:08,18823.30,200,1116100
20221128,12:08:09,18828.80,2350,1116100
20221128,12:08:10,18828.80,50,1116100
20221128,12:08:16,18825.55,50,1116100
20221128,12:08:22,18827.75,200,1116100
20221128,12:08:32,18823.15,50,1116100
20221128,12:08:33,18822.25,150,1116100
20221128,12:08:42,18822.55,50,1116100
20221128,12:08:49,18823.75,100,1116100
20221128,12:08:55,18823.60,50,1114100
20221128,12:09:01,18824.70,100,1114100
20221128,12:09:10,18827.00,50,1114100
20221128,12:09:11,18823.55,1250,1114100
20221128,12:09:22,18827.00,50,1114100
20221128,12:09:28,18827.00,50,1114100
20221128,12:09:32,18826.55,100,1114100
20221128,12:09:33,18827.25,150,1114100
20221128,12:09:34,18827.05,50,1114100
20221128,12:09:35,18828.75,50,1114100
20221128,12:09:40,18827.00,150,1114100
20221128,12:09:41,18826.95,250,1114100
20221128,12:09:43,18826.65,50,1114100
20221128,12:09:44,18826.65,50,1114100
20221128,12:09:45,18826.85,100,1114100
20221128,12:09:46,18826.85,50,1114100
20221128,12:09:53,18826.05,50,1114100
20221128,12:09:56,18826.60,50,1114100
20221128,12:10:00,18826.90,100,1114100
20221128,12:10:02,18828.00,50,1114100
20221128,12:10:06,18826.60,50,1114100
20221128,12:10:07,18827.00,50,1114100
20221128,12:10:13,18827.00,50,1114100
20221128,12:10:14,18827.00,50,1114100
20221128,12:10:16,18828.00,100,1114100
20221128,12:10:24,18826.00,100,1114100
20221128,12:10:25,18826.80,50,1114100
20221128,12:10:30,18825.00,50,1114100
20221128,12:10:31,18826.85,150,1114100
20221128,12:10:41,18826.00,50,1114100
20221128,12:10:43,18826.00,50,1114100
20221128,12:10:44,18826.00,250,1114100
20221128,12:10:52,18825.95,50,1114100
20221128,12:11:12,18824.75,50,1114100
20221128,12:11:22,18823.00,350,1114100
20221128,12:11:25,18822.50,100,1114100
20221128,12:11:30,18823.00,50,1114100
20221128,12:11:37,18822.60,150,1114100
20221128,12:11:43,18823.00,50,1114100
20221128,12:11:47,18823.00,50,1114100
20221128,12:11:58,18820.00,200,1115400
20221128,12:12:06,18820.55,100,1115400
20221128,12:12:21,18821.75,50,1115400
20221128,12:12:23,18821.20,50,1115400
20221128,12:12:37,18821.20,50,1115400
20221128,12:12:56,18823.00,300,1115400
20221128,12:13:20,18824.00,150,1115400
20221128,12:13:24,18824.00,50,1115400
20221128,12:13:44,18823.00,100,1115400
20221128,12:13:54,18825.00,50,1115400
20221128,12:13:56,18824.30,100,1115400
20221128,12:14:06,18825.00,100,1115400
20221128,12:14:07,18826.00,50,1115400
20221128,12:14:10,18826.00,50,1115400
20221128,12:14:18,18826.95,50,1115400
20221128,12:14:39,18827.90,500,1115400
20221128,12:14:42,18827.20,50,1115400
20221128,12:14:44,18827.55,50,1115400
20221128,12:14:52,18827.55,50,1116450
20221128,12:14:55,18827.00,50,1116450
20221128,12:14:59,18827.00,50,1116450
20221128,12:15:01,18827.10,50,1116450
20221128,12:15:05,18827.05,600,1116450
20221128,12:15:06,18826.60,400,1116450
20221128,12:15:17,18828.85,250,1116450
20221128,12:15:36,18827.60,50,1116450
20221128,12:15:38,18829.15,250,1116450
20221128,12:15:44,18829.75,150,1116450
20221128,12:15:46,18830.15,1500,1116450
20221128,12:15:57,18829.45,50,1116450
20221128,12:16:07,18829.45,650,1116450
20221128,12:16:09,18828.45,150,1116450
20221128,12:16:24,18827.25,50,1116450
20221128,12:16:28,18828.80,50,1116450
20221128,12:16:40,18827.55,150,1116450
20221128,12:16:44,18827.55,500,1116450
20221128,12:16:54,18822.90,250,1116450
20221128,12:17:18,18822.00,50,1116450
20221128,12:17:34,18821.45,50,1116450
20221128,12:18:07,18823.05,50,1118800
20221128,12:18:11,18822.95,50,1118800
20221128,12:18:14,18823.60,50,1118800
20221128,12:18:17,18826.00,50,1118800
20221128,12:18:18,18824.20,50,1118800
20221128,12:18:24,18822.80,250,1118800
20221128,12:18:34,18824.35,50,1118800
20221128,12:18:47,18828.00,150,1118800
20221128,12:18:49,18828.05,50,1118800
20221128,12:18:53,18825.30,250,1118800
20221128,12:18:54,18828.65,100,1118800
20221128,12:18:57,18826.90,100,1118800
20221128,12:18:58,18823.30,1500,1118800
20221128,12:19:00,18825.55,450,1118800
20221128,12:19:03,18828.15,50,1118800
20221128,12:19:07,18826.20,50,1118800
20221128,12:19:16,18826.55,50,1118800
20221128,12:19:17,18826.55,50,1118800
20221128,12:19:21,18829.30,200,1118800
20221128,12:19:24,18827.45,100,1118800
20221128,12:19:33,18828.25,50,1118800
20221128,12:19:34,18828.00,50,1118800
20221128,12:19:38,18821.20,1750,1118800
20221128,12:19:42,18826.15,50,1118800
20221128,12:19:44,18826.10,50,1118800
20221128,12:19:45,18826.15,600,1118800
20221128,12:19:49,18824.55,150,1118800
20221128,12:19:57,18820.00,1050,1118800
20221128,12:20:01,18824.25,250,1118800
20221128,12:20:03,18824.45,300,1118800
20221128,12:20:04,18823.55,50,1118800
20221128,12:20:10,18824.45,600,1118800
20221128,12:20:15,18824.10,200,1118800
20221128,12:20:16,18824.60,50,1118800
20221128,12:20:24,18822.60,50,1118800
20221128,12:20:26,18822.60,50,1118800
20221128,12:20:28,18823.45,350,1118800
20221128,12:20:32,18820.00,250,1118800
20221128,12:20:38,18820.75,100,1118800
20221128,12:20:48,18820.05,50,1118800
20221128,12:20:49,18820.05,100,1118800
20221128,12:21:25,18820.85,100,1122500
20221128,12:21:27,18823.55,50,1122500
20221128,12:21:35,18823.30,50,1122500
20221128,12:21:41,18821.30,50,1122500
20221128,12:21:45,18821.85,50,1122500
20221128,12:21:50,18821.80,150,1122500
20221128,12:21:54,18821.40,200,1122500
20221128,12:21:59,18822.40,50,1122500
20221128,12:22:00,18821.40,50,1122500
20221128,12:22:21,18820.00,50,1122500
20221128,12:22:27,18818.55,150,1122500
20221128,12:22:29,18821.40,50,1122500
20221128,12:22:41,18821.95,50,1122500
20221128,12:22:50,18819.65,50,1122500
20221128,12:22:57,18819.65,250,1122500
20221128,12:23:01,18821.05,50,1122500
20221128,12:23:07,18822.65,100,1122500
20221128,12:23:09,18821.65,50,1122500
20221128,12:23:10,18823.15,100,1122500
20221128,12:23:12,18824.00,50,1122500
20221128,12:23:15,18821.95,100,1122500
20221128,12:23:19,18824.00,400,1122500
20221128,12:23:26,18822.00,50,1122500
20221128,12:23:28,18822.80,50,1122500
20221128,12:23:33,18822.60,50,1122500
20221128,12:23:36,18823.40,250,1122500
20221128,12:23:56,18822.25,50,1122900
20221128,12:24:21,18825.90,200,1122900
20221128,12:24:35,18824.75,150,1122900
20221128,12:24:36,18824.85,50,1122900
20221128,12:24:37,18824.85,100,1122900
20221128,12:24:38,18824.80,50,1122900
20221128,12:24:39,18824.80,100,1122900
20221128,12:24:40,18824.80,150,1122900
20221128,12:24:41,18824.80,100,1122900
20221128,12:24:42,18825.15,50,1122900
20221128,12:24:56,18821.65,150,1122900
20221128,12:25:12,18821.00,250,1122900
20221128,12:25:13,18821.00,100,1122900
20221128,12:25:14,18821.00,250,1122900
20221128,12:25:18,18821.00,50,1122900
20221128,12:25:24,18821.00,50,1122900
20221128,12:25:28,18820.00,50,1122900
20221128,12:25:30,18820.05,50,1122900
20221128,12:25:31,18821.00,50,1122900
20221128,12:25:49,18821.00,100,1122900
20221128,12:25:54,18821.00,100,1122900
20221128,12:25:55,18819.65,50,1122900
20221128,12:25:56,18821.00,50,1122900
20221128,12:25:57,18821.00,100,1122900
20221128,12:26:01,18821.00,300,1122900
20221128,12:26:02,18821.00,800,1122900
20221128,12:26:03,18821.00,100,1122900
20221128,12:26:06,18821.00,450,1122900
20221128,12:26:07,18821.00,300,1122900
20221128,12:26:08,18821.00,400,1122900
20221128,12:26:15,18821.00,50,1122900
20221128,12:26:17,18821.00,50,1122900
20221128,12:26:18,18821.00,50,1122900
20221128,12:26:30,18820.55,50,1122900
20221128,12:26:33,18819.50,200,1122900
20221128,12:26:34,18820.55,250,1122900
20221128,12:26:50,18820.35,50,1122900
20221128,12:26:56,18817.70,50,1123300
20221128,12:26:58,18817.25,50,1123300
20221128,12:27:07,18818.15,150,1123300
20221128,12:27:37,18820.65,50,1123300
20221128,12:27:38,18821.00,50,1123300
20221128,12:27:40,18822.25,50,1123300
20221128,12:27:58,18821.60,100,1123300
20221128,12:28:05,18822.60,50,1123300
20221128,12:28:08,18823.60,50,1123300
20221128,12:28:14,18826.55,100,1123300
20221128,12:28:30,18825.60,50,1123300
20221128,12:28:36,18825.80,50,1123300
20221128,12:28:41,18826.15,50,1123300
20221128,12:29:01,18830.00,350,1123300
20221128,12:29:03,18830.00,550,1123300
20221128,12:29:04,18830.00,50,1123300
20221128,12:29:05,18832.95,250,1123300
20221128,12:29:06,18833.00,150,1123300
20221128,12:29:08,18833.00,50,1123300
20221128,12:29:09,18831.25,50,1123300
20221128,12:29:10,18833.95,150,1123300
20221128,12:29:11,18834.10,200,1123300
20221128,12:29:13,18834.10,50,1123300
20221128,12:29:14,18834.10,300,1123300
20221128,12:29:15,18830.60,150,1123300
20221128,12:29:16,18830.60,100,1123300
20221128,12:29:20,18832.50,200,1123300
20221128,12:29:22,18830.60,200,1123300
20221128,12:29:29,18830.60,150,1123300
20221128,12:29:31,18830.35,400,1123300
20221128,12:29:34,18829.60,50,1123300
20221128,12:29:37,18830.60,100,1123300
20221128,12:30:06,18828.20,50,1123300
20221128,12:30:16,18828.00,100,1124900
20221128,12:30:30,18829.95,300,1124900
20221128,12:30:31,18828.00,50,1124900
20221128,12:30:38,18825.80,50,1124900
20221128,12:30:40,18822.70,50,1124900
20221128,12:30:46,18823.20,50,1124900
20221128,12:30:49,18824.30,100,1124900
20221128,12:30:53,18823.75,100,1124900
20221128,12:31:03,18823.15,50,1124900
20221128,12:31:04,18823.00,50,1124900
20221128,12:31:09,18823.00,250,1124900
20221128,12:31:13,18826.50,50,1124900
20221128,12:31:16,18824.80,50,1124900
20221128,12:31:21,18826.50,50,1124900
20221128,12:31:24,18826.85,50,1124900
20221128,12:31:42,18831.85,150,1124900
20221128,12:31:50,18830.00,200,1124900
20221128,12:31:57,18827.70,50,1124900
20221128,12:32:05,18830.00,200,1124900
20221128,12:32:15,18830.00,100,1124900
20221128,12:32:27,18830.00,100,1124900
20221128,12:32:29,18828.55,50,1124900
20221128,12:32:35,18827.70,50,1124900
20221128,12:32:50,18824.95,150,1124900
20221128,12:33:08,18825.90,50,1124900
20221128,12:33:12,18826.10,50,1125800
20221128,12:33:25,18826.75,50,1125800
20221128,12:33:27,18827.65,100,1125800
20221128,12:33:29,18826.10,50,1125800
20221128,12:33:32,18825.30,100,1125800
20221128,12:33:36,18824.00,150,1125800
20221128,12:33:37,18824.00,50,1125800
20221128,12:33:38,18824.00,100,1125800
20221128,12:33:39,18824.00,50,1125800
20221128,12:33:51,18824.00,50,1125800
20221128,12:33:52,18824.00,150,1125800
20221128,12:33:53,18824.00,50,1125800
20221128,12:33:54,18823.00,50,1125800
20221128,12:33:58,18824.60,50,1125800
20221128,12:34:02,18824.00,50,1125800
20221128,12:34:05,18825.60,50,1125800
20221128,12:34:12,18824.45,50,1125800
20221128,12:34:15,18824.45,50,1125800
20221128,12:34:18,18825.20,50,1125800
20221128,12:34:20,18823.00,50,1125800
20221128,12:34:23,18824.80,50,1125800
20221128,12:34:27,18824.95,100,1125800
20221128,12:34:32,18824.90,50,1125800
20221128,12:34:37,18823.70,200,1125800
20221128,12:34:56,18821.50,100,1125800
20221128,12:34:59,18821.45,50,1125800
20221128,12:35:05,18824.70,50,1125800
20221128,12:35:25,18824.70,50,1125800
20221128,12:35:30,18824.65,50,1125800
20221128,12:35:32,18825.00,50,1125800
20221128,12:35:35,18824.65,50,1125800
20221128,12:35:40,18823.60,100,1125800
20221128,12:35:43,18823.60,100,1125800
20221128,12:36:06,18823.10,100,1127500
20221128,12:36:16,18823.10,50,1127500
20221128,12:36:17,18823.10,50,1127500
20221128,12:36:20,18821.65,50,1127500
20221128,12:36:27,18823.10,50,1127500
20221128,12:36:30,18821.65,50,1127500
20221128,12:36:31,18823.10,50,1127500
20221128,12:36:33,18821.55,50,1127500
20221128,12:36:38,18821.50,50,1127500
20221128,12:36:53,18820.45,150,1127500
20221128,12:36:54,18820.35,50,1127500
20221128,12:37:01,18820.00,50,1127500
20221128,12:37:03,18820.00,50,1127500
20221128,12:37:06,18820.00,50,1127500
20221128,12:37:12,18820.20,50,1127500
20221128,12:37:13,18820.10,100,1127500
20221128,12:37:16,18820.00,50,1127500
20221128,12:37:22,18820.05,50,1127500
20221128,12:37:24,18821.50,50,1127500
20221128,12:37:25,18820.00,100,1127500
20221128,12:37:37,18820.00,50,1127500
20221128,12:37:39,18821.50,150,1127500
20221128,12:38:04,18820.00,50,1127500
20221128,12:38:46,18815.00,50,1127500
20221128,12:38:51,18815.00,50,1127500
20221128,12:38:52,18815.00,350,1127500
20221128,12:38:53,18815.00,100,1127500
20221128,12:38:54,18815.00,50,1127500
20221128,12:38:56,18815.00,100,1129050
20221128,12:38:58,18815.00,100,1129050
20221128,12:39:00,18815.00,300,1129050
20221128,12:39:03,18815.00,50,1129050
20221128,12:39:05,18815.00,50,1129050
20221128,12:39:06,18815.85,100,1129050
20221128,12:39:15,18815.00,50,1129050
20221128,12:39:19,18815.00,50,1129050
20221128,12:39:20,18815.00,50,1129050
20221128,12:39:32,18816.65,50,1129050
20221128,12:39:43,18815.00,50,1129050
20221128,12:39:45,18817.15,50,1129050
20221128,12:39:48,18815.00,50,1129050
20221128,12:39:49,18815.05,50,1129050
20221128,12:39:58,18817.10,50,1129050
20221128,12:40:00,18816.00,50,1129050
20221128,12:40:20,18814.35,850,1129050
20221128,12:40:48,18812.10,50,1129050
20221128,12:40:56,18814.00,50,1129050
20221128,12:41:10,18810.35,150,1129050
20221128,12:41:31,18811.65,50,1129050
20221128,12:41:47,18813.15,50,1129050
20221128,12:41:48,18814.00,50,1129050
20221128,12:41:49,18813.20,100,1129050
20221128,12:41:51,18813.20,50,1129050
20221128,12:41:55,18813.00,150,1129050
20221128,12:42:04,18815.85,100,1130250
20221128,12:42:11,18813.90,100,1130250
20221128,12:42:17,18816.00,50,1130250
20221128,12:42:19,18813.30,100,1130250
20221128,12:42:32,18813.05,150,1130250
20221128,12:42:38,18813.05,50,1130250
20221128,12:42:46,18813.00,50,1130250
20221128,12:43:08,18813.95,50,1130250
20221128,12:43:13,18813.95,50,1130250
20221128,12:43:14,18813.00,50,1130250
20221128,12:43:16,18813.00,150,1130250
20221128,12:43:21,18813.00,50,1130250
20221128,12:43:22,18813.00,50,1130250
20221128,12:43:26,18814.00,50,1130250
20221128,12:43:28,18814.30,150,1130250
20221128,12:43:29,18813.45,50,1130250
20221128,12:43:30,18813.45,50,1130250
20221128,12:43:32,18814.50,50,1130250
20221128,12:43:39,18817.00,750,1130250
20221128,12:43:42,18816.90,50,1130250
20221128,12:43:53,18817.40,50,1130250
20221128,12:43:59,18816.15,50,1130250
20221128,12:44:05,18815.05,100,1130250
20221128,12:44:21,18815.00,50,1130250
20221128,12:44:34,18813.05,100,1130250
20221128,12:44:51,18813.00,100,1130250
20221128,12:44:53,18813.00,50,1130250
20221128,12:44:54,18813.00,100,1130250
20221128,12:44:55,18813.00,800,1130250
20221128,12:44:56,18813.00,150,1130250
20221128,12:45:07,18810.95,100,1131000
20221128,12:45:14,18811.85,50,1131000
20221128,12:45:19,18813.55,50,1131000
20221128,12:45:34,18813.30,100,1131000
20221128,12:45:47,18811.25,50,1131000
20221128,12:45:48,18811.15,100,1131000
20221128,12:45:54,18813.95,50,1131000
20221128,12:45:56,18815.00,50,1131000
20221128,12:46:26,18813.35,100,1131000
20221128,12:46:34,18812.60,50,1131000
20221128,12:46:40,18812.70,50,1131000
20221128,12:46:47,18812.55,100,1131000
20221128,12:46:49,18813.10,50,1131000
20221128,12:46:58,18815.00,50,1131000
20221128,12:47:01,18814.50,50,1131000
20221128,12:47:02,18815.00,250,1131000
20221128,12:47:03,18815.00,50,1131000
20221128,12:47:12,18815.00,50,1131000
20221128,12:47:14,18815.00,100,1131000
20221128,12:47:15,18815.00,50,1131000
20221128,12:47:16,18815.00,200,1131000
20221128,12:47:17,18818.25,50,1131000
20221128,12:47:32,18818.55,50,1131000
20221128,12:47:40,18818.55,50,1131000
20221128,12:47:48,18818.40,50,1131000
20221128,12:47:50,18820.00,50,1131000
20221128,12:47:53,18820.00,50,1131000
20221128,12:48:18,18818.00,50,1131700
20221128,12:48:24,18816.10,100,1131700
20221128,12:48:43,18816.85,100,1131700
20221128,12:49:11,18820.00,50,1131700
20221128,12:49:29,18820.40,250,1131700
20221128,12:49:37,18819.00,50,1131700
20221128,12:49:58,18820.00,50,1131700
20221128,12:49:59,18821.15,50,1131700
20221128,12:50:00,18818.40,50,1131700
20221128,12:50:23,18818.90,100,1131700
20221128,12:50:34,18819.00,50,1131700
20221128,12:51:02,18824.05,300,1131900
20221128,12:51:06,18822.45,50,1131900
20221128,12:51:08,18822.40,50,1131900
20221128,12:51:21,18823.35,50,1131900
20221128,12:51:35,18821.00,50,1131900
20221128,12:51:54,18820.00,50,1131900
20221128,12:52:15,18819.95,50,1131900
20221128,12:52:20,18819.05,300,1131900
20221128,12:52:32,18823.45,50,1131900
20221128,12:52:34,18824.25,150,1131900
20221128,12:52:39,18821.60,100,1131900
20221128,12:52:46,18821.40,50,1131900
20221128,12:53:10,18820.65,50,1131900
20221128,12:53:17,18819.90,50,1131900
20221128,12:53:29,18820.00,50,1131900
20221128,12:53:31,18820.00,50,1131900
20221128,12:53:46,18819.90,100,1131900
20221128,12:54:15,18822.65,100,1132000
20221128,12:54:19,18822.65,50,1132000
20221128,12:54:23,18824.85,50,1132000
20221128,12:54:34,18825.00,150,1132000
20221128,12:54:36,18822.15,50,1132000
20221128,12:54:41,18825.80,50,1132000
20221128,12:54:46,18825.95,50,1132000
20221128,12:54:49,18827.70,1800,1132000
20221128,12:54:53,18825.00,50,1132000
20221128,12:55:03,18828.40,50,1132000
20221128,12:55:04,18829.00,100,1132000
20221128,12:55:09,18828.75,50,1132000
20221128,12:55:15,18829.00,150,1132000
20221128,12:55:16,18827.30,150,1132000
20221128,12:55:22,18826.00,50,1132000
20221128,12:55:30,18826.00,150,1132000
20221128,12:55:55,18828.00,50,1132000
20221128,12:56:01,18828.00,150,1132000
20221128,12:56:04,18828.00,150,1132000
20221128,12:56:18,18827.55,50,1132000
20221128,12:56:19,18827.45,50,1132000
20221128,12:56:24,18827.30,200,1132000
20221128,12:56:25,18826.00,50,1132000
20221128,12:56:46,18826.70,50,1132000
20221128,12:56:48,18826.25,50,1132000
20221128,12:56:58,18825.80,50,1132000
20221128,12:57:00,18826.25,100,1133500
20221128,12:57:04,18826.00,50,1133500
20221128,12:57:10,18827.50,100,1133500
20221128,12:57:11,18829.50,50,1133500
20221128,12:57:26,18827.70,50,1133500
20221128,12:57:36,18827.90,50,1133500
20221128,12:57:37,18827.80,50,1133500
20221128,12:57:44,18828.10,50,1133500
20221128,12:57:45,18829.95,100,1133500
20221128,12:57:49,18830.00,50,1133500
20221128,12:58:03,18828.20,50,1133500
20221128,12:58:07,18828.20,50,1133500
20221128,12:58:08,18829.85,100,1133500
20221128,12:58:13,18829.80,50,1133500
20221128,12:58:16,18829.75,50,1133500
20221128,12:58:18,18830.00,50,1133500
20221128,12:58:35,18827.70,50,1133500
20221128,12:58:48,18827.65,100,1133500
20221128,12:58:50,18827.50,50,1133500
20221128,12:58:52,18827.05,50,1133500
20221128,12:58:56,18827.80,50,1133500
20221128,12:59:02,18828.00,50,1133500
20221128,12:59:34,18828.00,50,1133500
20221128,12:59:41,18828.00,50,1133500
20221128,12:59:45,18828.90,100,1133500
20221128,12:59:46,18828.00,50,1133500
20221128,12:59:47,18828.00,1250,1133500
20221128,13:00:01,18829.90,50,1133500
20221128,13:00:15,18830.00,50,1134400
20221128,13:00:17,18830.00,200,1134400
20221128,13:00:23,18833.70,100,1134400
20221128,13:00:27,18834.10,100,1134400
20221128,13:00:28,18834.40,100,1134400
20221128,13:00:32,18834.85,50,1134400
20221128,13:00:34,18835.40,250,1134400
20221128,13:00:45,18838.00,200,1134400
20221128,13:00:46,18838.00,50,1134400
20221128,13:00:49,18838.10,100,1134400
20221128,13:00:51,18838.10,50,1134400
20221128,13:00:53,18836.55,50,1134400
20221128,13:01:06,18834.55,500,1134400
20221128,13:01:10,18837.00,200,1134400
20221128,13:01:16,18835.30,50,1134400
20221128,13:01:23,18834.55,50,1134400
20221128,13:01:26,18834.20,100,1134400
20221128,13:01:38,18833.30,200,1134400
20221128,13:01:42,18833.70,200,1134400
20221128,13:01:44,18833.15,50,1134400
20221128,13:01:53,18832.15,200,1134400
20221128,13:01:56,18829.65,50,1134400
20221128,13:01:59,18829.65,50,1134400
20221128,13:02:01,18830.05,50,1134400
20221128,13:02:15,18830.05,50,1134400
20221128,13:02:16,18830.05,50,1134400
20221128,13:02:20,18830.05,50,1134400
20221128,13:02:22,18830.05,50,1134400
20221128,13:02:24,18830.00,100,1134400
20221128,13:02:26,18830.00,100,1134400
20221128,13:02:28,18829.35,200,1134400
20221128,13:02:35,18829.10,50,1134400
20221128,13:02:38,18826.40,400,1134400
20221128,13:02:43,18830.05,500,1134400
20221128,13:03:16,18830.00,50,1134700
20221128,13:03:23,18834.50,150,1134700
20221128,13:03:26,18832.40,50,1134700
20221128,13:03:43,18833.00,400,1134700
20221128,13:03:48,18835.95,400,1134700
20221128,13:03:49,18835.00,100,1134700
20221128,13:03:52,18832.20,50,1134700
20221128,13:04:46,18830.35,100,1134700
20221128,13:04:49,18830.35,50,1134700
20221128,13:04:52,18830.30,50,1134700
20221128,13:04:59,18831.15,100,1134700
20221128,13:05:08,18830.00,50,1134700
20221128,13:05:30,18832.60,100,1134700
20221128,13:05:38,18832.35,100,1134700
20221128,13:06:27,18834.35,50,1135100
20221128,13:06:34,18833.15,50,1135100
20221128,13:06:35,18834.15,50,1135100
20221128,13:07:02,18833.45,50,1135100
20221128,13:07:05,18833.75,50,1135100
20221128,13:07:07,18833.10,100,1135100
20221128,13:07:14,18832.00,50,1135100
20221128,13:07:22,18831.20,100,1135100
20221128,13:07:30,18832.00,50,1135100
20221128,13:07:32,18833.10,100,1135100
20221128,13:07:33,18831.00,50,1135100
20221128,13:07:38,18834.15,50,1135100
20221128,13:07:41,18831.40,100,1135100
20221128,13:07:42,18834.15,50,1135100
20221128,13:07:45,18834.25,50,1135100
20221128,13:07:45,18831.25,200,1135100
20221128,13:07:59,18834.00,50,1135100
20221128,13:08:11,18834.80,300,1135100
20221128,13:08:14,18834.60,50,1135100
20221128,13:08:25,18834.60,50,1135100
20221128,13:08:34,18833.05,100,1135100
20221128,13:08:35,18833.05,50,1135100
20221128,13:08:39,18831.15,250,1135100
20221128,13:08:40,18833.05,100,1135100
20221128,13:08:52,18834.95,50,1135100
20221128,13:09:01,18834.00,50,1135100
20221128,13:09:15,18833.10,50,1135950
20221128,13:09:18,18834.00,100,1135950
20221128,13:09:34,18833.00,150,1135950
20221128,13:09:35,18831.00,50,1135950
20221128,13:09:42,18834.50,100,1135950
20221128,13:10:05,18834.50,50,1135950
20221128,13:10:07,18832.95,100,1135950
20221128,13:10:12,18834.10,100,1135950
20221128,13:10:21,18833.30,50,1135950
20221128,13:10:29,18832.80,150,1135950
20221128,13:10:36,18832.45,50,1135950
20221128,13:10:46,18832.00,50,1135950
20221128,13:10:49,18832.00,200,1135950
20221128,13:10:54,18832.70,50,1135950
20221128,13:10:58,18831.30,150,1135950
20221128,13:10:59,18831.00,150,1135950
20221128,13:11:02,18830.40,100,1135950
20221128,13:11:03,18830.25,150,1135950
20221128,13:11:04,18830.00,150,1135950
20221128,13:11:05,18828.00,50,1135950
20221128,13:11:18,18830.95,50,1135950
20221128,13:11:25,18830.90,50,1135950
20221128,13:11:27,18832.05,100,1135950
20221128,13:11:59,18830.85,50,1135950
20221128,13:12:00,18830.75,100,1135950
20221128,13:12:04,18830.05,50,1135950
20221128,13:12:08,18830.05,100,1137250
20221128,13:12:11,18830.00,50,1137250
20221128,13:12:16,18830.75,100,1137250
20221128,13:12:21,18832.05,50,1137250
20221128,13:12:22,18832.40,50,1137250
20221128,13:12:26,18833.45,150,1137250
20221128,13:12:35,18834.10,50,1137250
20221128,13:12:36,18831.40,50,1137250
20221128,13:12:58,18833.40,150,1137250
20221128,13:13:19,18833.15,150,1137250
20221128,13:13:28,18831.50,50,1137250
20221128,13:13:40,18833.90,50,1137250
20221128,13:13:41,18832.70,50,1137250
20221128,13:13:46,18834.05,50,1137250
20221128,13:13:56,18831.50,50,1137250
20221128,13:13:57,18833.75,100,1137250
20221128,13:14:21,18833.15,50,1137250
20221128,13:14:22,18832.25,50,1137250
20221128,13:14:25,18830.05,100,1137250
20221128,13:14:27,18832.25,50,1137250
20221128,13:14:29,18832.90,500,1137250
20221128,13:14:55,18832.10,50,1137250
20221128,13:15:05,18832.10,50,1137950
20221128,13:15:26,18829.65,300,1137950
20221128,13:15:34,18829.75,50,1137950
20221128,13:16:02,18830.90,50,1137950
20221128,13:16:03,18830.15,50,1137950
20221128,13:16:08,18832.15,50,1137950
20221128,13:16:18,18830.15,150,1137950
20221128,13:16:22,18830.15,150,1137950
20221128,13:16:25,18830.30,50,1137950
20221128,13:16:29,18829.85,150,1137950
20221128,13:16:35,18830.00,100,1137950
20221128,13:16:39,18831.10,50,1137950
20221128,13:17:24,18829.80,50,1137950
20221128,13:17:30,18829.80,50,1137950
20221128,13:17:40,18828.00,50,1137950
20221128,13:17:42,18828.00,50,1137950
20221128,13:18:42,18824.05,50,1138550
20221128,13:18:52,18826.70,50,1138550
20221128,13:19:05,18823.50,50,1138550
20221128,13:19:11,18824.45,50,1138550
20221128,13:19:15,18824.40,50,1138550
20221128,13:19:45,18823.20,50,1138550
20221128,13:19:54,18823.00,50,1138550
20221128,13:19:55,18821.45,50,1138550
20221128,13:20:02,18821.45,100,1138550
20221128,13:20:07,18821.45,50,1138550
20221128,13:20:13,18820.10,100,1138550
20221128,13:20:14,18822.65,50,1138550
20221128,13:20:16,18820.05,50,1138550
20221128,13:20:25,18820.30,100,1138550
20221128,13:20:29,18822.00,50,1138550
20221128,13:20:41,18825.00,100,1138550
20221128,13:20:48,18825.10,150,1138550
20221128,13:21:01,18826.25,50,1138550
20221128,13:21:16,18821.10,150,1138750
20221128,13:21:17,18823.95,100,1138750
20221128,13:21:52,18823.65,50,1138750
20221128,13:22:11,18826.20,50,1138750
20221128,13:22:17,18822.90,50,1138750
20221128,13:22:20,18822.25,50,1138750
20221128,13:22:26,18823.00,250,1138750
20221128,13:22:29,18823.00,50,1138750
20221128,13:22:47,18822.00,50,1138750
20221128,13:22:52,18820.80,50,1138750
20221128,13:22:54,18820.75,100,1138750
20221128,13:23:01,18822.55,100,1138750
20221128,13:23:06,18821.40,50,1138750
20221128,13:23:07,18820.65,50,1138750
20221128,13:23:17,18821.35,50,1138750
20221128,13:23:28,18822.55,100,1138750
20221128,13:23:32,18820.40,400,1138750
20221128,13:23:39,18820.10,850,1138750
20221128,13:23:53,18821.00,50,1138750
20221128,13:23:59,18822.00,50,1138750
20221128,13:24:03,18822.55,300,1138750
20221128,13:24:14,18822.55,50,1139200
20221128,13:24:15,18820.70,50,1139200
20221128,13:24:16,18820.70,50,1139200
20221128,13:24:37,18820.55,250,1139200
20221128,13:25:04,18820.00,250,1139200
20221128,13:25:06,18820.00,50,1139200
20221128,13:25:17,18820.00,1600,1139200
20221128,13:25:18,18820.00,600,1139200
20221128,13:25:27,18820.20,50,1139200
20221128,13:25:31,18821.00,50,1139200
20221128,13:25:37,18823.00,100,1139200
20221128,13:25:38,18825.75,50,1139200
20221128,13:25:40,18822.85,50,1139200
20221128,13:26:16,18824.90,50,1139200
20221128,13:26:18,18824.95,50,1139200
20221128,13:26:20,18822.00,50,1139200
20221128,13:26:48,18824.90,50,1139200
20221128,13:27:22,18824.20,50,1138950
20221128,13:27:26,18824.15,50,1138950
20221128,13:27:30,18825.00,50,1138950
20221128,13:27:42,18825.00,50,1138950
20221128,13:27:45,18825.00,150,1138950
20221128,13:27:54,18825.00,50,1138950
20221128,13:27:55,18825.00,50,1138950
20221128,13:28:06,18824.05,100,1138950
20221128,13:28:15,18824.40,100,1138950
20221128,13:28:17,18824.00,50,1138950
20221128,13:28:47,18824.00,50,1138950
20221128,13:28:54,18824.05,50,1138950
20221128,13:30:35,18824.00,50,1138850
20221128,13:30:52,18823.75,50,1138850
20221128,13:31:05,18823.75,50,1138850
20221128,13:31:12,18821.20,50,1138850
20221128,13:31:31,18821.20,50,1138850
20221128,13:31:41,18822.65,50,1138850
20221128,13:31:46,18825.00,50,1138850
20221128,13:31:50,18826.00,50,1138850
20221128,13:31:52,18826.00,50,1138850
20221128,13:32:38,18822.65,50,1138850
20221128,13:33:07,18824.65,150,1139150
20221128,13:33:12,18822.00,50,1139150
20221128,13:33:25,18822.25,50,1139150
20221128,13:33:42,18819.60,50,1139150
20221128,13:34:02,18820.35,50,1139150
20221128,13:34:08,18820.60,50,1139150
20221128,13:34:27,18820.35,50,1139150
20221128,13:35:02,18820.60,200,1139150
20221128,13:35:18,18822.60,50,1139150
20221128,13:35:22,18822.60,50,1139150
20221128,13:35:42,18823.20,50,1139150
20221128,13:35:43,18824.75,50,1139150
20221128,13:36:06,18826.20,150,1139150
20221128,13:36:07,18827.95,50,1139150
20221128,13:36:16,18827.75,100,1139150
20221128,13:36:20,18827.10,100,1139450
20221128,13:36:25,18828.00,50,1139450
20221128,13:36:51,18827.55,50,1139450
20221128,13:37:05,18827.55,100,1139450
20221128,13:37:15,18826.10,50,1139450
20221128,13:37:33,18826.05,50,1139450
20221128,13:37:36,18826.05,50,1139450
20221128,13:37:52,18826.05,50,1139450
20221128,13:37:53,18827.75,100,1139450
20221128,13:38:06,18825.45,50,1139450
20221128,13:38:08,18824.35,50,1139450
20221128,13:39:13,18820.00,50,1139850
20221128,13:39:14,18822.50,350,1139850
20221128,13:39:22,18824.95,100,1139850
20221128,13:39:23,18826.00,50,1139850
20221128,13:39:34,18828.25,100,1139850
20221128,13:39:55,18829.00,50,1139850
20221128,13:39:56,18828.00,50,1139850
20221128,13:40:35,18829.95,50,1139850
20221128,13:40:38,18830.00,100,1139850
20221128,13:40:42,18830.20,50,1139850
20221128,13:40:43,18832.00,50,1139850
20221128,13:40:44,18833.00,150,1139850
20221128,13:40:46,18832.55,100,1139850
20221128,13:41:00,18833.30,50,1139850
20221128,13:41:02,18833.45,50,1139850
20221128,13:41:09,18833.25,150,1139850
20221128,13:41:12,18830.00,50,1139850
20221128,13:41:13,18832.70,50,1139850
20221128,13:41:16,18832.35,100,1139850
20221128,13:41:24,18829.95,100,1139850
20221128,13:41:26,18832.50,50,1139850
20221128,13:41:35,18832.00,150,1139850
20221128,13:41:37,18832.15,100,1139850
20221128,13:41:42,18831.95,100,1139850
20221128,13:41:44,18832.85,100,1139850
20221128,13:42:09,18830.35,200,1140850
20221128,13:42:12,18830.00,50,1140850
20221128,13:42:14,18832.75,150,1140850
20221128,13:42:52,18832.00,50,1140850
20221128,13:43:00,18831.10,50,1140850
20221128,13:43:01,18830.60,50,1140850
20221128,13:43:42,18832.00,100,1140850
20221128,13:43:52,18835.00,100,1140850
20221128,13:43:53,18835.00,50,1140850
20221128,13:44:09,18835.00,50,1140850
20221128,13:44:12,18837.05,200,1140850
20221128,13:44:24,18838.00,50,1140850
20221128,13:44:27,18839.00,50,1140850
20221128,13:44:30,18839.00,50,1140850
20221128,13:44:31,18836.00,50,1140850
20221128,13:44:34,18838.70,250,1140850
20221128,13:44:51,18838.75,50,1140850
20221128,13:45:07,18838.00,50,1140850
20221128,13:45:18,18839.00,50,1141850
20221128,13:45:32,18840.00,1200,1141850
20221128,13:45:33,18840.00,150,1141850
20221128,13:45:34,18840.00,150,1141850
20221128,13:45:35,18840.00,50,1141850
20221128,13:45:38,18841.00,50,1141850
20221128,13:45:39,18841.00,50,1141850
20221128,13:45:43,18842.00,150,1141850
20221128,13:45:44,18842.70,100,1141850
20221128,13:45:50,18842.70,50,1141850
20221128,13:45:53,18842.00,100,1141850
20221128,13:45:57,18841.20,50,1141850
20221128,13:45:59,18842.00,50,1141850
20221128,13:46:00,18842.00,50,1141850
20221128,13:46:07,18842.00,150,1141850
20221128,13:46:09,18841.00,150,1141850
20221128,13:46:18,18841.00,50,1141850
20221128,13:46:21,18841.00,250,1141850
20221128,13:46:22,18841.00,100,1141850
20221128,13:46:23,18841.00,100,1141850
20221128,13:46:24,18841.00,50,1141850
20221128,13:46:34,18843.75,650,1141850
20221128,13:46:45,18843.75,100,1141850
20221128,13:46:49,18840.85,50,1141850
20221128,13:46:57,18841.55,50,1141850
20221128,13:46:59,18840.85,50,1141850
20221128,13:47:05,18840.85,100,1141850
20221128,13:47:12,18840.00,150,1141850
20221128,13:47:14,18840.00,100,1141850
20221128,13:47:15,18838.20,100,1141850
20221128,13:47:21,18838.20,100,1141850
20221128,13:47:53,18840.00,50,1141850
20221128,13:48:01,18840.20,50,1141850
20221128,13:48:10,18840.20,50,1143750
20221128,13:48:11,18838.80,100,1143750
20221128,13:48:20,18838.50,100,1143750
20221128,13:48:21,18838.20,200,1143750
20221128,13:48:41,18836.45,50,1143750
20221128,13:48:49,18834.10,50,1143750
20221128,13:49:10,18833.10,500,1143750
20221128,13:49:15,18833.75,50,1143750
20221128,13:49:33,18834.15,50,1143750
20221128,13:49:39,18834.15,50,1143750
20221128,13:49:46,18832.20,50,1143750
20221128,13:49:56,18830.40,50,1143750
20221128,13:50:12,18827.55,50,1143750
20221128,13:50:28,18829.65,50,1143750
20221128,13:50:36,18830.00,150,1143750
20221128,13:50:37,18830.00,50,1143750
20221128,13:50:39,18830.00,50,1143750
20221128,13:50:42,18830.00,50,1143750
20221128,13:50:47,18830.00,50,1143750
20221128,13:50:48,18830.00,50,1143750
20221128,13:50:55,18826.70,50,1143750
20221128,13:51:16,18827.90,50,1143750
20221128,13:51:28,18830.00,50,1144500
20221128,13:52:02,18827.95,100,1144500
20221128,13:52:05,18827.85,50,1144500
20221128,13:52:07,18828.00,50,1144500
20221128,13:52:18,18830.00,50,1144500
20221128,13:52:43,18828.60,100,1144500
20221128,13:52:48,18828.70,50,1144500
20221128,13:52:54,18829.20,500,1144500
20221128,13:53:02,18829.80,50,1144500
20221128,13:53:03,18830.00,150,1144500
20221128,13:53:05,18830.05,50,1144500
20221128,13:53:06,18831.65,50,1144500
20221128,13:53:07,18831.90,50,1144500
20221128,13:53:08,18831.95,50,1144500
20221128,13:53:09,18830.95,50,1144500
20221128,13:53:10,18832.55,100,1144500
20221128,13:53:29,18832.00,50,1144500
20221128,13:53:34,18832.00,150,1144500
20221128,13:53:36,18832.00,500,1144500
20221128,13:53:48,18831.35,100,1144500
20221128,13:53:49,18832.40,350,1144500
20221128,13:53:50,18832.35,100,1144500
