20221128,09:15:01,18784.00,1,60200
20221128,09:15:01,18784.05,100,60200
20221128,09:15:10,18845.80,750,60200
20221128,09:15:19,18793.00,200,60200
20221128,09:15:25,18783.10,150,60200
20221128,09:15:31,18789.80,150,60200
20221128,09:15:36,18780.00,100,60200
20221128,09:15:41,18780.00,100,60200
20221128,09:15:46,18795.50,50,60200
20221128,09:15:51,18791.45,100,60200
20221128,09:15:56,18791.40,100,60200
20221128,09:16:01,18785.00,250,60200
20221128,09:16:07,18788.10,350,60200
20221128,09:16:12,18786.05,300,60200
20221128,09:16:16,18783.05,300,60200
20221128,09:16:21,18787.50,150,60200
20221128,09:16:25,18788.80,100,60200
20221128,09:16:35,18789.00,50,60200
20221128,09:16:40,18781.15,300,60200
20221128,09:16:45,18781.60,100,60200
20221128,09:17:04,18783.45,100,60200
20221128,09:17:09,18785.40,250,60200
20221128,09:17:14,18795.95,700,59850
20221128,09:17:23,18788.65,200,59850
20221128,09:17:28,18789.55,100,59850
20221128,09:17:32,18789.55,50,59850
20221128,09:17:37,18791.70,150,59850
20221128,09:17:47,18797.95,150,59850
20221128,09:17:52,18797.95,250,59850
20221128,09:17:57,18798.00,50,59850
20221128,09:18:02,18798.00,50,59850
20221128,09:18:17,18808.40,50,59850
20221128,09:18:31,18801.45,100,59850
20221128,09:18:55,18803.00,50,59850
20221128,09:19:00,18803.80,100,59850
20221128,09:19:04,18808.00,50,59850
20221128,09:19:15,18809.95,50,59850
20221128,09:19:20,18808.00,50,59850
20221128,09:19:24,18805.95,50,59850
20221128,09:19:29,18810.00,100,59850
20221128,09:19:44,18815.60,50,59850
20221128,09:20:00,18808.00,100,59850
20221128,09:20:08,18812.00,50,59850
20221128,09:20:19,18812.05,50,60000
20221128,09:20:20,18812.10,50,60000
20221128,09:20:31,18812.10,150,60000
20221128,09:20:39,18818.00,50,60000
20221128,09:20:47,18819.60,50,60000
20221128,09:20:56,18819.90,50,60000
20221128,09:21:04,18818.00,100,60000
20221128,09:21:11,18813.10,150,60000
20221128,09:21:18,18813.10,50,60000
20221128,09:21:51,18812.00,150,60000
20221128,09:21:57,18812.15,50,60000
20221128,09:22:14,18812.15,50,60000
20221128,09:22:15,18812.00,100,60000
20221128,09:22:29,18810.00,100,60000
20221128,09:22:41,18808.00,50,60000
20221128,09:22:55,18808.00,50,60000
20221128,09:23:06,18808.00,50,60000
20221128,09:23:15,18808.00,150,60200
20221128,09:23:16,18808.00,50,60200
20221128,09:23:21,18809.00,50,60200
20221128,09:23:25,18808.80,200,60200
20221128,09:23:44,18813.85,50,60200
20221128,09:24:02,18808.05,250,60200
20221128,09:24:03,18816.15,50,60200
20221128,09:24:29,18808.00,250,60200
20221128,09:25:02,18807.25,50,60200
20221128,09:25:06,18810.35,300,60200
20221128,09:25:47,18806.05,350,60200
20221128,09:25:52,18808.00,100,60200
20221128,09:26:04,18812.40,300,60200
20221128,09:26:21,18812.40,500,60450
20221128,09:26:32,18819.95,50,60450
20221128,09:26:33,18819.95,50,60450
20221128,09:26:34,18820.35,100,60450
20221128,09:26:44,18822.20,50,60450
20221128,09:26:45,18823.35,150,60450
20221128,09:26:46,18823.35,100,60450
20221128,09:26:48,18823.70,50,60450
20221128,09:26:50,18822.65,100,60450
20221128,09:27:05,18821.65,50,60450
20221128,09:27:06,18822.65,50,60450
20221128,09:27:28,18826.00,150,60450
20221128,09:27:37,18826.00,150,60450
20221128,09:27:38,18826.00,50,60450
20221128,09:27:46,18827.00,150,60450
20221128,09:27:47,18830.00,100,60450
20221128,09:27:51,18831.25,150,60450
20221128,09:27:52,18831.25,50,60450
20221128,09:27:53,18830.55,50,60450
20221128,09:28:04,18829.65,100,60450
20221128,09:28:11,18830.00,100,60450
20221128,09:28:16,18828.45,50,60450
20221128,09:28:46,18827.10,50,60450
20221128,09:29:04,18826.25,50,60450
20221128,09:29:23,18826.05,50,61450
20221128,09:29:40,18827.90,50,61450
20221128,09:29:41,18828.45,100,61450
20221128,09:29:58,18830.00,100,61450
20221128,09:30:02,18829.75,150,61450
20221128,09:30:13,18830.00,50,61450
20221128,09:30:25,18831.15,300,61450
20221128,09:30:45,18834.05,50,61450
20221128,09:31:00,18834.30,50,61450
20221128,09:31:17,18834.00,50,61450
20221128,09:31:27,18836.00,50,61450
20221128,09:31:33,18833.75,200,61450
20221128,09:32:08,18836.95,50,61450
20221128,09:32:14,18833.75,150,61450
20221128,09:32:15,18833.75,50,61450
20221128,09:32:16,18833.75,100,62300
20221128,09:32:41,18836.45,100,62300
20221128,09:32:42,18837.00,50,62300
20221128,09:32:55,18839.00,50,62300
20221128,09:33:02,18840.00,50,62300
20221128,09:33:04,18841.00,50,62300
20221128,09:33:06,18843.90,100,62300
20221128,09:33:07,18843.25,50,62300
20221128,09:33:17,18842.05,50,62300
20221128,09:33:26,18843.05,50,62300
20221128,09:33:27,18841.45,50,62300
20221128,09:33:36,18840.40,50,62300
20221128,09:33:41,18840.35,100,62300
20221128,09:34:20,18842.00,350,62300
20221128,09:34:21,18842.00,400,62300
20221128,09:34:22,18842.00,150,62300
20221128,09:34:23,18842.00,100,62300
20221128,09:34:24,18842.00,50,62300
20221128,09:34:25,18844.00,100,62300
20221128,09:34:26,18844.00,50,62300
20221128,09:34:27,18843.55,50,62300
20221128,09:34:29,18843.85,50,62300
20221128,09:34:43,18843.75,50,62300
20221128,09:34:59,18844.00,50,62300
20221128,09:35:01,18844.30,50,62300
20221128,09:35:15,18844.55,50,62300
20221128,09:35:22,18844.05,50,63650
20221128,09:35:23,18845.00,50,63650
20221128,09:35:38,18844.65,50,63650
20221128,09:35:55,18840.05,50,63650
20221128,09:36:09,18840.00,100,63650
20221128,09:36:11,18840.00,100,63650
20221128,09:36:12,18840.00,50,63650
20221128,09:36:22,18841.70,50,63650
20221128,09:36:23,18837.40,50,63650
20221128,09:36:26,18835.95,100,63650
20221128,09:36:36,18835.00,50,63650
20221128,09:36:48,18838.95,100,63650
20221128,09:37:00,18839.00,50,63650
20221128,09:37:12,18841.20,50,63650
20221128,09:37:19,18839.00,50,63650
20221128,09:37:53,18839.00,50,63650
20221128,09:38:13,18845.35,50,63650
20221128,09:39:00,18845.00,100,64350
20221128,09:39:05,18850.00,150,64350
20221128,09:39:18,18850.00,50,64350
20221128,09:39:23,18850.00,50,64350
20221128,09:39:27,18850.00,100,64350
20221128,09:39:41,18849.00,50,64350
20221128,09:39:49,18847.70,50,64350
20221128,09:40:17,18848.30,50,64350
20221128,09:40:28,18848.30,50,64350
20221128,09:40:33,18845.20,100,64350
20221128,09:40:52,18848.00,50,64350
20221128,09:41:49,18845.00,200,64850
20221128,09:41:54,18845.00,250,64850
20221128,09:42:01,18844.95,50,64850
20221128,09:42:13,18843.00,50,64850
20221128,09:42:14,18845.00,50,64850
20221128,09:42:15,18846.95,50,64850
20221128,09:43:10,18846.95,50,64850
20221128,09:43:41,18845.00,200,64850
20221128,09:43:44,18846.20,50,64850
20221128,09:43:50,18846.95,50,64850
20221128,09:43:55,18848.30,100,64850
20221128,09:43:56,18847.75,50,64850
20221128,09:43:57,18851.00,200,64850
20221128,09:43:59,18853.20,50,64850
20221128,09:44:00,18853.85,200,64850
20221128,09:44:01,18853.95,50,64850
20221128,09:44:02,18854.00,100,64850
20221128,09:44:03,18854.00,150,64850
20221128,09:44:26,18854.10,50,64850
20221128,09:44:45,18854.10,50,65550
20221128,09:44:48,18856.95,50,65550
20221128,09:44:57,18856.95,50,65550
20221128,09:45:07,18856.00,100,65550
20221128,09:45:08,18858.00,200,65550
20221128,09:45:09,18858.00,50,65550
20221128,09:45:10,18858.00,50,65550
20221128,09:45:11,18858.00,50,65550
20221128,09:45:12,18858.95,350,65550
20221128,09:45:18,18859.35,200,65550
20221128,09:45:25,18859.00,50,65550
20221128,09:45:26,18860.00,50,65550
20221128,09:45:30,18863.80,50,65550
20221128,09:45:39,18863.80,50,65550
20221128,09:45:41,18864.00,100,65550
20221128,09:45:42,18864.00,50,65550
20221128,09:45:58,18864.00,200,65550
20221128,09:46:07,18860.45,50,65550
20221128,09:46:30,18856.10,200,65550
20221128,09:46:33,18860.40,200,65550
20221128,09:46:39,18856.30,100,65550
20221128,09:46:49,18855.00,50,65550
20221128,09:47:01,18855.00,50,65550
20221128,09:47:05,18856.30,50,65550
20221128,09:47:11,18855.90,200,65550
20221128,09:47:40,18858.00,300,66500
20221128,09:47:51,18859.00,200,66500
20221128,09:47:59,18855.00,100,66500
20221128,09:48:12,18857.50,200,66500
20221128,09:48:35,18853.00,50,66500
20221128,09:48:46,18850.90,50,66500
20221128,09:49:11,18853.00,50,66500
20221128,09:49:13,18853.00,50,66500
20221128,09:49:15,18853.25,50,66500
20221128,09:49:25,18858.50,100,66500
20221128,09:49:34,18858.50,50,66500
20221128,09:50:13,18857.00,50,66500
20221128,09:50:29,18857.80,50,67050
20221128,09:50:34,18857.80,50,67050
20221128,09:50:40,18857.80,100,67050
20221128,09:50:41,18857.80,150,67050
20221128,09:51:03,18855.75,50,67050
20221128,09:51:14,18855.75,50,67050
20221128,09:51:16,18855.75,50,67050
20221128,09:51:34,18852.70,200,67050
20221128,09:51:50,18853.00,50,67050
20221128,09:51:51,18853.05,50,67050
20221128,09:51:56,18853.05,50,67050
20221128,09:52:00,18858.20,100,67050
20221128,09:52:05,18858.25,50,67050
20221128,09:52:15,18858.55,200,67050
20221128,09:52:36,18852.75,50,67050
20221128,09:53:02,18852.70,50,67050
20221128,09:53:04,18850.00,500,67050
20221128,09:53:23,18852.00,50,67850
20221128,09:53:51,18852.00,250,67850
20221128,09:54:21,18850.40,200,67850
20221128,09:54:41,18853.40,50,67850
20221128,09:55:04,18853.00,50,67850
20221128,09:56:03,18851.75,50,67850
20221128,09:56:16,18851.80,50,67850
20221128,09:56:31,18851.50,150,68200
20221128,09:56:32,18851.50,100,68200
20221128,09:56:34,18851.50,200,68200
20221128,09:56:35,18851.50,50,68200
20221128,09:56:37,18851.50,200,68200
20221128,09:57:21,18851.00,50,68200
20221128,09:57:22,18851.50,50,68200
20221128,09:58:18,18850.25,50,68200
20221128,09:58:22,18850.00,50,68200
20221128,09:59:03,18850.15,50,68200
20221128,09:59:51,18849.35,50,68950
20221128,10:00:10,18848.00,50,68950
20221128,10:00:26,18848.00,50,68950
20221128,10:00:27,18848.00,50,68950
20221128,10:00:44,18849.00,50,68950
20221128,10:01:30,18849.95,50,68950
20221128,10:01:59,18849.95,50,68950
20221128,10:02:25,18847.00,100,69000
20221128,10:02:26,18845.00,100,69000
20221128,10:03:18,18845.05,50,69000
20221128,10:03:55,18845.05,100,69000
20221128,10:05:16,18849.00,50,69000
20221128,10:05:19,18848.75,50,69000
20221128,10:05:34,18850.00,100,69350
20221128,10:05:49,18848.20,50,69350
20221128,10:06:21,18853.70,50,69350
20221128,10:06:24,18849.05,50,69350
20221128,10:06:46,18850.00,50,69350
20221128,10:07:17,18855.00,100,69350
20221128,10:07:18,18855.00,200,69350
20221128,10:07:50,18857.00,50,69350
20221128,10:07:54,18857.95,50,69350
20221128,10:08:05,18855.85,50,69350
20221128,10:08:20,18858.00,50,69350
20221128,10:08:52,18855.00,50,69850
20221128,10:08:55,18858.50,50,69850
20221128,10:09:18,18857.00,50,69850
20221128,10:09:56,18858.80,450,69850
20221128,10:10:09,18856.70,50,69850
20221128,10:11:50,18856.70,100,70100
20221128,10:11:53,18855.20,50,70100
20221128,10:12:50,18855.70,50,70100
20221128,10:13:49,18854.00,50,70100
20221128,10:13:53,18858.20,450,70100
20221128,10:15:18,18855.10,50,70500
20221128,10:16:05,18856.95,50,70500
20221128,10:16:09,18858.00,50,70500
20221128,10:16:17,18859.00,50,70500
20221128,10:18:59,18858.00,150,70600
20221128,10:19:40,18858.00,50,70600
20221128,10:21:19,18851.55,50,70800
20221128,10:21:46,18851.70,50,70800
20221128,10:22:12,18851.45,100,70800
20221128,10:22:26,18851.05,50,70800
20221128,10:22:31,18854.00,50,70800
20221128,10:22:35,18855.00,50,70800
20221128,10:23:03,18858.00,50,70800
20221128,10:23:11,18860.20,700,70800
20221128,10:23:12,18864.00,50,70800
20221128,10:23:13,18865.00,100,70800
20221128,10:23:15,18865.00,50,70800
20221128,10:23:25,18865.00,50,70800
20221128,10:23:54,18865.05,50,71350
20221128,10:24:02,18866.00,50,71350
20221128,10:24:15,18869.00,100,71350
20221128,10:24:16,18869.20,50,71350
20221128,10:24:20,18869.55,50,71350
20221128,10:24:22,18869.95,100,71350
20221128,10:24:23,18872.75,500,71350
20221128,10:24:42,18873.00,50,71350
20221128,10:24:47,18873.00,50,71350
20221128,10:24:56,18871.00,50,71350
20221128,10:25:03,18870.95,50,71350
20221128,10:25:12,18870.40,50,71350
20221128,10:25:13,18870.60,50,71350
20221128,10:25:36,18873.00,50,71350
20221128,10:25:45,18874.60,50,71350
20221128,10:25:58,18874.60,50,71350
20221128,10:26:00,18875.00,100,71350
20221128,10:26:21,18875.00,150,71350
20221128,10:26:51,18869.30,400,72150
20221128,10:27:15,18868.95,50,72150
20221128,10:27:22,18870.00,50,72150
20221128,10:27:24,18870.25,50,72150
20221128,10:27:26,18871.00,50,72150
20221128,10:27:50,18871.00,50,72150
20221128,10:27:55,18870.05,100,72150
20221128,10:28:04,18870.00,150,72150
20221128,10:28:11,18870.25,100,72150
20221128,10:28:12,18870.25,100,72150
20221128,10:28:37,18870.00,100,72150
20221128,10:28:56,18871.10,50,72150
20221128,10:28:57,18870.00,50,72150
20221128,10:29:02,18870.00,50,72150
20221128,10:29:07,18873.00,50,72150
20221128,10:29:15,18870.00,50,72150
20221128,10:29:48,18871.90,50,72800
20221128,10:29:49,18871.90,50,72800
20221128,10:29:59,18870.00,50,72800
20221128,10:30:16,18870.00,100,72800
20221128,10:30:18,18870.00,350,72800
20221128,10:30:40,18865.00,100,72800
20221128,10:30:41,18864.25,50,72800
20221128,10:31:28,18861.70,100,72800
20221128,10:31:49,18861.35,100,72800
20221128,10:32:17,18859.65,100,72800
20221128,10:32:23,18860.00,100,72800
20221128,10:33:09,18860.00,50,73300
20221128,10:33:16,18860.00,50,73300
20221128,10:33:55,18855.15,50,73300
20221128,10:34:46,18856.70,50,73300
20221128,10:34:47,18856.70,950,73300
20221128,10:34:49,18857.30,1000,73300
20221128,10:34:57,18856.70,50,73300
20221128,10:34:59,18856.70,150,73300
20221128,10:35:14,18855.15,50,73300
20221128,10:35:20,18855.00,100,73300
20221128,10:35:41,18853.20,50,73500
20221128,10:35:42,18853.00,100,73500
20221128,10:35:44,18853.00,50,73500
20221128,10:36:01,18854.95,50,73500
20221128,10:36:22,18854.05,100,73500
20221128,10:36:23,18854.00,50,73500
20221128,10:36:31,18854.95,100,73500
20221128,10:36:53,18854.95,100,73500
20221128,10:36:54,18854.95,100,73500
20221128,10:36:56,18854.95,100,73500
20221128,10:36:58,18854.95,50,73500
20221128,10:36:58,18854.95,150,73500
20221128,10:36:59,18854.95,200,73500
20221128,10:37:07,18854.95,50,73500
20221128,10:37:08,18854.95,50,73500
20221128,10:37:21,18851.20,50,73500
20221128,10:37:36,18853.75,100,73500
20221128,10:37:56,18853.95,50,73500
20221128,10:38:09,18853.95,400,73500
20221128,10:38:10,18856.25,550,73500
20221128,10:38:27,18853.75,50,73500
20221128,10:38:47,18854.00,50,75700
20221128,10:38:56,18858.30,450,75700
20221128,10:39:04,18857.50,100,75700
20221128,10:39:08,18857.50,50,75700
20221128,10:39:45,18860.00,250,75700
20221128,10:39:51,18860.05,50,75700
20221128,10:40:07,18860.05,100,75700
20221128,10:40:09,18860.05,50,75700
20221128,10:40:12,18865.45,800,75700
20221128,10:41:49,18865.45,200,76200
20221128,10:42:21,18860.40,50,76200
20221128,10:42:53,18860.05,50,76200
20221128,10:43:02,18860.05,50,76200
20221128,10:43:33,18862.25,50,76200
20221128,10:44:00,18862.75,100,76200
20221128,10:44:01,18862.75,150,76200
20221128,10:44:18,18865.90,50,76200
20221128,10:45:01,18859.75,50,76600
20221128,10:45:09,18865.25,150,76600
20221128,10:47:37,18864.60,400,76650
20221128,10:47:41,18860.05,50,76650
20221128,10:48:00,18860.05,50,76650
20221128,10:48:33,18858.80,100,76650
20221128,10:48:36,18858.80,200,76650
20221128,10:48:41,18860.95,50,76650
20221128,10:49:06,18862.00,100,76650
20221128,10:50:21,18864.60,50,76650
20221128,10:50:29,18865.45,50,76650
20221128,10:50:37,18866.00,50,76950
20221128,10:50:48,18869.55,50,76950
20221128,10:50:53,18864.35,200,76950
20221128,10:51:37,18865.05,100,76950
20221128,10:52:10,18865.05,150,76950
20221128,10:52:25,18866.45,50,76950
20221128,10:52:26,18866.70,50,76950
20221128,10:53:04,18865.60,150,76950
20221128,10:53:11,18869.45,50,76950
20221128,10:53:25,18865.65,50,76950
20221128,10:53:56,18866.60,50,77100
20221128,10:54:07,18866.60,50,77100
20221128,10:54:11,18866.60,50,77100
20221128,10:54:16,18866.60,50,77100
20221128,10:54:44,18866.60,50,77100
20221128,10:54:57,18866.60,50,77100
20221128,10:55:21,18866.60,100,77100
20221128,10:55:23,18866.60,50,77100
20221128,10:55:29,18871.55,400,77100
20221128,10:57:26,18871.55,50,77600
20221128,10:57:30,18871.65,100,77600
20221128,10:57:34,18870.00,50,77600
20221128,10:58:24,18870.00,50,77600
20221128,10:58:43,18870.00,100,77600
20221128,10:59:32,18870.00,150,77600
20221128,10:59:33,18870.00,350,77600
20221128,11:01:03,18870.90,400,78050
20221128,11:02:57,18869.85,50,78300
20221128,11:03:01,18871.00,150,78300
20221128,11:04:07,18874.10,50,78300
20221128,11:04:24,18874.20,50,78300
20221128,11:04:47,18872.00,50,78300
20221128,11:05:30,18879.55,850,78300
20221128,11:05:43,18879.55,50,79000
20221128,11:06:15,18875.00,150,79000
20221128,11:06:47,18875.50,50,79000
20221128,11:06:49,18876.80,50,79000
20221128,11:06:58,18877.65,100,79000
20221128,11:07:06,18879.00,50,79000
20221128,11:07:12,18880.00,50,79000
20221128,11:07:21,18880.00,50,79000
20221128,11:07:46,18877.95,50,79000
20221128,11:07:55,18877.95,50,79000
20221128,11:07:59,18880.00,50,79000
20221128,11:08:48,18877.00,50,79400
20221128,11:09:40,18876.10,50,79400
20221128,11:09:43,18877.00,200,79400
20221128,11:09:46,18878.00,150,79400
20221128,11:09:49,18878.00,50,79400
20221128,11:10:16,18878.00,50,79400
20221128,11:10:17,18878.00,50,79400
20221128,11:10:33,18878.00,50,79400
20221128,11:10:35,18878.00,50,79400
20221128,11:10:37,18880.00,200,79400
20221128,11:11:08,18876.00,50,79400
20221128,11:11:21,18875.30,400,79400
20221128,11:11:30,18880.00,750,79400
20221128,11:12:08,18880.00,550,80250
20221128,11:12:09,18880.00,50,80250
20221128,11:12:19,18880.40,100,80250
20221128,11:14:57,18880.40,50,80500
20221128,11:15:27,18880.40,50,80500
20221128,11:15:53,18880.40,50,80500
20221128,11:17:05,18874.35,50,80500
20221128,11:17:14,18873.30,50,80500
20221128,11:17:28,18872.65,50,80500
20221128,11:20:37,18875.00,100,80600
20221128,11:20:45,18875.55,100,80650
20221128,11:22:02,18877.00,50,80650
20221128,11:22:07,18876.75,50,80650
20221128,11:22:21,18877.00,100,80650
20221128,11:23:27,18879.95,100,80650
20221128,11:23:53,18874.05,50,80650
20221128,11:23:59,18878.50,50,80800
20221128,11:24:43,18880.00,450,80800
20221128,11:25:10,18880.00,500,80800
20221128,11:25:15,18880.00,100,80800
20221128,11:25:37,18880.15,500,80800
20221128,11:26:03,18881.00,500,80800
20221128,11:26:27,18881.00,200,80800
20221128,11:26:34,18880.00,50,80800
20221128,11:26:52,18880.15,50,82050
20221128,11:26:56,18885.15,1000,82050
20221128,11:27:10,18885.15,100,82050
20221128,11:27:14,18879.25,50,82050
20221128,11:27:28,18879.25,50,82050
20221128,11:27:30,18882.20,100,82050
20221128,11:27:53,18882.00,50,82050
20221128,11:28:20,18880.05,100,82050
20221128,11:28:41,18880.05,50,82050
20221128,11:29:00,18880.00,50,82050
20221128,11:29:05,18885.55,500,82050
20221128,11:29:16,18888.45,1000,82050
20221128,11:29:37,18888.45,50,82050
20221128,11:30:45,18889.95,1850,84700
20221128,11:31:01,18889.95,50,84700
20221128,11:31:05,18884.60,850,84700
20221128,11:31:16,18900.00,2550,84700
20221128,11:31:27,18883.15,50,84700
20221128,11:31:30,18886.00,50,84700
20221128,11:31:48,18884.20,100,84700
20221128,11:31:52,18892.45,500,84700
20221128,11:32:09,18883.20,50,84700
20221128,11:32:13,18892.40,500,84700
20221128,11:32:43,18883.30,50,84700
20221128,11:32:56,18892.80,500,89150
20221128,11:32:59,18884.20,100,89150
20221128,11:33:03,18885.50,150,89150
20221128,11:33:13,18894.00,500,89150
20221128,11:33:21,18886.60,150,89150
20221128,11:33:25,18886.80,600,89150
20221128,11:33:28,18887.05,50,89150
20221128,11:33:39,18887.05,50,89150
20221128,11:33:46,18888.40,100,89150
20221128,11:34:11,18888.00,100,89150
20221128,11:34:15,18887.80,100,89150
20221128,11:34:18,18890.10,450,89150
20221128,11:34:24,18890.80,50,89150
20221128,11:34:31,18892.00,100,89150
20221128,11:34:41,18893.00,500,89150
20221128,11:34:42,18894.00,50,89150
20221128,11:34:43,18895.00,200,89150
20221128,11:34:50,18895.50,50,89150
20221128,11:35:05,18896.00,100,89150
20221128,11:35:06,18895.45,50,89150
20221128,11:35:13,18898.95,50,89150
20221128,11:35:16,18896.00,100,89150
20221128,11:35:41,18895.00,50,89150
20221128,11:35:44,18896.00,50,90150
20221128,11:36:02,18896.05,50,90150
20221128,11:36:29,18896.05,50,90150
20221128,11:36:33,18896.00,50,90150
20221128,11:36:34,18898.00,100,90150
20221128,11:36:41,18899.00,50,90150
20221128,11:36:57,18899.00,200,90150
20221128,11:36:58,18896.00,50,90150
20221128,11:37:08,18898.35,450,90150
20221128,11:37:09,18898.95,50,90150
20221128,11:37:12,18896.00,50,90150
20221128,11:37:18,18896.00,150,90150
20221128,11:37:20,18896.00,50,90150
20221128,11:37:38,18896.60,50,90150
20221128,11:38:15,18896.00,550,90150
20221128,11:38:24,18896.00,50,90150
20221128,11:38:40,18896.00,50,90150
20221128,11:38:55,18896.00,50,90700
20221128,11:39:10,18901.45,1800,90700
20221128,11:40:07,18901.45,50,90700
20221128,11:40:18,18896.05,50,90700
20221128,11:40:29,18896.00,250,90700
20221128,11:40:32,18896.00,1350,90700
20221128,11:40:36,18896.00,250,90700
20221128,11:40:40,18896.00,150,90700
20221128,11:40:48,18896.05,150,90700
20221128,11:40:59,18896.05,100,90700
20221128,11:41:03,18896.05,100,90700
20221128,11:41:17,18896.00,100,90700
20221128,11:41:20,18896.00,50,90700
20221128,11:41:24,18896.00,50,90700
20221128,11:41:27,18896.00,50,90700
20221128,11:41:31,18896.00,50,90700
20221128,11:41:40,18896.00,50,90700
20221128,11:42:24,18903.95,1000,94400
20221128,11:42:30,18903.95,50,94400
20221128,11:43:04,18896.85,50,94400
20221128,11:43:20,18898.00,50,94400
20221128,11:43:24,18899.95,50,94400
20221128,11:43:31,18898.35,200,94400
20221128,11:44:31,18898.35,100,94400
20221128,11:44:32,18898.35,50,94400
20221128,11:44:42,18898.35,50,94400
20221128,11:44:44,18897.30,50,94400
20221128,11:44:58,18898.85,200,95600
20221128,11:45:01,18899.00,50,95600
20221128,11:45:04,18899.70,50,95600
20221128,11:45:10,18899.25,50,95600
20221128,11:45:15,18899.25,50,95600
20221128,11:45:29,18899.75,100,95600
20221128,11:45:39,18897.15,50,95600
20221128,11:45:40,18899.75,50,95600
20221128,11:45:59,18900.00,50,95600
20221128,11:46:45,18896.40,50,95600
20221128,11:47:06,18898.30,50,95600
20221128,11:47:16,18896.70,50,95600
20221128,11:47:24,18896.40,150,95600
20221128,11:47:28,18896.15,50,95600
20221128,11:47:35,18896.00,50,95600
20221128,11:47:46,18896.15,150,95750
20221128,11:48:11,18896.35,50,95750
20221128,11:49:11,18896.00,50,95750
20221128,11:49:48,18896.00,50,95750
20221128,11:49:49,18896.00,100,95750
20221128,11:50:16,18897.00,50,95750
20221128,11:50:35,18897.00,50,95750
20221128,11:50:46,18897.00,50,95950
20221128,11:51:12,18899.95,150,95950
20221128,11:51:32,18900.00,50,95950
20221128,11:52:07,18898.00,50,95950
20221128,11:52:23,18898.00,50,95950
20221128,11:52:24,18898.00,50,95950
20221128,11:52:28,18898.00,50,95950
20221128,11:52:30,18898.95,200,95950
20221128,11:52:45,18897.00,50,95950
20221128,11:53:05,18897.00,100,95950
20221128,11:53:22,18896.00,50,95950
20221128,11:53:31,18896.00,50,95950
20221128,11:53:32,18896.00,50,95950
20221128,11:53:34,18896.00,100,95950
20221128,11:53:56,18896.20,50,95950
20221128,11:54:04,18896.80,100,96550
20221128,11:54:28,18896.80,50,96550
20221128,11:54:35,18896.80,50,96550
20221128,11:55:10,18896.00,50,96550
20221128,11:55:15,18896.55,50,96550
20221128,11:55:21,18896.55,50,96550
20221128,11:55:33,18899.85,300,96550
20221128,11:55:54,18899.85,50,96550
20221128,11:56:12,18899.00,50,96550
20221128,11:56:13,18896.00,200,96550
20221128,11:56:37,18897.45,150,96550
20221128,11:57:01,18896.70,100,96550
20221128,11:57:12,18896.55,100,96550
20221128,11:59:24,18903.00,950,96550
20221128,11:59:28,18902.10,50,96550
20221128,11:59:41,18904.80,50,96550
20221128,12:00:06,18905.00,250,96000
20221128,12:00:10,18906.00,50,96000
20221128,12:00:24,18906.00,50,96000
20221128,12:00:28,18905.35,100,96000
20221128,12:00:44,18904.10,50,96000
20221128,12:01:09,18906.20,100,96000
20221128,12:01:13,18906.20,100,96000
20221128,12:01:18,18905.60,50,96000
20221128,12:01:33,18906.00,50,96000
20221128,12:01:37,18905.60,50,96000
20221128,12:01:56,18905.00,50,96000
20221128,12:02:12,18901.85,50,96000
20221128,12:02:36,18900.15,250,96000
20221128,12:02:52,18900.05,50,96050
20221128,12:02:58,18900.85,50,96050
20221128,12:03:13,18900.60,100,96050
20221128,12:03:32,18902.15,50,96050
20221128,12:03:35,18901.25,50,96050
20221128,12:03:52,18902.00,100,96050
20221128,12:04:14,18902.50,50,96050
20221128,12:04:23,18903.00,50,96050
20221128,12:04:31,18903.70,100,96050
20221128,12:04:42,18903.10,100,96050
20221128,12:04:44,18905.70,50,96050
20221128,12:04:47,18905.70,50,96050
20221128,12:04:48,18902.55,50,96050
20221128,12:05:15,18902.55,150,96050
20221128,12:05:27,18902.55,50,96050
20221128,12:05:40,18905.00,100,96050
20221128,12:05:56,18905.40,100,96600
20221128,12:06:13,18904.85,100,96600
20221128,12:06:28,18905.30,100,96600
20221128,12:06:57,18904.95,50,96600
20221128,12:07:02,18904.95,100,96600
20221128,12:07:09,18902.95,100,96600
20221128,12:07:20,18904.00,50,96600
20221128,12:07:48,18905.00,150,96600
20221128,12:08:02,18904.15,50,96600
20221128,12:08:07,18905.00,300,96600
20221128,12:08:08,18905.35,100,96600
20221128,12:08:13,18906.75,100,96600
20221128,12:08:19,18908.40,100,96600
20221128,12:08:23,18908.40,100,96600
20221128,12:08:25,18905.60,100,96600
20221128,12:08:40,18905.60,100,96600
20221128,12:08:56,18905.60,100,97450
20221128,12:08:57,18905.60,250,97450
20221128,12:09:02,18905.00,50,97450
20221128,12:09:10,18904.55,250,97450
20221128,12:09:32,18906.85,100,97450
20221128,12:09:38,18909.00,50,97450
20221128,12:09:42,18909.00,100,97450
20221128,12:09:43,18906.65,100,97450
20221128,12:09:55,18906.65,50,97450
20221128,12:10:14,18906.30,300,97450
20221128,12:10:22,18906.65,50,97450
20221128,12:10:30,18909.45,150,97450
20221128,12:10:31,18909.45,100,97450
20221128,12:10:37,18908.85,50,97450
20221128,12:10:42,18905.05,200,97450
20221128,12:11:44,18907.00,100,97450
20221128,12:11:49,18907.00,100,97450
20221128,12:13:48,18905.00,100,97850
20221128,12:14:06,18904.90,950,97850
20221128,12:14:26,18907.00,50,97850
20221128,12:14:44,18907.75,50,97850
20221128,12:14:55,18906.20,100,97600
20221128,12:15:01,18907.00,50,97600
20221128,12:15:04,18907.00,600,97600
20221128,12:15:06,18906.15,450,97600
20221128,12:15:18,18907.10,50,97600
20221128,12:15:32,18908.00,150,97600
20221128,12:15:36,18905.50,200,97600
20221128,12:15:38,18908.00,150,97600
20221128,12:15:44,18909.95,100,97600
20221128,12:16:09,18911.00,1100,97600
20221128,12:16:16,18911.00,50,97600
20221128,12:16:23,18905.65,1000,97600
20221128,12:16:51,18906.15,50,97600
20221128,12:17:24,18907.10,100,97600
20221128,12:17:58,18905.65,50,97350
20221128,12:18:07,18905.00,50,97350
20221128,12:18:19,18904.20,50,97350
20221128,12:18:42,18909.30,50,97350
20221128,12:18:53,18910.00,50,97350
20221128,12:20:31,18905.00,50,97350
20221128,12:21:25,18901.00,150,97450
20221128,12:23:00,18901.00,50,97450
20221128,12:23:29,18902.80,50,97450
20221128,12:23:36,18902.00,50,97450
20221128,12:24:46,18905.00,50,97550
20221128,12:24:56,18905.00,100,97550
20221128,12:25:07,18902.15,50,97550
20221128,12:25:12,18905.25,100,97550
20221128,12:25:43,18904.90,50,97550
20221128,12:26:39,18902.00,50,97550
20221128,12:26:46,18902.00,150,97550
20221128,12:28:06,18902.65,200,97500
20221128,12:28:30,18905.15,50,97500
20221128,12:28:37,18906.00,50,97500
20221128,12:29:00,18909.00,50,97500
20221128,12:29:02,18910.00,50,97500
20221128,12:29:06,18910.00,100,97500
20221128,12:29:07,18911.30,50,97500
20221128,12:29:44,18911.30,50,97500
20221128,12:29:51,18912.00,50,97500
20221128,12:30:31,18912.00,200,97500
20221128,12:31:37,18911.00,150,98100
20221128,12:31:51,18913.80,750,98100
20221128,12:32:02,18913.80,50,98100
20221128,12:33:10,18906.55,50,98400
20221128,12:33:36,18907.75,50,98400
20221128,12:33:50,18906.50,100,98400
20221128,12:34:27,18906.50,50,98400
20221128,12:34:43,18906.50,550,98400
20221128,12:35:53,18910.00,900,98400
20221128,12:36:38,18906.50,150,99200
20221128,12:36:56,18906.50,150,99200
20221128,12:36:58,18906.50,50,99200
20221128,12:37:01,18903.00,50,99200
20221128,12:37:04,18902.60,50,99200
20221128,12:37:19,18901.75,50,99200
20221128,12:37:21,18901.75,50,99200
20221128,12:37:53,18901.75,150,99200
20221128,12:37:58,18904.95,50,99200
20221128,12:38:01,18905.00,200,99200
20221128,12:38:04,18905.00,100,99200
20221128,12:38:05,18905.00,100,99200
20221128,12:38:07,18905.00,50,99200
20221128,12:38:09,18905.80,50,99200
20221128,12:38:13,18905.00,50,99200
20221128,12:38:14,18905.00,50,99200
20221128,12:38:15,18905.00,800,99200
20221128,12:38:16,18905.00,100,99200
20221128,12:38:17,18905.00,150,99200
20221128,12:38:27,18905.00,300,99200
20221128,12:38:29,18902.00,50,99200
20221128,12:38:46,18901.75,50,99200
20221128,12:38:47,18902.05,50,99200
20221128,12:38:56,18901.00,50,101300
20221128,12:39:32,18905.00,1800,101300
20221128,12:39:44,18901.30,100,101300
20221128,12:40:31,18901.00,50,101300
20221128,12:41:03,18901.00,50,101300
20221128,12:41:06,18901.00,50,101300
20221128,12:41:07,18901.00,50,101300
20221128,12:41:12,18901.00,100,101300
20221128,12:41:19,18901.00,50,101300
20221128,12:41:21,18901.00,50,101300
20221128,12:41:26,18901.00,100,101300
20221128,12:41:57,18900.00,500,101300
20221128,12:42:00,18900.00,650,103600
20221128,12:42:05,18900.00,100,103600
20221128,12:42:26,18897.85,50,103600
20221128,12:42:51,18898.25,100,103600
20221128,12:43:01,18897.00,200,103600
20221128,12:43:31,18900.00,50,103600
20221128,12:43:40,18900.00,550,103600
20221128,12:44:16,18903.40,50,103600
20221128,12:44:55,18900.00,50,103600
20221128,12:45:26,18900.00,50,102050
20221128,12:45:54,18902.95,50,102050
20221128,12:46:06,18902.95,50,102050
20221128,12:46:49,18900.00,50,102050
20221128,12:47:12,18902.95,50,102050
20221128,12:47:53,18902.50,50,102050
20221128,12:47:55,18904.00,50,102050
20221128,12:48:00,18906.00,50,102200
20221128,12:48:20,18906.00,50,102200
20221128,12:48:33,18902.10,50,102200
20221128,12:49:15,18908.00,50,102200
20221128,12:49:19,18908.25,50,102200
20221128,12:49:38,18903.60,750,102200
20221128,12:50:09,18909.40,900,102200
20221128,12:50:20,18903.85,200,102200
20221128,12:50:52,18909.00,50,102200
20221128,12:51:21,18909.80,50,102500
20221128,12:52:44,18909.65,50,102500
20221128,12:53:27,18908.80,200,102500
20221128,12:54:19,18909.80,50,102650
20221128,12:54:55,18910.00,150,102650
20221128,12:54:56,18911.00,150,102650
20221128,12:55:19,18911.00,300,102650
20221128,12:55:19,18911.00,50,102650
20221128,12:55:27,18911.00,250,102650
20221128,12:55:38,18911.00,50,102650
20221128,12:55:46,18914.20,300,102650
20221128,12:56:01,18916.20,850,102650
20221128,12:56:16,18916.20,250,102650
20221128,12:56:20,18910.10,50,102650
20221128,12:56:37,18913.95,50,102650
20221128,12:57:23,18915.00,150,103650
20221128,12:57:31,18915.00,50,103650
20221128,12:58:12,18915.00,200,103650
20221128,12:58:39,18915.00,50,103650
20221128,12:58:40,18915.00,50,103650
20221128,12:58:50,18915.00,50,103650
20221128,12:58:56,18913.00,50,103650
20221128,12:59:26,18915.70,50,103650
20221128,12:59:49,18911.60,100,103650
20221128,13:00:18,18915.70,100,103650
20221128,13:00:24,18915.10,50,103800
20221128,13:00:25,18916.00,100,103800
20221128,13:00:44,18919.95,300,103800
20221128,13:00:52,18920.10,200,103800
20221128,13:01:02,18924.05,1200,103800
20221128,13:01:36,18924.05,50,103800
20221128,13:01:51,18921.85,1000,103800
20221128,13:02:54,18913.00,50,103800
20221128,13:03:10,18913.05,150,106050
20221128,13:03:16,18913.75,100,106050
20221128,13:03:22,18916.00,50,106050
20221128,13:03:31,18916.80,200,106050
20221128,13:03:45,18916.70,50,106050
20221128,13:04:23,18916.70,100,106050
20221128,13:05:12,18918.55,50,106050
20221128,13:05:37,18916.70,50,106050
20221128,13:05:40,18916.10,50,106050
20221128,13:07:26,18915.00,50,105950
20221128,13:08:18,18917.15,100,105950
20221128,13:08:21,18917.40,50,105950
20221128,13:08:23,18918.50,50,105950
20221128,13:09:13,18918.50,50,105950
20221128,13:09:25,18914.95,50,105850
20221128,13:09:42,18918.90,50,105850
20221128,13:10:39,18914.95,100,105850
20221128,13:10:44,18915.00,50,105850
20221128,13:11:18,18913.00,100,105850
20221128,13:11:44,18914.35,50,105850
20221128,13:12:22,18915.00,50,105800
20221128,13:12:27,18915.00,50,105800
20221128,13:12:38,18916.00,150,105800
20221128,13:13:46,18916.00,50,105800
20221128,13:13:52,18916.00,150,105800
20221128,13:14:03,18914.50,200,105800
20221128,13:14:33,18914.00,50,105800
20221128,13:14:40,18913.15,50,105800
20221128,13:15:27,18912.25,550,105750
20221128,13:16:01,18916.85,50,105750
20221128,13:16:02,18913.55,50,105750
20221128,13:16:19,18914.00,50,105750
20221128,13:17:51,18915.90,50,105750
20221128,13:17:56,18915.00,200,105750
20221128,13:18:14,18907.70,1850,106100
20221128,13:18:52,18912.65,50,106100
20221128,13:19:43,18908.65,50,106100
20221128,13:20:31,18908.00,50,106100
20221128,13:21:01,18910.00,50,106100
20221128,13:21:43,18907.00,50,105200
20221128,13:22:16,18907.00,50,105200
20221128,13:22:30,18905.00,600,105200
20221128,13:22:59,18904.95,100,105200
20221128,13:23:54,18909.20,50,105200
20221128,13:25:51,18907.70,100,105350
20221128,13:26:34,18911.55,300,105350
20221128,13:26:35,18911.55,50,105350
20221128,13:26:39,18912.70,100,105350
20221128,13:27:42,18911.00,50,105550
20221128,13:27:46,18912.65,50,105550
20221128,13:28:41,18907.15,100,105550
20221128,13:29:04,18908.25,50,105550
20221128,13:30:08,18908.25,50,105650
20221128,13:31:15,18908.00,50,105650
20221128,13:31:35,18905.80,50,105650
20221128,13:32:29,18910.45,50,105650
20221128,13:33:20,18908.25,50,105750
20221128,13:33:22,18905.00,50,105750
20221128,13:33:26,18905.60,50,105750
20221128,13:34:36,18906.00,100,105750
20221128,13:35:18,18905.35,100,105750
20221128,13:35:34,18905.45,50,105750
20221128,13:36:22,18907.90,50,106050
20221128,13:36:32,18911.85,50,106050
20221128,13:37:54,18906.40,50,106050
20221128,13:39:37,18906.45,100,106100
20221128,13:40:25,18908.00,50,106100
20221128,13:40:43,18912.00,50,106100
20221128,13:40:47,18912.70,100,106100
20221128,13:41:01,18915.00,100,106100
20221128,13:41:41,18915.05,50,106100
20221128,13:42:08,18914.95,50,106100
20221128,13:42:57,18915.00,450,106250
20221128,13:42:59,18915.05,50,106250
20221128,13:44:12,18921.00,150,106250
20221128,13:44:15,18918.60,50,106250
20221128,13:45:25,18920.00,50,106450
20221128,13:45:38,18921.00,50,106450
20221128,13:45:47,18921.35,100,106450
20221128,13:45:57,18924.90,150,106450
20221128,13:45:58,18929.00,1800,106450
20221128,13:46:08,18929.00,50,106450
20221128,13:46:12,18926.90,50,106450
20221128,13:46:13,18925.00,50,106450
20221128,13:46:35,18925.00,100,106450
20221128,13:47:04,18920.15,50,106450
20221128,13:47:16,18920.00,100,106450
20221128,13:47:30,18920.00,50,106450
20221128,13:47:53,18919.30,50,106450
20221128,13:48:10,18920.00,50,106450
20221128,13:48:40,18919.10,50,107550
20221128,13:48:58,18919.95,50,107550
20221128,13:49:14,18919.95,50,107550
20221128,13:49:46,18918.00,50,107550
20221128,13:50:12,18910.00,200,107550
20221128,13:51:07,18910.05,50,107550
20221128,13:51:32,18913.25,50,107850
20221128,13:53:16,18914.25,50,107850
20221128,13:53:56,18915.00,50,107850
20221128,13:55:08,18918.00,50,107900
20221128,13:56:05,18918.75,50,107900
20221128,13:57:18,18919.75,50,107800
20221128,13:57:32,18918.00,50,107800
20221128,13:58:16,18922.80,100,107800
20221128,13:59:03,18919.15,50,107800
20221128,14:00:18,18922.40,50,107900
20221128,14:01:34,18920.60,50,107900
20221128,14:01:44,18920.40,50,107900
20221128,14:02:02,18920.55,100,107900
20221128,14:02:11,18920.55,850,107900
20221128,14:02:14,18920.55,100,107900
20221128,14:02:20,18920.55,100,107900
20221128,14:02:21,18920.55,350,107900
20221128,14:02:22,18920.00,1600,107900
20221128,14:02:23,18918.00,150,107900
20221128,14:02:46,18910.00,200,107900
20221128,14:03:02,18907.00,50,107900
20221128,14:03:03,18904.00,500,107900
20221128,14:03:08,18901.95,150,107900
20221128,14:03:09,18900.00,100,107900
20221128,14:03:13,18900.00,50,107900
20221128,14:03:35,18904.00,150,111400
20221128,14:04:39,18910.15,50,111400
20221128,14:04:55,18904.00,200,111400
20221128,14:05:09,18903.00,50,111400
20221128,14:05:10,18903.00,100,111400
20221128,14:05:14,18903.00,100,111400
20221128,14:05:17,18901.00,200,111400
20221128,14:05:18,18900.00,250,111400
20221128,14:05:24,18897.80,50,111400
20221128,14:05:29,18896.00,250,111400
20221128,14:06:04,18899.55,150,111400
20221128,14:06:09,18898.80,50,111400
20221128,14:06:13,18898.80,50,111400
20221128,14:06:47,18898.80,50,112900
20221128,14:07:05,18900.00,50,112900
20221128,14:07:33,18898.80,50,112900
20221128,14:07:40,18896.00,100,112900
20221128,14:07:46,18896.05,150,112900
20221128,14:07:49,18896.00,50,112900
20221128,14:08:25,18896.05,100,112900
20221128,14:09:26,18896.55,200,113050
20221128,14:09:34,18897.00,100,113050
20221128,14:09:38,18897.00,50,113050
20221128,14:09:58,18897.00,100,113050
20221128,14:09:59,18896.00,150,113050
20221128,14:10:00,18896.00,100,113050
20221128,14:10:01,18896.00,1950,113050
20221128,14:10:02,18896.00,1450,113050
20221128,14:10:03,18896.00,50,113050
20221128,14:10:18,18896.00,400,113050
20221128,14:10:46,18900.00,50,113050
20221128,14:10:54,18896.05,150,113050
20221128,14:10:57,18896.05,250,113050
20221128,14:10:58,18896.05,100,113050
20221128,14:11:02,18900.90,50,113050
20221128,14:11:06,18901.05,50,113050
20221128,14:11:12,18902.00,50,113050
20221128,14:11:32,18905.40,50,113050
20221128,14:11:42,18906.00,100,113050
20221128,14:11:43,18903.05,100,113050
20221128,14:12:04,18903.00,50,113050
20221128,14:12:16,18903.00,450,117000
20221128,14:12:20,18903.75,50,117000
20221128,14:13:02,18901.05,250,117000
20221128,14:13:03,18901.05,250,117000
20221128,14:13:29,18901.00,500,117000
20221128,14:13:59,18902.45,200,117000
20221128,14:14:15,18905.55,50,117000
20221128,14:15:30,18901.00,550,117850
20221128,14:15:31,18901.00,50,117850
20221128,14:16:36,18901.00,250,117850
20221128,14:17:04,18905.85,100,117850
20221128,14:17:25,18908.90,50,117850
20221128,14:18:02,18908.90,100,117850
20221128,14:20:35,18905.00,50,118000
20221128,14:20:40,18906.00,50,118000
20221128,14:21:25,18905.00,100,118000
20221128,14:21:26,18905.00,50,118000
20221128,14:21:26,18905.00,250,118000
20221128,14:21:38,18905.00,50,118000
20221128,14:22:14,18908.05,50,118000
20221128,14:22:29,18907.35,50,118000
20221128,14:23:06,18909.85,50,118000
20221128,14:23:12,18910.00,150,118000
20221128,14:23:14,18910.45,50,118000
20221128,14:23:37,18913.25,50,118000
20221128,14:23:49,18914.00,50,118000
20221128,14:23:50,18915.00,100,118000
20221128,14:23:52,18916.00,50,118000
20221128,14:24:52,18916.60,250,118000
20221128,14:24:54,18916.50,50,118000
20221128,14:25:42,18916.50,200,118000
20221128,14:26:26,18918.00,50,118000
20221128,14:30:11,18910.90,50,118300
20221128,14:31:04,18908.00,50,118350
20221128,14:32:05,18908.00,50,118350
20221128,14:32:26,18909.25,50,118350
20221128,14:32:45,18908.65,50,118350
20221128,14:33:10,18905.00,50,118350
20221128,14:33:26,18905.75,50,118550
20221128,14:33:49,18905.00,50,118550
20221128,14:34:39,18906.45,50,118550
20221128,14:35:11,18906.00,50,118550
20221128,14:35:49,18906.65,50,118550
20221128,14:36:25,18905.40,100,118700
20221128,14:36:32,18902.75,50,118700
20221128,14:37:21,18904.90,400,118700
20221128,14:37:59,18905.30,50,118700
20221128,14:39:56,18907.25,50,118800
20221128,14:40:05,18909.95,50,118800
20221128,14:40:15,18910.00,50,118800
20221128,14:44:25,18910.00,50,118850
20221128,14:45:21,18917.50,150,118850
20221128,14:46:13,18918.00,50,119050
20221128,14:46:14,18917.50,250,119050
20221128,14:46:22,18918.00,200,119050
20221128,14:46:25,18920.00,50,119050
20221128,14:46:55,18923.00,100,119050
20221128,14:47:00,18924.00,50,119050
20221128,14:47:04,18924.00,50,119050
20221128,14:47:06,18924.00,50,119050
20221128,14:47:07,18924.00,300,119050
20221128,14:47:37,18923.00,150,119050
20221128,14:48:14,18919.55,50,119050
20221128,14:48:15,18922.95,100,119050
20221128,14:49:22,18920.00,50,119050
20221128,14:49:35,18917.75,50,119500
20221128,14:50:18,18919.25,50,119500
20221128,14:50:19,18920.05,50,119500
20221128,14:50:52,18919.35,100,119500
20221128,14:51:13,18920.05,50,119500
20221128,14:51:41,18917.00,50,119750
20221128,14:51:55,18921.95,50,119750
20221128,14:52:33,18917.00,50,119750
20221128,14:53:13,18910.90,50,119750
20221128,14:53:49,18912.00,50,119750
20221128,14:54:12,18910.20,100,119750
20221128,14:54:19,18914.90,150,119750
20221128,14:54:51,18915.00,100,119650
20221128,14:55:18,18914.40,50,119650
20221128,14:56:29,18911.00,50,119650
20221128,14:56:40,18913.75,50,119650
20221128,14:57:06,18911.00,50,119650
20221128,14:57:09,18906.75,50,119650
20221128,14:57:50,18915.00,50,119650
20221128,14:57:53,18915.00,50,119750
20221128,14:59:15,18912.55,50,119750
20221128,15:00:02,18909.30,50,119750
20221128,15:00:54,18901.40,50,119800
20221128,15:00:55,18900.00,150,119800
20221128,15:01:00,18896.00,150,119800
20221128,15:01:01,18896.00,350,119800
20221128,15:01:02,18895.00,200,119800
20221128,15:01:04,18891.00,100,119800
20221128,15:01:06,18891.85,100,119800
20221128,15:01:08,18890.00,250,119800
20221128,15:01:13,18890.00,50,119800
20221128,15:01:41,18896.95,50,119800
20221128,15:02:04,18896.00,50,119800
20221128,15:02:06,18895.00,50,119800
20221128,15:02:16,18894.95,50,119800
20221128,15:02:54,18902.60,50,119800
20221128,15:03:11,18904.25,50,119800
20221128,15:04:11,18899.00,100,120950
20221128,15:04:12,18903.05,200,120950
20221128,15:04:47,18898.90,50,120950
20221128,15:05:00,18897.80,50,120950
20221128,15:05:54,18897.00,50,120950
20221128,15:06:14,18896.05,50,120950
20221128,15:06:53,18892.60,100,120950
20221128,15:07:00,18890.00,50,121200
20221128,15:07:06,18886.10,50,121200
20221128,15:07:11,18889.20,50,121200
20221128,15:07:13,18886.05,150,121200
20221128,15:07:29,18885.40,50,121200
20221128,15:07:30,18886.20,150,121200
20221128,15:08:03,18888.45,50,121200
20221128,15:08:29,18888.15,100,121200
20221128,15:09:05,18887.85,50,121200
20221128,15:09:08,18888.00,50,121200
20221128,15:09:41,18889.00,50,121150
20221128,15:09:44,18888.90,50,121150
20221128,15:10:48,18889.00,200,121150
20221128,15:10:59,18889.00,50,121150
20221128,15:11:31,18885.00,100,121150
20221128,15:11:56,18885.00,150,121150
20221128,15:12:25,18885.00,50,121150
20221128,15:12:28,18886.35,100,121550
20221128,15:12:33,18888.35,50,121550
20221128,15:12:34,18890.25,50,121550
20221128,15:12:37,18892.50,50,121550
20221128,15:12:44,18894.05,50,121550
20221128,15:12:51,18897.20,200,121550
20221128,15:12:52,18897.15,50,121550
20221128,15:12:54,18898.35,50,121550
20221128,15:13:08,18896.15,50,121550
20221128,15:13:26,18896.15,200,121550
20221128,15:13:35,18897.65,50,121550
20221128,15:13:43,18899.90,50,121550
20221128,15:13:53,18897.00,50,121550
20221128,15:14:16,18892.45,50,121550
20221128,15:15:00,18886.80,100,121550
20221128,15:15:06,18888.00,50,121550
20221128,15:15:15,18889.65,200,121550
20221128,15:15:20,18889.50,50,121550
20221128,15:15:25,18892.30,50,121550
20221128,15:15:32,18895.00,50,121800
20221128,15:15:55,18892.30,50,121800
20221128,15:17:36,18887.55,100,121800
20221128,15:17:50,18886.00,50,121800
20221128,15:17:56,18886.00,50,121800
20221128,15:18:08,18886.00,50,121800
20221128,15:18:14,18885.00,150,121800
20221128,15:18:16,18884.00,50,121800
20221128,15:18:25,18880.00,50,121800
20221128,15:18:28,18880.05,50,121800
20221128,15:18:42,18881.00,150,121950
20221128,15:18:54,18880.00,50,121950
20221128,15:19:07,18881.00,50,121950
20221128,15:19:16,18880.00,50,121950
20221128,15:19:41,18877.00,50,121950
20221128,15:19:58,18877.00,50,121950
20221128,15:20:13,18875.75,100,121950
20221128,15:20:38,18880.00,450,121950
20221128,15:21:28,18879.40,100,121950
20221128,15:21:43,18882.10,50,122100
20221128,15:22:24,18884.00,50,122100
20221128,15:22:31,18880.45,50,122100
20221128,15:23:32,18880.60,50,122100
20221128,15:24:02,18880.45,300,122100
20221128,15:24:03,18880.20,50,122100
20221128,15:24:47,18876.00,100,122400
20221128,15:24:58,18876.20,50,122400
20221128,15:25:00,18872.55,50,122400
20221128,15:25:07,18874.40,50,122400
20221128,15:25:20,18875.00,50,122400
20221128,15:25:52,18875.40,300,122400
20221128,15:26:06,18879.00,50,122400
20221128,15:26:11,18880.55,200,122400
20221128,15:26:12,18880.00,50,122400
20221128,15:26:17,18877.50,50,122400
20221128,15:26:48,18880.10,50,122400
20221128,15:26:50,18883.05,200,122400
20221128,15:27:08,18880.00,100,122400
20221128,15:27:24,18881.85,50,122400
20221128,15:27:56,18880.00,300,122750
20221128,15:27:57,18880.00,50,122750
20221128,15:28:12,18881.85,50,122750
20221128,15:28:15,18880.65,50,122750
20221128,15:28:17,18882.70,50,122750
20221128,15:28:21,18883.00,50,122750
20221128,15:28:22,18883.00,50,122750
20221128,15:28:27,18881.70,50,122750
20221128,15:29:08,18881.75,50,122750
20221128,15:29:15,18884.00,50,122750
20221128,15:29:21,18883.70,50,122750
20221128,15:29:25,18882.00,50,122750
20221128,15:29:27,18881.70,50,122750
20221128,15:29:30,18881.00,50,122750
20221128,15:29:43,18881.00,50,122750
20221128,15:29:46,18880.00,200,122750
20221128,15:29:48,18883.15,50,122750
20221128,15:29:53,18880.00,150,122750
