20221111,09:15:06,42589.95,1,34325
20221111,09:15:06,42581.60,1,34325
20221111,09:15:06,42652.95,225,34325
20221111,09:15:18,42730.20,1925,34325
20221111,09:15:18,42542.80,1925,34325
20221111,09:15:27,42551.20,375,34325
20221111,09:15:34,42597.90,50,34325
20221111,09:15:41,42568.60,425,34325
20221111,09:15:48,42564.60,200,34325
20221111,09:15:54,42566.90,200,34325
20221111,09:16:01,42567.95,25,34325
20221111,09:16:10,42581.45,150,34325
20221111,09:16:18,42594.85,350,34325
20221111,09:16:27,42618.00,800,34325
20221111,09:16:35,42601.20,75,34325
20221111,09:16:43,42605.30,175,34325
20221111,09:16:50,42589.50,75,34325
20221111,09:16:57,42585.00,25,34325
20221111,09:17:12,42569.80,75,34325
20221111,09:17:19,42568.95,25,34750
20221111,09:17:26,42566.05,100,34750
20221111,09:17:34,42568.95,125,34750
20221111,09:17:42,42569.10,100,34750
20221111,09:17:50,42570.00,75,34750
20221111,09:17:58,42578.00,25,34750
20221111,09:18:06,42575.00,25,34750
20221111,09:18:16,42574.95,25,34750
20221111,09:18:24,42556.00,75,34750
20221111,09:18:31,42550.00,50,34750
20221111,09:18:39,42560.05,150,34750
20221111,09:18:47,42560.00,150,34750
20221111,09:18:55,42560.00,200,34750
20221111,09:19:03,42556.35,125,34750
20221111,09:19:11,42550.00,25,34750
20221111,09:19:27,42536.85,150,34750
20221111,09:19:35,42551.00,200,34750
20221111,09:19:43,42550.60,375,34750
20221111,09:19:51,42560.00,150,34750
20221111,09:19:59,42560.00,250,34750
20221111,09:20:07,42558.50,1025,34750
20221111,09:20:15,42565.25,1100,34750
20221111,09:20:16,42574.75,150,34750
20221111,09:20:20,42560.60,125,35300
20221111,09:20:26,42573.30,100,35300
20221111,09:20:36,42580.00,25,35300
20221111,09:20:37,42580.00,75,35300
20221111,09:20:48,42587.70,225,35300
20221111,09:20:51,42576.40,550,35300
20221111,09:20:53,42580.60,100,35300
20221111,09:20:56,42585.40,25,35300
20221111,09:20:59,42590.00,25,35300
20221111,09:21:04,42590.00,25,35300
20221111,09:21:14,42594.65,25,35300
20221111,09:21:27,42582.15,25,35300
20221111,09:21:29,42580.20,25,35300
20221111,09:21:32,42572.65,25,35300
20221111,09:21:35,42572.65,25,35300
20221111,09:21:37,42574.75,25,35300
20221111,09:21:44,42572.60,100,35300
20221111,09:21:50,42572.95,25,35300
20221111,09:21:51,42573.20,25,35300
20221111,09:21:55,42572.05,50,35300
20221111,09:22:00,42574.05,25,35300
20221111,09:22:03,42569.80,25,35300
20221111,09:22:06,42563.85,25,35300
20221111,09:22:08,42541.05,450,35300
20221111,09:22:09,42546.70,475,35300
20221111,09:22:20,42546.70,25,35300
20221111,09:22:21,42540.80,25,35300
20221111,09:22:33,42531.70,25,35300
20221111,09:22:36,42531.70,50,35300
20221111,09:22:38,42531.85,25,35300
20221111,09:22:42,42536.45,25,35300
20221111,09:22:44,42533.55,25,35300
20221111,09:22:51,42536.45,25,35300
20221111,09:23:10,42543.70,25,35300
20221111,09:23:14,42536.40,50,35300
20221111,09:23:16,42543.75,50,35300
20221111,09:23:19,42540.00,175,35625
20221111,09:23:21,42536.45,50,35625
20221111,09:23:23,42540.00,125,35625
20221111,09:23:24,42540.00,75,35625
20221111,09:23:29,42535.95,25,35625
20221111,09:23:31,42547.70,350,35625
20221111,09:23:34,42550.00,25,35625
20221111,09:23:36,42543.55,25,35625
20221111,09:24:00,42546.50,50,35625
20221111,09:24:02,42543.55,25,35625
20221111,09:24:07,42546.85,75,35625
20221111,09:24:10,42550.00,25,35625
20221111,09:24:12,42550.00,25,35625
20221111,09:24:25,42542.30,25,35625
20221111,09:24:28,42544.10,50,35625
20221111,09:24:38,42540.10,25,35625
20221111,09:24:48,42540.15,250,35625
20221111,09:24:50,42543.55,75,35625
20221111,09:24:53,42543.75,275,35625
20221111,09:24:55,42555.20,25,35625
20221111,09:25:02,42543.00,50,35625
20221111,09:25:12,42550.00,25,35625
20221111,09:25:13,42550.00,25,35625
20221111,09:25:15,42550.00,75,35625
20221111,09:25:31,42538.10,25,35625
20221111,09:25:51,42549.20,150,35625
20221111,09:25:53,42550.00,25,35625
20221111,09:25:54,42550.00,50,35625
20221111,09:25:57,42550.00,25,35625
20221111,09:26:13,42550.00,25,35625
20221111,09:26:21,42543.55,50,35500
20221111,09:26:23,42543.65,25,35500
20221111,09:26:26,42545.05,25,35500
20221111,09:26:31,42554.95,25,35500
20221111,09:26:34,42549.30,25,35500
20221111,09:26:36,42555.00,25,35500
20221111,09:26:56,42538.10,25,35500
20221111,09:27:07,42538.05,25,35500
20221111,09:27:12,42538.00,25,35500
20221111,09:27:17,42538.05,25,35500
20221111,09:27:30,42538.05,125,35500
20221111,09:27:32,42538.65,200,35500
20221111,09:27:42,42547.40,100,35500
20221111,09:28:42,42536.00,25,35500
20221111,09:28:58,42531.00,25,35500
20221111,09:29:00,42531.00,25,35500
20221111,09:29:02,42525.00,200,35500
20221111,09:29:05,42513.85,25,35500
20221111,09:29:23,42513.85,25,35875
20221111,09:29:26,42529.20,50,35875
20221111,09:29:56,42520.60,25,35875
20221111,09:30:07,42517.70,50,35875
20221111,09:30:09,42527.05,25,35875
20221111,09:30:13,42518.30,25,35875
20221111,09:30:29,42527.10,25,35875
20221111,09:30:32,42527.10,25,35875
20221111,09:30:34,42530.00,50,35875
20221111,09:30:36,42530.00,50,35875
20221111,09:30:37,42530.00,50,35875
20221111,09:30:39,42533.00,50,35875
20221111,09:30:44,42536.00,25,35875
20221111,09:30:45,42537.40,25,35875
20221111,09:30:52,42541.25,25,35875
20221111,09:31:00,42550.00,225,35875
20221111,09:31:10,42555.00,125,35875
20221111,09:31:12,42560.00,75,35875
20221111,09:31:19,42567.30,25,35875
20221111,09:31:24,42576.20,25,35875
20221111,09:31:29,42580.00,200,35875
20221111,09:31:32,42575.00,275,35875
20221111,09:31:34,42574.10,25,35875
20221111,09:31:42,42559.75,125,35875
20221111,09:31:57,42562.35,50,35875
20221111,09:32:02,42557.95,75,35875
20221111,09:32:04,42559.70,25,35875
20221111,09:32:07,42557.95,25,35875
20221111,09:32:08,42562.90,100,35875
20221111,09:32:25,42567.00,50,35950
20221111,09:32:31,42570.00,25,35950
20221111,09:32:58,42570.00,25,35950
20221111,09:32:59,42570.00,50,35950
20221111,09:33:07,42570.00,50,35950
20221111,09:33:22,42566.00,100,35950
20221111,09:33:27,42559.35,100,35950
20221111,09:33:42,42558.75,50,35950
20221111,09:33:46,42561.50,25,35950
20221111,09:33:53,42550.00,200,35950
20221111,09:33:56,42550.00,300,35950
20221111,09:34:01,42550.00,25,35950
20221111,09:34:31,42545.00,100,35950
20221111,09:35:11,42503.50,25,35950
20221111,09:35:12,42503.50,50,35950
20221111,09:35:17,42501.20,25,35950
20221111,09:35:24,42501.20,25,35950
20221111,09:35:35,42502.50,25,36375
20221111,09:35:45,42515.00,25,36375
20221111,09:35:48,42517.05,25,36375
20221111,09:35:55,42508.25,150,36375
20221111,09:35:58,42509.65,25,36375
20221111,09:36:06,42509.65,50,36375
20221111,09:36:11,42505.50,25,36375
20221111,09:36:17,42502.05,25,36375
20221111,09:36:21,42507.00,25,36375
20221111,09:36:27,42505.00,50,36375
20221111,09:36:45,42504.35,25,36375
20221111,09:37:04,42513.95,25,36375
20221111,09:37:30,42513.40,25,36375
20221111,09:37:52,42525.00,25,36375
20221111,09:37:58,42531.65,25,36375
20221111,09:38:03,42541.85,50,36375
20221111,09:38:27,42544.40,25,36425
20221111,09:38:32,42539.95,25,36425
20221111,09:38:45,42512.65,100,36425
20221111,09:39:06,42512.65,25,36425
20221111,09:39:36,42520.70,50,36425
20221111,09:39:39,42515.00,25,36425
20221111,09:39:50,42520.10,100,36425
20221111,09:40:01,42512.65,25,36425
20221111,09:40:05,42512.65,25,36425
20221111,09:40:09,42507.00,100,36425
20221111,09:40:10,42507.00,100,36425
20221111,09:40:41,42507.05,25,36425
20221111,09:40:43,42510.00,50,36425
20221111,09:40:45,42510.00,75,36425
20221111,09:40:55,42507.00,25,36425
20221111,09:41:00,42507.00,50,36425
20221111,09:41:40,42499.00,250,36650
20221111,09:41:41,42499.00,25,36650
20221111,09:41:55,42499.00,25,36650
20221111,09:42:03,42499.00,25,36650
20221111,09:42:21,42505.25,25,36650
20221111,09:42:29,42495.25,925,36650
20221111,09:42:52,42498.95,100,36650
20221111,09:43:11,42510.00,25,36650
20221111,09:43:13,42509.00,75,36650
20221111,09:43:24,42509.00,25,36650
20221111,09:43:32,42505.00,25,36650
20221111,09:43:35,42514.20,25,36650
20221111,09:43:43,42505.50,25,36650
20221111,09:43:47,42500.00,50,36650
20221111,09:43:53,42500.00,25,36650
20221111,09:44:00,42502.40,25,36650
20221111,09:44:01,42498.95,50,36650
20221111,09:44:08,42500.00,25,36650
20221111,09:44:15,42502.90,25,36650
20221111,09:44:19,42500.00,25,36650
20221111,09:44:29,42495.95,50,37125
20221111,09:44:30,42495.95,125,37125
20221111,09:44:35,42495.95,25,37125
20221111,09:44:37,42495.95,75,37125
20221111,09:44:49,42495.95,25,37125
20221111,09:44:56,42490.00,25,37125
20221111,09:45:04,42490.00,25,37125
20221111,09:45:08,42490.00,25,37125
20221111,09:45:26,42490.00,125,37125
20221111,09:45:46,42490.00,225,37125
20221111,09:46:13,42499.15,25,37125
20221111,09:46:42,42496.55,250,37125
20221111,09:46:49,42502.20,25,37125
20221111,09:46:50,42496.55,250,37125
20221111,09:47:00,42499.95,100,37125
20221111,09:47:15,42499.40,100,37125
20221111,09:47:26,42497.45,25,37350
20221111,09:47:32,42494.35,25,37350
20221111,09:48:12,42495.00,25,37350
20221111,09:48:20,42490.05,25,37350
20221111,09:48:26,42490.05,25,37350
20221111,09:48:44,42490.30,25,37350
20221111,09:49:02,42499.40,25,37350
20221111,09:49:08,42500.00,25,37350
20221111,09:49:19,42510.00,50,37350
20221111,09:49:21,42510.00,50,37350
20221111,09:49:22,42515.00,25,37350
20221111,09:50:01,42539.95,50,37350
20221111,09:50:18,42549.90,50,37350
20221111,09:50:34,42560.35,275,37475
20221111,09:50:42,42550.00,25,37475
20221111,09:50:49,42560.30,100,37475
20221111,09:51:00,42558.40,100,37475
20221111,09:51:05,42569.75,100,37475
20221111,09:51:18,42570.00,25,37475
20221111,09:51:23,42559.60,50,37475
20221111,09:51:29,42570.55,100,37475
20221111,09:51:40,42567.25,25,37475
20221111,09:51:47,42559.45,25,37475
20221111,09:51:50,42561.65,100,37475
20221111,09:51:57,42568.15,50,37475
20221111,09:52:21,42544.80,25,37475
20221111,09:52:42,42545.00,50,37475
20221111,09:53:12,42535.20,100,37475
20221111,09:53:28,42559.85,100,37925
20221111,09:53:59,42540.05,125,37925
20221111,09:54:49,42540.15,25,37925
20221111,09:54:54,42540.00,25,37925
20221111,09:55:05,42531.00,25,37925
20221111,09:55:16,42530.00,25,37925
20221111,09:55:22,42544.10,50,37925
20221111,09:56:01,42520.00,75,37925
20221111,09:56:19,42520.00,25,37925
20221111,09:56:47,42525.00,25,38100
20221111,09:56:51,42520.00,75,38100
20221111,09:57:17,42510.75,375,38100
20221111,09:58:54,42510.00,275,38100
20221111,09:58:57,42500.00,25,38100
20221111,09:59:42,42500.00,25,38050
20221111,10:00:02,42500.00,25,38050
20221111,10:00:18,42510.00,25,38050
20221111,10:00:38,42510.45,25,38050
20221111,10:00:46,42510.00,50,38050
20221111,10:00:54,42518.60,25,38050
20221111,10:01:15,42525.35,25,38050
20221111,10:02:14,42520.00,25,38050
20221111,10:02:34,42511.00,25,38050
20221111,10:03:02,42520.00,25,38050
20221111,10:03:18,42523.75,25,38050
20221111,10:03:26,42521.15,25,38050
20221111,10:03:55,42510.50,75,38050
20221111,10:04:01,42510.45,250,38050
20221111,10:04:19,42512.45,25,38050
20221111,10:04:50,42514.00,25,38050
20221111,10:05:01,42500.05,50,38050
20221111,10:05:11,42504.10,25,38050
20221111,10:06:00,42506.40,25,38225
20221111,10:06:54,42525.10,25,38225
20221111,10:07:15,42515.95,25,38225
20221111,10:07:44,42504.30,25,38225
20221111,10:08:52,42505.05,25,38225
20221111,10:08:53,42512.10,25,38225
20221111,10:09:11,42505.05,25,38225
20221111,10:09:22,42505.00,25,38225
20221111,10:09:53,42510.00,25,38225
20221111,10:09:56,42515.95,25,38225
20221111,10:10:30,42519.95,25,38225
20221111,10:10:58,42520.00,25,38225
20221111,10:11:08,42529.25,25,38225
20221111,10:13:17,42529.00,25,38225
20221111,10:13:24,42536.25,50,38225
20221111,10:15:09,42531.70,25,38225
20221111,10:16:56,42534.85,25,38225
20221111,10:17:28,42535.00,25,38275
20221111,10:18:01,42535.00,50,38275
20221111,10:18:12,42537.80,25,38275
20221111,10:21:28,42505.00,100,38275
20221111,10:21:30,42504.30,200,38275
20221111,10:21:34,42504.30,225,38275
20221111,10:21:38,42495.00,575,38275
20221111,10:21:41,42495.00,25,38275
20221111,10:21:51,42495.00,25,38275
20221111,10:21:54,42480.00,350,38275
20221111,10:21:57,42480.00,25,38275
20221111,10:22:01,42475.00,50,38275
20221111,10:22:02,42470.00,75,38275
20221111,10:22:06,42474.60,25,38275
20221111,10:22:54,42489.75,25,38275
20221111,10:23:10,42489.75,50,38275
20221111,10:23:44,42490.00,25,38925
20221111,10:23:55,42486.00,25,38925
20221111,10:24:34,42486.00,25,38925
20221111,10:24:35,42486.00,25,38925
20221111,10:25:05,42496.95,100,38925
20221111,10:27:01,42479.00,50,39050
20221111,10:27:08,42475.00,25,39050
20221111,10:27:28,42475.75,100,39050
20221111,10:29:19,42475.75,25,39050
20221111,10:29:33,42470.05,25,38925
20221111,10:29:39,42470.00,25,38925
20221111,10:29:58,42474.10,25,38925
20221111,10:30:11,42470.00,25,38925
20221111,10:30:25,42457.00,575,38925
20221111,10:30:27,42457.00,25,38925
20221111,10:30:50,42457.00,50,38925
20221111,10:31:03,42457.00,425,38925
20221111,10:31:04,42450.05,25,38925
20221111,10:31:08,42425.00,250,38925
20221111,10:31:17,42425.00,25,38925
20221111,10:31:38,42429.85,25,38925
20221111,10:32:09,42430.00,25,38925
20221111,10:32:12,42425.00,25,38925
20221111,10:32:15,42420.00,200,38925
20221111,10:32:20,42411.45,25,38925
20221111,10:32:28,42411.45,25,38925
20221111,10:32:38,42425.10,25,38950
20221111,10:32:57,42435.25,25,38950
20221111,10:33:02,42422.55,50,38950
20221111,10:33:26,42430.00,275,38950
20221111,10:33:29,42430.00,200,38950
20221111,10:33:36,42430.00,50,38950
20221111,10:33:41,42427.65,25,38950
20221111,10:34:11,42432.20,25,38950
20221111,10:34:17,42449.25,25,38950
20221111,10:34:33,42449.95,25,38950
20221111,10:34:39,42449.95,25,38950
20221111,10:34:50,42450.00,50,38950
20221111,10:35:00,42451.45,200,38950
20221111,10:35:02,42451.45,300,38950
20221111,10:35:16,42451.45,25,38950
20221111,10:35:20,42459.50,325,38950
20221111,10:35:24,42460.00,25,38950
20221111,10:35:25,42460.00,150,38950
20221111,10:37:17,42458.15,200,38900
20221111,10:38:02,42458.40,25,38900
20221111,10:38:25,42467.30,25,38900
20221111,10:38:53,42472.45,25,38900
20221111,10:39:01,42470.00,50,38900
20221111,10:39:57,42445.85,25,38900
20221111,10:40:36,42444.90,25,38900
20221111,10:41:02,42455.00,25,38900
20221111,10:44:20,42459.00,25,38950
20221111,10:44:59,42473.80,100,38950
20221111,10:46:10,42470.00,25,38950
20221111,10:47:01,42470.00,25,38950
20221111,10:47:29,42474.00,25,38950
20221111,10:47:52,42489.55,25,39000
20221111,10:48:29,42500.00,75,39000
20221111,10:48:31,42500.00,75,39000
20221111,10:48:41,42499.95,25,39000
20221111,10:49:32,42495.10,25,39000
20221111,10:49:35,42501.00,75,39000
20221111,10:51:22,42495.00,25,38900
20221111,10:52:57,42520.00,75,38900
20221111,10:54:03,42525.00,25,38900
20221111,10:54:42,42530.00,25,38900
20221111,10:54:45,42532.00,25,38900
20221111,10:55:47,42540.00,25,38900
20221111,10:55:52,42549.05,50,38900
20221111,10:56:00,42550.00,75,38900
20221111,10:56:05,42551.55,50,38900
20221111,10:56:14,42560.00,25,38900
20221111,10:56:16,42557.45,25,38900
20221111,10:56:22,42569.80,25,38900
20221111,10:56:37,42560.00,25,38950
20221111,10:56:59,42569.85,350,38950
20221111,10:57:02,42575.00,525,38950
20221111,10:57:23,42572.00,50,38950
20221111,10:57:41,42557.45,25,38950
20221111,10:57:48,42546.45,550,38950
20221111,10:57:59,42546.45,500,38950
20221111,10:58:11,42559.90,25,38950
20221111,10:58:26,42560.00,25,38950
20221111,10:59:08,42570.00,25,38950
20221111,10:59:13,42575.00,100,38950
20221111,10:59:23,42580.00,50,38950
20221111,10:59:31,42580.95,25,38950
20221111,10:59:33,42579.95,100,38950
20221111,10:59:43,42579.95,125,38950
20221111,10:59:51,42582.00,100,38950
20221111,11:00:01,42570.00,25,38950
20221111,11:00:23,42569.95,25,38950
20221111,11:00:42,42564.95,25,38950
20221111,11:00:45,42565.00,25,38950
20221111,11:00:49,42570.00,125,38950
20221111,11:01:10,42570.00,100,38950
20221111,11:01:12,42570.00,125,38950
20221111,11:01:49,42560.00,25,38950
20221111,11:01:59,42565.65,25,38950
20221111,11:02:12,42570.00,50,38950
20221111,11:02:30,42573.15,25,38950
20221111,11:04:07,42569.95,25,38750
20221111,11:04:36,42570.00,50,38750
20221111,11:04:39,42575.00,50,38750
20221111,11:05:07,42575.00,50,38750
20221111,11:05:13,42580.00,25,38750
20221111,11:05:15,42585.00,50,38750
20221111,11:05:20,42590.00,75,38750
20221111,11:06:13,42564.55,50,38800
20221111,11:06:21,42577.00,25,38800
20221111,11:06:29,42572.50,25,38800
20221111,11:07:13,42564.95,25,38800
20221111,11:08:01,42550.00,25,38800
20221111,11:09:00,42542.80,150,38850
20221111,11:09:24,42553.75,25,38850
20221111,11:09:44,42550.40,75,38850
20221111,11:11:35,42540.00,50,38850
20221111,11:13:19,42540.00,75,38925
20221111,11:13:57,42550.00,50,38925
20221111,11:14:22,42550.00,25,38925
20221111,11:15:31,42550.00,25,38950
20221111,11:15:44,42555.85,25,38950
20221111,11:15:58,42560.00,25,38950
20221111,11:16:14,42560.00,25,38950
20221111,11:17:01,42560.00,25,38950
20221111,11:17:27,42560.55,25,38950
20221111,11:17:35,42565.00,25,38950
20221111,11:17:40,42565.00,50,38975
20221111,11:18:27,42558.00,25,38975
20221111,11:18:41,42561.90,25,38975
20221111,11:19:04,42565.00,25,38975
20221111,11:19:24,42570.00,25,38975
20221111,11:19:37,42575.00,25,38975
20221111,11:19:45,42575.00,25,38975
20221111,11:20:26,42573.75,25,38975
20221111,11:23:57,42573.75,25,39075
20221111,11:27:01,42570.75,75,39100
20221111,11:27:34,42573.75,75,39100
20221111,11:28:19,42575.00,25,39100
20221111,11:28:26,42573.75,25,39100
20221111,11:28:46,42580.00,25,39100
20221111,11:28:55,42580.00,150,39100
20221111,11:29:12,42586.65,50,39100
20221111,11:29:32,42581.00,25,39100
20221111,11:29:59,42585.00,25,39400
20221111,11:30:09,42577.25,175,39400
20221111,11:32:19,42574.00,25,39400
20221111,11:33:15,42570.00,50,39300
20221111,11:33:33,42572.00,50,39300
20221111,11:33:46,42572.35,100,39300
20221111,11:33:57,42577.25,50,39300
20221111,11:33:59,42577.25,150,39300
20221111,11:34:02,42577.25,50,39300
20221111,11:34:03,42577.25,25,39300
20221111,11:34:08,42575.40,25,39300
20221111,11:34:18,42573.05,25,39300
20221111,11:35:37,42591.00,300,39300
20221111,11:35:42,42595.00,25,39250
20221111,11:35:44,42597.25,25,39250
20221111,11:36:21,42597.25,175,39250
20221111,11:36:22,42599.00,250,39250
20221111,11:36:35,42595.00,25,39250
20221111,11:36:40,42599.00,25,39250
20221111,11:37:58,42594.85,25,39250
20221111,11:39:50,42583.30,25,39475
20221111,11:39:56,42579.70,25,39475
20221111,11:40:06,42586.60,25,39475
20221111,11:40:07,42581.00,25,39475
20221111,11:41:02,42593.95,50,39475
20221111,11:42:22,42583.50,25,39475
20221111,11:43:12,42592.80,25,39525
20221111,11:45:37,42576.00,50,39525
20221111,11:46:17,42570.40,50,39575
20221111,11:47:02,42573.60,25,39575
20221111,11:47:16,42573.80,25,39575
20221111,11:48:34,42585.00,50,39575
20221111,11:49:38,42590.00,25,39575
20221111,11:49:46,42594.00,75,39575
20221111,11:49:48,42600.00,900,39575
20221111,11:49:51,42610.00,25,39575
20221111,11:49:53,42621.00,225,39575
20221111,11:50:01,42619.95,25,39575
20221111,11:50:06,42622.00,25,39575
20221111,11:50:13,42617.90,25,39575
20221111,11:50:36,42625.95,50,39575
20221111,11:50:38,42630.00,75,39575
20221111,11:50:40,42637.25,100,39575
20221111,11:50:41,42637.25,25,39575
20221111,11:50:46,42635.60,50,39800
20221111,11:50:50,42637.25,75,39800
20221111,11:51:05,42637.25,125,39800
20221111,11:51:21,42639.95,25,39800
20221111,11:51:49,42634.30,25,39800
20221111,11:52:06,42634.30,25,39800
20221111,11:52:20,42637.00,50,39800
20221111,11:52:22,42634.75,25,39800
20221111,11:52:35,42640.00,50,39800
20221111,11:52:48,42645.00,50,39800
20221111,11:52:51,42642.95,100,39800
20221111,11:52:59,42644.25,25,39800
20221111,11:53:14,42644.00,25,39800
20221111,11:53:16,42648.00,25,39800
20221111,11:53:19,42644.25,25,39800
20221111,11:53:21,42643.40,150,39800
20221111,11:53:30,42643.40,25,39800
20221111,11:53:42,42641.30,25,39800
20221111,11:53:43,42641.85,50,39800
20221111,11:53:59,42643.00,25,39800
20221111,11:54:01,42637.80,50,40000
20221111,11:54:04,42647.90,25,40000
20221111,11:54:26,42650.00,50,40000
20221111,11:54:29,42639.90,75,40000
20221111,11:54:54,42640.00,50,40000
20221111,11:54:59,42648.45,25,40000
20221111,11:55:02,42640.15,25,40000
20221111,11:55:15,42650.00,25,40000
20221111,11:55:24,42639.90,25,40000
20221111,11:55:30,42639.00,25,40000
20221111,11:55:38,42644.35,25,40000
20221111,11:56:05,42645.00,75,40000
20221111,11:56:08,42645.00,25,40000
20221111,11:56:17,42645.00,25,40000
20221111,11:56:20,42650.00,25,40000
20221111,11:56:21,42644.60,300,40000
20221111,11:56:29,42650.00,25,40000
20221111,11:56:31,42650.00,25,40000
20221111,11:56:32,42650.00,25,40000
20221111,11:56:34,42658.95,250,40000
20221111,11:56:37,42659.00,25,40000
20221111,11:56:40,42650.45,25,40000
20221111,11:56:56,42659.80,25,40825
20221111,11:56:58,42659.20,25,40825
20221111,11:57:17,42660.00,575,40825
20221111,11:57:27,42670.00,25,40825
20221111,11:57:41,42665.00,25,40825
20221111,11:57:46,42667.70,25,40825
20221111,11:58:35,42666.85,25,40825
20221111,11:58:37,42667.70,25,40825
20221111,11:59:04,42667.70,25,40825
20221111,11:59:06,42666.00,25,40825
20221111,11:59:17,42665.95,25,40825
20221111,11:59:25,42655.70,25,40825
20221111,11:59:29,42656.50,25,40825
20221111,11:59:32,42660.00,25,40825
20221111,11:59:34,42665.95,25,40825
20221111,11:59:44,42660.00,25,40825
20221111,11:59:49,42666.00,25,40825
20221111,12:00:06,42660.00,25,41425
20221111,12:00:17,42660.10,25,41425
20221111,12:00:20,42660.00,25,41425
20221111,12:00:21,42660.00,225,41425
20221111,12:00:23,42660.00,25,41425
20221111,12:00:32,42660.00,50,41425
20221111,12:00:40,42656.05,25,41425
20221111,12:00:48,42651.55,25,41425
20221111,12:00:54,42655.15,25,41425
20221111,12:01:16,42640.00,25,41425
20221111,12:01:24,42642.10,25,41425
20221111,12:01:30,42655.65,25,41425
20221111,12:02:49,42640.15,25,41675
20221111,12:02:51,42650.00,25,41675
20221111,12:03:14,42648.00,25,41675
20221111,12:03:39,42656.45,25,41675
20221111,12:03:55,42656.45,25,41675
20221111,12:04:01,42649.30,25,41675
20221111,12:04:02,42658.80,25,41675
20221111,12:04:11,42660.00,25,41675
20221111,12:04:26,42665.00,25,41675
20221111,12:04:43,42663.00,25,41675
20221111,12:04:59,42663.00,25,41675
20221111,12:05:23,42653.35,25,41675
20221111,12:05:34,42651.10,25,41675
20221111,12:05:48,42650.00,25,41675
20221111,12:06:12,42651.10,25,41800
20221111,12:06:18,42651.10,25,41800
20221111,12:06:20,42650.00,25,41800
20221111,12:06:21,42650.00,50,41800
20221111,12:06:35,42650.00,25,41800
20221111,12:06:37,42650.00,50,41800
20221111,12:06:42,42650.00,25,41800
20221111,12:06:48,42650.00,25,41800
20221111,12:07:05,42648.90,25,41800
20221111,12:07:23,42648.00,25,41800
20221111,12:07:44,42648.90,25,41800
20221111,12:07:47,42649.00,25,41800
20221111,12:09:10,42650.00,75,41850
20221111,12:09:27,42650.00,25,41850
20221111,12:09:31,42650.00,25,41850
20221111,12:09:41,42650.00,25,41850
20221111,12:10:25,42650.00,75,41850
20221111,12:11:29,42640.00,25,41850
20221111,12:11:47,42626.40,25,41850
20221111,12:11:58,42625.10,25,41875
20221111,12:12:06,42625.00,25,41875
20221111,12:12:10,42625.05,25,41875
20221111,12:12:12,42625.10,150,41875
20221111,12:12:29,42629.65,25,41875
20221111,12:12:51,42635.00,25,41875
20221111,12:13:19,42641.00,125,41875
20221111,12:13:36,42640.25,25,41875
20221111,12:14:02,42627.30,25,41875
20221111,12:14:05,42628.40,25,41875
20221111,12:14:19,42634.65,25,41875
20221111,12:15:01,42639.55,100,41975
20221111,12:15:50,42649.65,25,41975
20221111,12:15:51,42649.65,50,41975
20221111,12:15:53,42649.65,50,41975
20221111,12:15:58,42650.00,225,41975
20221111,12:16:51,42654.00,25,41975
20221111,12:16:53,42655.00,25,41975
20221111,12:16:58,42660.00,25,41975
20221111,12:17:08,42662.25,25,41975
20221111,12:17:32,42674.00,400,41975
20221111,12:17:34,42675.00,25,41975
20221111,12:17:37,42680.00,50,41975
20221111,12:17:42,42680.00,25,41975
20221111,12:17:44,42700.55,1775,41975
20221111,12:17:47,42701.00,50,41975
20221111,12:17:48,42703.00,25,41975
20221111,12:18:01,42703.00,25,42500
20221111,12:18:05,42718.00,75,42500
20221111,12:18:24,42718.00,25,42500
20221111,12:18:45,42718.00,200,42500
20221111,12:19:07,42718.00,25,42500
20221111,12:19:09,42722.00,75,42500
20221111,12:19:28,42730.00,100,42500
20221111,12:19:36,42724.15,50,42500
20221111,12:19:38,42730.00,200,42500
20221111,12:19:43,42735.00,50,42500
20221111,12:19:44,42735.00,150,42500
20221111,12:19:49,42734.00,25,42500
20221111,12:20:05,42746.10,125,42500
20221111,12:20:15,42739.95,25,42500
20221111,12:20:19,42732.90,25,42500
20221111,12:20:24,42720.05,100,42500
20221111,12:20:27,42723.50,25,42500
20221111,12:20:29,42734.85,25,42500
20221111,12:20:35,42723.90,50,42500
20221111,12:20:37,42735.00,50,42500
20221111,12:20:48,42722.50,25,42500
20221111,12:21:00,42722.00,25,42700
20221111,12:21:04,42723.35,25,42700
20221111,12:21:12,42727.15,50,42700
20221111,12:21:14,42726.05,25,42700
20221111,12:21:21,42725.15,50,42700
20221111,12:21:35,42720.00,50,42700
20221111,12:21:38,42724.50,25,42700
20221111,12:21:58,42709.90,25,42700
20221111,12:22:01,42699.45,50,42700
20221111,12:22:43,42716.50,25,42700
20221111,12:22:53,42716.45,25,42700
20221111,12:22:57,42716.50,25,42700
20221111,12:23:01,42716.85,100,42700
20221111,12:23:09,42716.50,25,42700
20221111,12:23:44,42716.50,25,42700
20221111,12:23:57,42720.00,25,42675
20221111,12:24:10,42725.00,25,42675
20221111,12:24:13,42736.00,325,42675
20221111,12:24:18,42736.00,25,42675
20221111,12:24:22,42736.00,25,42675
20221111,12:24:48,42726.90,25,42675
20221111,12:25:01,42745.95,75,42675
20221111,12:25:04,42746.00,100,42675
20221111,12:25:05,42750.00,350,42675
20221111,12:25:15,42750.15,75,42675
20221111,12:25:22,42750.15,50,42675
20221111,12:25:40,42745.05,75,42675
20221111,12:25:45,42750.00,25,42675
20221111,12:25:50,42751.10,50,42675
20221111,12:25:53,42764.30,25,42675
20221111,12:26:21,42764.30,25,42675
20221111,12:26:23,42752.50,50,42675
20221111,12:26:24,42743.35,100,42675
20221111,12:26:44,42741.60,100,42675
20221111,12:26:47,42744.20,225,42675
20221111,12:26:50,42750.00,25,42975
20221111,12:26:59,42755.00,25,42975
20221111,12:27:03,42749.90,100,42975
20221111,12:27:05,42744.80,75,42975
20221111,12:27:06,42750.00,25,42975
20221111,12:27:16,42750.00,50,42975
20221111,12:27:22,42746.15,100,42975
20221111,12:27:24,42755.90,125,42975
20221111,12:27:30,42745.00,25,42975
20221111,12:27:35,42744.65,125,42975
20221111,12:27:38,42734.80,100,42975
20221111,12:27:58,42740.00,25,42975
20221111,12:28:01,42738.55,100,42975
20221111,12:28:15,42728.85,100,42975
20221111,12:28:28,42735.00,200,42975
20221111,12:28:34,42736.20,100,42975
20221111,12:28:52,42742.85,100,42975
20221111,12:28:55,42755.55,100,42975
20221111,12:29:17,42740.00,25,42975
20221111,12:29:50,42750.00,25,42975
20221111,12:29:51,42750.90,75,42975
20221111,12:30:15,42750.90,25,43200
20221111,12:30:34,42750.90,25,43200
20221111,12:31:23,42742.85,25,43200
20221111,12:32:02,42749.60,25,43200
20221111,12:32:21,42742.85,25,43200
20221111,12:32:47,42745.40,25,43200
20221111,12:33:01,42740.00,25,43225
20221111,12:33:16,42738.35,50,43225
20221111,12:33:25,42741.20,25,43225
20221111,12:33:43,42747.90,25,43225
20221111,12:33:48,42750.00,25,43225
20221111,12:33:53,42767.00,75,43225
20221111,12:33:55,42772.10,50,43225
20221111,12:34:39,42772.10,100,43225
20221111,12:35:03,42755.75,25,43225
20221111,12:35:22,42749.30,25,43225
20221111,12:36:32,42746.00,50,43400
20221111,12:37:13,42745.00,50,43400
20221111,12:37:21,42742.20,50,43400
20221111,12:37:24,42746.00,75,43400
20221111,12:37:34,42755.00,25,43400
20221111,12:37:36,42753.00,25,43400
20221111,12:37:52,42750.00,25,43400
20221111,12:38:00,42748.55,75,43400
20221111,12:38:14,42750.00,25,43400
20221111,12:38:41,42762.55,25,43400
20221111,12:38:43,42753.65,25,43400
20221111,12:38:46,42760.00,25,43400
20221111,12:38:56,42763.65,125,43650
20221111,12:38:59,42760.00,50,43650
20221111,12:39:01,42757.75,100,43650
20221111,12:39:12,42756.60,50,43650
20221111,12:39:17,42753.15,25,43650
20221111,12:39:23,42762.25,25,43650
20221111,12:39:33,42764.55,125,43650
20221111,12:39:43,42769.00,75,43650
20221111,12:40:11,42757.15,200,43650
20221111,12:40:52,42748.60,25,43650
20221111,12:41:09,42756.35,25,43650
20221111,12:41:12,42759.25,75,43650
20221111,12:41:20,42757.15,75,43650
20221111,12:41:46,42757.90,75,43650
20221111,12:42:39,42748.95,25,44000
20221111,12:42:58,42755.00,25,44000
20221111,12:43:14,42752.60,25,44000
20221111,12:43:25,42754.00,25,44000
20221111,12:43:26,42753.35,25,44000
20221111,12:43:33,42753.15,25,44000
20221111,12:44:05,42753.15,25,44000
20221111,12:45:03,42749.00,25,43950
20221111,12:45:18,42748.55,150,43950
20221111,12:45:47,42740.60,25,43950
20221111,12:45:53,42740.55,50,43950
20221111,12:46:08,42743.15,25,43950
20221111,12:46:14,42737.25,25,43950
20221111,12:46:19,42739.45,25,43950
20221111,12:46:38,42737.75,25,43950
20221111,12:47:46,42739.50,25,43950
20221111,12:48:15,42739.50,25,43975
20221111,12:48:17,42739.45,50,43975
20221111,12:48:34,42725.65,300,43975
20221111,12:48:43,42726.90,50,43975
20221111,12:48:58,42724.60,75,43975
20221111,12:49:30,42720.00,25,43975
20221111,12:50:55,42749.00,125,43975
20221111,12:50:58,42750.00,50,43825
20221111,12:51:31,42750.00,25,43825
20221111,12:51:34,42751.95,50,43825
20221111,12:51:44,42752.00,50,43825
20221111,12:51:48,42752.45,50,43825
20221111,12:51:57,42762.45,75,43825
20221111,12:52:06,42768.00,25,43825
20221111,12:52:17,42768.95,25,43825
20221111,12:52:25,42760.00,50,43825
20221111,12:53:02,42748.90,25,43825
20221111,12:53:11,42747.35,50,43825
20221111,12:53:40,42727.65,25,43825
20221111,12:53:48,42719.00,25,43825
20221111,12:53:50,42715.45,25,43825
20221111,12:53:59,42706.15,25,44100
20221111,12:54:20,42700.15,50,44100
20221111,12:55:08,42700.00,50,44100
20221111,12:55:18,42687.00,50,44100
20221111,12:55:33,42684.10,25,44100
20221111,12:55:37,42680.00,50,44100
20221111,12:56:10,42690.00,150,44100
20221111,12:57:38,42685.00,25,44025
20221111,12:57:50,42685.00,50,44025
20221111,12:58:42,42710.40,25,44025
20221111,12:59:02,42684.00,25,44025
20221111,12:59:35,42675.00,25,44025
20221111,12:59:59,42670.00,25,44050
20221111,13:00:00,42670.00,50,44050
20221111,13:00:16,42667.45,100,44050
20221111,13:00:45,42674.95,25,44050
20221111,13:00:47,42674.90,25,44050
20221111,13:01:19,42654.65,25,44050
20221111,13:01:37,42650.00,200,44050
20221111,13:01:47,42640.00,25,44050
20221111,13:01:50,42628.40,25,44050
20221111,13:02:27,42624.00,25,44050
20221111,13:02:41,42617.70,25,44050
20221111,13:02:57,42624.45,25,44050
20221111,13:03:03,42622.60,25,44025
20221111,13:03:06,42623.45,25,44025
20221111,13:03:15,42625.00,50,44025
20221111,13:06:27,42648.60,25,44050
20221111,13:06:30,42637.50,25,44050
20221111,13:06:50,42650.00,25,44050
20221111,13:07:12,42650.00,25,44050
20221111,13:07:14,42660.00,25,44050
20221111,13:07:30,42662.90,25,44050
20221111,13:08:41,42690.35,25,44050
20221111,13:09:08,42690.35,25,44050
20221111,13:09:10,42692.05,25,44050
20221111,13:09:31,42715.00,25,44050
20221111,13:09:36,42718.60,50,44050
20221111,13:09:44,42710.40,25,44050
20221111,13:09:51,42710.40,25,44050
20221111,13:10:52,42715.00,25,44050
20221111,13:10:53,42715.00,25,44050
20221111,13:12:33,42694.00,25,44050
20221111,13:12:52,42700.00,25,44125
20221111,13:13:51,42694.00,25,44125
20221111,13:13:53,42683.40,100,44125
20221111,13:14:06,42682.00,25,44125
20221111,13:14:23,42680.00,50,44125
20221111,13:15:02,42668.35,100,44250
20221111,13:15:06,42662.90,50,44250
20221111,13:15:28,42666.00,75,44250
20221111,13:15:32,42666.00,25,44250
20221111,13:15:33,42667.40,50,44250
20221111,13:17:43,42672.40,50,44250
20221111,13:17:58,42678.50,25,44250
20221111,13:18:05,42678.45,25,44275
20221111,13:18:19,42687.00,25,44275
20221111,13:18:22,42687.00,25,44275
20221111,13:20:04,42680.00,25,44275
20221111,13:20:52,42680.00,25,44275
20221111,13:20:56,42680.00,50,44275
20221111,13:23:40,42683.20,75,44225
20221111,13:23:41,42671.55,25,44225
20221111,13:24:32,42671.55,25,44250
20221111,13:25:40,42667.00,25,44250
20221111,13:25:48,42667.00,25,44250
20221111,13:27:01,42650.00,100,44250
20221111,13:28:21,42646.00,100,44225
20221111,13:28:29,42647.40,25,44225
20221111,13:28:31,42644.95,25,44225
20221111,13:28:59,42637.25,25,44225
20221111,13:29:26,42637.25,25,44225
20221111,13:29:28,42630.00,50,44225
20221111,13:29:41,42630.00,25,44225
20221111,13:30:35,42630.00,25,44275
20221111,13:31:22,42628.35,500,44275
20221111,13:32:03,42639.35,25,44275
20221111,13:32:38,42625.00,75,44275
20221111,13:33:41,42641.10,50,44550
20221111,13:33:44,42635.05,25,44550
20221111,13:33:45,42644.80,50,44550
20221111,13:33:49,42645.00,50,44550
20221111,13:34:27,42645.00,25,44550
20221111,13:34:36,42645.00,25,44550
20221111,13:35:00,42650.00,25,44550
20221111,13:35:09,42663.10,25,44550
20221111,13:36:10,42645.00,25,44500
20221111,13:36:53,42630.00,25,44500
20221111,13:36:57,42625.00,25,44500
20221111,13:37:02,42620.00,75,44500
20221111,13:37:04,42615.00,25,44500
20221111,13:37:11,42607.75,25,44500
20221111,13:37:14,42615.00,25,44500
20221111,13:37:23,42615.00,25,44500
20221111,13:37:28,42620.00,25,44500
20221111,13:37:33,42619.00,25,44500
20221111,13:37:42,42620.75,100,44500
20221111,13:38:04,42620.00,25,44500
20221111,13:38:57,42622.30,25,44500
20221111,13:39:08,42627.00,25,44525
20221111,13:40:00,42637.00,75,44525
20221111,13:40:41,42645.35,25,44525
20221111,13:40:59,42643.70,25,44525
20221111,13:41:29,42620.00,25,44525
20221111,13:41:40,42610.30,25,44525
20221111,13:42:12,42624.15,50,44625
20221111,13:43:01,42622.05,25,44625
20221111,13:44:21,42630.00,25,44625
20221111,13:45:54,42630.00,25,44600
20221111,13:46:02,42630.00,25,44600
20221111,13:46:15,42629.00,25,44600
20221111,13:46:38,42640.00,50,44600
20221111,13:47:40,42630.00,25,44600
20221111,13:47:47,42630.00,175,44600
20221111,13:48:11,42619.80,50,44650
20221111,13:49:08,42617.00,25,44650
20221111,13:49:26,42616.75,50,44650
20221111,13:49:37,42617.00,25,44650
20221111,13:50:23,42608.00,25,44650
20221111,13:51:09,42599.00,375,44775
20221111,13:51:21,42588.70,25,44775
20221111,13:52:06,42592.75,25,44775
20221111,13:52:12,42583.85,25,44775
20221111,13:52:14,42588.70,25,44775
20221111,13:52:27,42587.95,75,44775
20221111,13:55:03,42600.00,75,44775
20221111,13:55:05,42595.00,50,44775
20221111,13:56:32,42611.15,25,44775
20221111,13:56:33,42612.05,25,44775
20221111,13:56:43,42615.95,25,44775
20221111,13:56:54,42611.00,50,44775
20221111,13:57:09,42611.00,25,44825
20221111,13:57:18,42611.00,25,44825
20221111,13:57:28,42616.00,25,44825
20221111,13:57:35,42619.25,200,44825
20221111,13:57:57,42619.25,25,44825
20221111,13:58:07,42630.00,25,44825
20221111,13:58:49,42650.00,50,44825
20221111,13:58:54,42660.00,25,44825
20221111,13:58:56,42660.10,25,44825
20221111,13:59:10,42660.00,50,44825
20221111,13:59:14,42650.25,25,44825
20221111,13:59:26,42660.00,25,44825
20221111,13:59:46,42659.00,25,44825
20221111,14:00:55,42675.00,25,45125
20221111,14:02:33,42640.05,100,45125
20221111,14:03:16,42630.00,50,45125
20221111,14:04:03,42621.30,75,45125
20221111,14:04:08,42634.10,25,45125
20221111,14:04:25,42616.85,25,45125
20221111,14:04:49,42625.00,25,45125
20221111,14:05:42,42632.00,25,45125
20221111,14:06:26,42625.00,100,45150
20221111,14:07:38,42625.00,25,45150
20221111,14:08:05,42625.20,25,45150
20221111,14:08:57,42632.10,25,45150
20221111,14:09:29,42633.15,25,45200
20221111,14:11:18,42644.20,100,45200
20221111,14:11:34,42644.55,25,45200
20221111,14:11:44,42644.50,250,45200
20221111,14:14:49,42650.00,25,45425
20221111,14:16:10,42675.00,25,45425
20221111,14:17:22,42675.00,50,45425
20221111,14:17:56,42675.05,25,45425
20221111,14:18:21,42675.05,25,45400
20221111,14:18:41,42684.10,25,45400
20221111,14:18:51,42677.55,25,45400
20221111,14:19:43,42675.05,25,45400
20221111,14:19:58,42675.05,25,45400
20221111,14:19:59,42675.00,125,45400
20221111,14:20:10,42675.00,25,45400
20221111,14:20:35,42675.00,25,45400
20221111,14:20:37,42673.30,25,45400
20221111,14:20:38,42673.30,25,45400
20221111,14:20:50,42665.85,25,45400
20221111,14:21:20,42665.80,25,45300
20221111,14:22:28,42675.00,25,45300
20221111,14:24:02,42687.80,25,45300
20221111,14:24:05,42688.35,75,45300
20221111,14:24:24,42689.25,25,45275
20221111,14:26:26,42689.25,100,45275
20221111,14:26:40,42690.00,25,45275
20221111,14:26:50,42693.90,25,45275
20221111,14:26:55,42700.00,300,45275
20221111,14:27:37,42694.60,25,45100
20221111,14:29:02,42674.60,50,45100
20221111,14:29:23,42677.30,25,45100
20221111,14:29:24,42670.00,25,45100
20221111,14:29:34,42665.80,25,45100
20221111,14:29:48,42643.00,25,45100
20221111,14:30:14,42625.00,25,45100
20221111,14:31:24,42632.85,25,45225
20221111,14:31:29,42632.85,25,45225
20221111,14:32:18,42632.85,25,45225
20221111,14:34:08,42664.40,50,45225
20221111,14:34:19,42661.95,25,45225
20221111,14:34:27,42666.95,25,45225
20221111,14:36:49,42687.50,25,45300
20221111,14:37:13,42694.80,25,45300
20221111,14:40:41,42699.00,75,45350
20221111,14:40:42,42700.00,125,45350
20221111,14:41:05,42700.05,25,45350
20221111,14:41:08,42711.90,50,45350
20221111,14:43:06,42700.00,25,45450
20221111,14:43:11,42697.25,25,45450
20221111,14:45:05,42692.95,25,45450
20221111,14:46:40,42675.50,25,45500
20221111,14:49:06,42685.00,25,45500
20221111,14:51:36,42679.85,25,45525
20221111,14:51:57,42650.00,25,45525
20221111,14:52:04,42645.75,25,45525
20221111,14:52:07,42650.55,225,45525
20221111,14:54:28,42670.00,25,45675
20221111,14:54:34,42672.05,25,45675
20221111,14:55:02,42672.00,25,45675
20221111,14:56:53,42665.00,25,45675
20221111,14:57:18,42660.00,25,45675
20221111,14:57:25,42653.10,75,45675
20221111,14:58:29,42660.00,25,45725
20221111,14:58:34,42660.00,25,45725
20221111,14:59:17,42650.00,25,45725
20221111,14:59:53,42654.50,50,45725
20221111,15:00:05,42664.00,250,45725
20221111,15:00:06,42674.90,25,45725
20221111,15:00:15,42650.00,25,45725
20221111,15:00:18,42637.85,25,45725
20221111,15:01:16,42678.15,25,45650
20221111,15:01:28,42675.00,25,45650
20221111,15:01:47,42675.00,25,45650
20221111,15:01:56,42680.25,25,45650
20221111,15:02:30,42657.30,50,45650
20221111,15:02:50,42660.75,25,45650
20221111,15:03:14,42665.55,50,45650
20221111,15:04:05,42673.25,250,45625
20221111,15:05:42,42658.50,25,45625
20221111,15:06:10,42660.05,50,45625
20221111,15:06:46,42660.00,25,45825
20221111,15:08:19,42663.90,100,45825
20221111,15:08:58,42663.95,75,45825
20221111,15:09:08,42663.85,25,45825
20221111,15:09:19,42664.00,25,45825
20221111,15:09:25,42663.85,50,45800
20221111,15:09:43,42663.85,25,45800
20221111,15:09:51,42662.00,25,45800
20221111,15:09:53,42652.35,50,45800
20221111,15:11:17,42655.00,25,45800
20221111,15:11:19,42655.00,50,45800
20221111,15:11:20,42655.00,325,45800
20221111,15:11:24,42650.00,25,45800
20221111,15:11:35,42639.90,25,45800
20221111,15:11:36,42632.85,25,45800
20221111,15:12:55,42640.00,25,45975
20221111,15:13:05,42635.00,25,45975
20221111,15:13:07,42636.95,25,45975
20221111,15:14:23,42643.45,25,45975
20221111,15:15:02,42636.15,25,45975
20221111,15:15:30,42635.75,50,46025
20221111,15:15:32,42635.00,125,46025
20221111,15:15:35,42632.85,150,46025
20221111,15:15:45,42630.65,25,46025
20221111,15:15:50,42625.00,25,46025
20221111,15:15:53,42630.25,300,46025
20221111,15:16:10,42623.00,25,46025
20221111,15:16:13,42620.00,50,46025
20221111,15:16:16,42623.00,300,46025
20221111,15:16:18,42620.00,275,46025
20221111,15:16:23,42619.00,25,46025
20221111,15:16:24,42616.90,25,46025
20221111,15:16:32,42613.00,50,46025
20221111,15:16:43,42613.00,250,46025
20221111,15:16:57,42613.00,25,46025
20221111,15:17:09,42622.55,50,46025
20221111,15:17:23,42623.95,25,46025
20221111,15:18:27,42625.00,150,46925
20221111,15:18:30,42625.00,100,46925
20221111,15:18:33,42621.60,25,46925
20221111,15:18:36,42620.00,25,46925
20221111,15:19:08,42617.90,25,46925
20221111,15:19:19,42625.00,25,46925
20221111,15:19:43,42626.25,25,46925
20221111,15:19:48,42626.45,25,46925
20221111,15:19:51,42626.20,25,46925
20221111,15:20:09,42626.20,25,46925
20221111,15:20:25,42625.00,25,46925
20221111,15:20:55,42620.00,75,46925
20221111,15:21:40,42640.00,75,47050
20221111,15:21:53,42650.00,50,47050
20221111,15:22:15,42657.25,100,47050
20221111,15:22:16,42650.00,100,47050
20221111,15:22:28,42656.95,25,47050
20221111,15:23:23,42659.35,25,47050
20221111,15:24:03,42658.00,25,47050
20221111,15:24:10,42660.00,25,47050
20221111,15:24:22,42659.80,25,47050
20221111,15:25:49,42653.00,25,47100
20221111,15:25:51,42653.00,25,47100
20221111,15:25:52,42653.00,50,47100
20221111,15:25:54,42653.00,50,47100
20221111,15:25:55,42653.00,100,47100
20221111,15:26:11,42657.95,25,47100
20221111,15:26:19,42653.00,25,47100
20221111,15:26:36,42660.00,25,47100
20221111,15:26:51,42660.00,25,47100
20221111,15:26:59,42659.05,25,47100
20221111,15:27:06,42653.00,25,47100
20221111,15:27:17,42653.00,175,47100
20221111,15:27:29,42658.05,25,47100
20221111,15:27:47,42657.95,25,47100
20221111,15:27:56,42657.85,25,47100
20221111,15:28:06,42655.00,25,47100
20221111,15:28:22,42650.20,25,47100
20221111,15:28:33,42650.00,125,47100
20221111,15:28:38,42650.00,25,47100
20221111,15:28:39,42650.00,50,47100
20221111,15:28:49,42650.00,25,47100
20221111,15:28:50,42650.00,100,47100
20221111,15:28:52,42650.00,50,47100
20221111,15:28:55,42650.00,25,47100
20221111,15:28:57,42649.00,175,47100
20221111,15:29:09,42640.00,25,47100
20221111,15:29:11,42640.00,25,47100
20221111,15:29:19,42637.00,25,47100
20221111,15:29:23,42637.00,75,47100
20221111,15:29:29,42640.00,25,47100
20221111,15:29:32,42640.00,25,47100
20221111,15:29:34,42636.20,325,47100
20221111,15:29:36,42640.00,50,47100
20221111,15:29:39,42640.00,25,47100
20221111,15:29:40,42640.00,25,47100
20221111,15:29:44,42640.00,100,47100
20221111,15:29:50,42640.00,25,47100
20221111,15:29:53,42637.65,25,47100
20221111,15:29:56,42640.00,75,47100
20221111,15:29:58,42636.35,25,47100
