20221111,09:15:00,42350.00,1,2278775
20221111,09:15:00,42205.00,1,2278775
20221111,09:15:00,42210.05,4575,2278775
20221111,09:15:00,42210.05,2150,2278775
20221111,09:15:01,42258.00,3775,2278775
20221111,09:15:02,42253.90,3250,2278775
20221111,09:15:03,42272.85,4650,2278775
20221111,09:15:04,42287.30,4800,2278775
20221111,09:15:05,42279.65,5275,2278775
20221111,09:15:07,42257.05,6775,2278775
20221111,09:15:07,42278.05,2225,2278775
20221111,09:15:08,42261.35,6525,2278775
20221111,09:15:09,42245.50,10775,2278775
20221111,09:15:11,42250.05,12600,2278775
20221111,09:15:11,42246.40,6100,2278775
20221111,09:15:12,42228.15,8200,2278775
20221111,09:15:13,42239.70,4550,2278775
20221111,09:15:14,42224.05,3600,2278775
20221111,09:15:16,42211.25,7725,2278775
20221111,09:15:16,42214.10,1575,2278775
20221111,09:15:17,42201.15,5900,2278775
20221111,09:15:18,42200.55,2750,2278775
20221111,09:15:19,42214.10,4400,2278775
20221111,09:15:21,42184.05,8850,2278775
20221111,09:15:21,42206.35,1100,2278775
20221111,09:15:22,42214.50,1725,2278775
20221111,09:15:23,42216.80,3950,2278775
20221111,09:15:24,42210.00,1675,2278775
20221111,09:15:26,42212.15,3275,2278775
20221111,09:15:26,42209.95,375,2278775
20221111,09:15:27,42209.95,2075,2278775
20221111,09:15:28,42212.60,1750,2278775
20221111,09:15:30,42210.55,3700,2278775
20221111,09:15:30,42222.50,600,2278775
20221111,09:15:31,42223.80,3500,2278775
20221111,09:15:32,42224.20,2225,2278775
20221111,09:15:33,42223.05,2950,2278775
20221111,09:15:35,42217.50,3775,2278775
20221111,09:15:35,42225.00,800,2278775
20221111,09:15:36,42214.70,3725,2278775
20221111,09:15:37,42218.75,5100,2278775
20221111,09:15:39,42214.50,6300,2278775
20221111,09:15:39,42224.95,1400,2278775
20221111,09:15:40,42220.50,2025,2278775
20221111,09:15:41,42223.05,2925,2278775
20221111,09:15:43,42220.00,750,2278775
20221111,09:15:44,42214.65,2275,2278775
20221111,09:15:44,42220.00,425,2278775
20221111,09:15:46,42221.00,1825,2278775
20221111,09:15:47,42221.00,1975,2278775
20221111,09:15:48,42216.00,2150,2278775
20221111,09:15:48,42219.50,625,2278775
20221111,09:15:50,42218.40,1025,2278775
20221111,09:15:51,42212.50,2450,2278775
20221111,09:15:52,42220.00,2175,2278775
20221111,09:15:52,42221.35,1350,2278775
20221111,09:15:54,42220.00,1050,2278775
20221111,09:15:55,42219.30,2575,2278775
20221111,09:15:56,42220.05,850,2278775
20221111,09:15:56,42222.00,500,2278775
20221111,09:15:58,42224.25,1700,2278775
20221111,09:15:59,42226.05,2875,2278775
20221111,09:16:00,42226.60,5175,2278775
20221111,09:16:00,42229.90,775,2278775
20221111,09:16:02,42232.30,3350,2278775
20221111,09:16:03,42231.15,625,2278775
20221111,09:16:04,42221.20,1700,2278775
20221111,09:16:04,42217.55,625,2278775
20221111,09:16:06,42225.05,1000,2278775
20221111,09:16:07,42231.10,1175,2278775
20221111,09:16:08,42236.50,5150,2278775
20221111,09:16:08,42233.30,950,2278775
20221111,09:16:10,42233.10,2450,2278775
20221111,09:16:11,42240.00,1075,2278775
20221111,09:16:12,42244.20,1775,2278775
20221111,09:16:12,42237.30,700,2278775
20221111,09:16:14,42241.50,3150,2278775
20221111,09:16:15,42232.35,425,2278775
20221111,09:16:16,42244.95,775,2278775
20221111,09:16:16,42245.90,2425,2278775
20221111,09:16:18,42250.00,2300,2278775
20221111,09:16:19,42245.65,1200,2278775
20221111,09:16:19,42254.25,2650,2278775
20221111,09:16:21,42249.95,4400,2278775
20221111,09:16:22,42249.80,2025,2278775
20221111,09:16:22,42256.25,1175,2278775
20221111,09:16:23,42258.45,1425,2278775
20221111,09:16:25,42263.30,2250,2278775
20221111,09:16:26,42258.35,2025,2278775
20221111,09:16:26,42258.25,1875,2278775
20221111,09:16:28,42254.15,3600,2278775
20221111,09:16:29,42259.95,1325,2278775
20221111,09:16:29,42256.30,600,2278775
20221111,09:16:30,42259.20,1775,2278775
20221111,09:16:32,42258.00,1500,2278775
20221111,09:16:33,42263.80,2225,2278775
20221111,09:16:33,42261.95,200,2278775
20221111,09:16:34,42252.20,1475,2278775
20221111,09:16:36,42249.85,825,2278775
20221111,09:16:37,42257.30,575,2278775
20221111,09:16:37,42250.00,375,2278775
20221111,09:16:38,42248.25,2775,2278775
20221111,09:16:40,42241.05,2025,2278775
20221111,09:16:41,42248.85,800,2278775
20221111,09:16:41,42251.90,2075,2278775
20221111,09:16:43,42240.15,3775,2278775
20221111,09:16:44,42248.85,1550,2278775
20221111,09:16:45,42240.00,1575,2278775
20221111,09:16:45,42245.25,275,2278775
20221111,09:16:47,42236.60,1125,2278775
20221111,09:16:48,42234.00,4150,2278775
20221111,09:16:49,42241.00,1600,2278775
20221111,09:16:49,42236.40,575,2278775
20221111,09:16:51,42222.70,1625,2278775
20221111,09:16:52,42229.20,775,2278775
20221111,09:16:53,42229.20,1650,2278775
20221111,09:16:53,42225.80,1125,2278775
20221111,09:16:54,42223.55,325,2278775
20221111,09:16:56,42225.55,275,2278775
20221111,09:16:57,42233.85,500,2278775
20221111,09:16:57,42235.00,175,2278775
20221111,09:16:58,42225.90,600,2278775
20221111,09:17:00,42222.70,600,2278775
20221111,09:17:01,42225.70,325,2278775
20221111,09:17:02,42223.20,425,2278775
20221111,09:17:02,42222.75,150,2278775
20221111,09:17:03,42225.05,1125,2278775
20221111,09:17:05,42225.90,325,2278775
20221111,09:17:06,42222.75,850,2278775
20221111,09:17:06,42220.00,125,2278775
20221111,09:17:07,42215.10,1375,2278775
20221111,09:17:09,42220.00,500,2278775
20221111,09:17:10,42211.65,3950,2278775
20221111,09:17:11,42217.00,325,2278775
20221111,09:17:11,42210.00,300,2278775
20221111,09:17:13,42213.00,450,2278775
20221111,09:17:14,42212.50,575,2278775
20221111,09:17:15,42203.95,1625,2278775
20221111,09:17:15,42210.00,125,2278775
20221111,09:17:17,42207.25,2675,2278775
20221111,09:17:18,42205.55,475,2278775
20221111,09:17:19,42200.10,1250,2278775
20221111,09:17:19,42200.05,225,2314950
20221111,09:17:21,42207.15,400,2314950
20221111,09:17:22,42213.35,1150,2314950
20221111,09:17:23,42211.85,450,2314950
20221111,09:17:23,42218.65,625,2314950
20221111,09:17:25,42220.00,800,2314950
20221111,09:17:26,42217.75,1025,2314950
20221111,09:17:27,42220.00,1200,2314950
20221111,09:17:27,42211.60,150,2314950
20221111,09:17:29,42210.00,1850,2314950
20221111,09:17:30,42220.00,300,2314950
20221111,09:17:30,42213.20,125,2314950
20221111,09:17:32,42214.00,1125,2314950
20221111,09:17:33,42221.10,1350,2314950
20221111,09:17:34,42221.10,1000,2314950
20221111,09:17:34,42222.00,400,2314950
20221111,09:17:36,42221.15,925,2314950
20221111,09:17:37,42225.05,675,2314950
20221111,09:17:37,42221.35,200,2314950
20221111,09:17:39,42221.10,225,2314950
20221111,09:17:40,42221.75,450,2314950
20221111,09:17:41,42220.00,225,2314950
20221111,09:17:41,42219.05,50,2314950
20221111,09:17:43,42222.25,100,2314950
20221111,09:17:44,42218.75,775,2314950
20221111,09:17:44,42219.05,600,2314950
20221111,09:17:45,42221.05,1100,2314950
20221111,09:17:47,42216.50,475,2314950
20221111,09:17:48,42216.50,275,2314950
20221111,09:17:48,42220.55,75,2314950
20221111,09:17:50,42220.55,375,2314950
20221111,09:17:51,42220.00,200,2314950
20221111,09:17:51,42219.15,125,2314950
20221111,09:17:53,42216.55,150,2314950
20221111,09:17:54,42219.00,250,2314950
20221111,09:17:55,42221.15,1075,2314950
20221111,09:17:56,42222.50,150,2314950
20221111,09:17:57,42220.85,1725,2314950
20221111,09:17:58,42226.05,1650,2314950
20221111,09:17:59,42224.90,1150,2314950
20221111,09:18:00,42221.15,800,2314950
20221111,09:18:01,42216.00,1525,2314950
20221111,09:18:02,42218.75,1025,2314950
20221111,09:18:03,42224.10,325,2314950
20221111,09:18:04,42217.55,675,2314950
20221111,09:18:05,42221.75,1175,2314950
20221111,09:18:06,42217.45,1225,2314950
20221111,09:18:07,42216.00,225,2314950
20221111,09:18:08,42221.85,1175,2314950
20221111,09:18:09,42216.90,1025,2314950
20221111,09:18:10,42221.00,125,2314950
20221111,09:18:11,42220.00,75,2314950
20221111,09:18:12,42220.00,125,2314950
20221111,09:18:13,42221.65,1600,2314950
20221111,09:18:14,42216.05,125,2314950
20221111,09:18:15,42218.10,600,2314950
20221111,09:18:16,42217.80,775,2314950
20221111,09:18:17,42218.60,700,2314950
20221111,09:18:18,42218.65,100,2314950
20221111,09:18:19,42210.00,1675,2314950
20221111,09:18:20,42208.00,500,2314950
20221111,09:18:21,42203.95,325,2314950
20221111,09:18:22,42208.10,75,2314950
20221111,09:18:23,42208.10,200,2314950
20221111,09:18:24,42208.05,775,2314950
20221111,09:18:25,42208.05,1200,2314950
20221111,09:18:26,42208.05,1125,2314950
20221111,09:18:27,42210.15,150,2314950
20221111,09:18:28,42208.00,2425,2314950
20221111,09:18:29,42205.85,475,2314950
20221111,09:18:30,42200.05,200,2314950
20221111,09:18:31,42191.80,1825,2314950
20221111,09:18:32,42192.55,1150,2314950
20221111,09:18:33,42198.10,250,2314950
20221111,09:18:34,42206.35,450,2314950
20221111,09:18:35,42208.20,2650,2314950
20221111,09:18:36,42212.35,350,2314950
20221111,09:18:37,42214.05,975,2314950
20221111,09:18:38,42212.95,200,2314950
20221111,09:18:39,42213.10,1250,2314950
20221111,09:18:40,42213.15,275,2314950
20221111,09:18:41,42213.10,425,2314950
20221111,09:18:42,42215.25,575,2314950
20221111,09:18:43,42213.15,75,2314950
20221111,09:18:44,42214.45,125,2314950
20221111,09:18:45,42216.05,700,2314950
20221111,09:18:46,42214.15,600,2314950
20221111,09:18:47,42210.25,100,2314950
20221111,09:18:48,42217.10,475,2314950
20221111,09:18:49,42211.25,225,2314950
20221111,09:18:50,42210.00,375,2314950
20221111,09:18:51,42210.00,400,2314950
20221111,09:18:52,42206.90,450,2314950
20221111,09:18:53,42201.05,500,2314950
20221111,09:18:54,42211.00,625,2314950
20221111,09:18:55,42207.80,150,2314950
20221111,09:18:56,42211.65,650,2314950
20221111,09:18:57,42206.90,475,2314950
20221111,09:18:58,42203.55,100,2314950
20221111,09:18:59,42202.00,225,2314950
20221111,09:19:00,42206.90,475,2314950
20221111,09:19:01,42206.80,850,2314950
20221111,09:19:02,42206.90,825,2314950
20221111,09:19:03,42205.00,275,2314950
20221111,09:19:04,42200.65,550,2314950
20221111,09:19:05,42209.95,600,2314950
20221111,09:19:06,42205.85,100,2314950
20221111,09:19:07,42207.05,225,2314950
20221111,09:19:08,42205.95,325,2314950
20221111,09:19:09,42207.10,500,2314950
20221111,09:19:10,42209.70,1200,2314950
20221111,09:19:11,42200.05,100,2314950
20221111,09:19:12,42200.05,175,2314950
20221111,09:19:13,42204.25,175,2314950
20221111,09:19:14,42204.25,225,2314950
20221111,09:19:15,42201.00,1775,2314950
20221111,09:19:16,42196.10,275,2314950
20221111,09:19:17,42200.00,1925,2314950
20221111,09:19:18,42195.10,75,2314950
20221111,09:19:19,42192.50,550,2314950
20221111,09:19:20,42196.45,425,2314950
20221111,09:19:21,42200.00,475,2314950
20221111,09:19:22,42203.20,1050,2314950
20221111,09:19:23,42200.00,950,2314950
20221111,09:19:24,42209.65,750,2314950
20221111,09:19:25,42204.35,200,2314950
20221111,09:19:26,42201.85,625,2314950
20221111,09:19:27,42206.45,225,2314950
20221111,09:19:28,42205.15,925,2314950
20221111,09:19:29,42204.55,150,2314950
20221111,09:19:30,42204.55,150,2314950
20221111,09:19:31,42203.75,325,2314950
20221111,09:19:32,42204.55,450,2314950
20221111,09:19:33,42200.00,25,2314950
20221111,09:19:34,42205.95,1125,2314950
20221111,09:19:35,42205.90,550,2314950
20221111,09:19:36,42211.30,350,2314950
20221111,09:19:37,42205.70,1050,2314950
20221111,09:19:38,42204.10,1050,2314950
20221111,09:19:39,42210.90,475,2314950
20221111,09:19:40,42209.20,1250,2314950
20221111,09:19:41,42210.30,275,2314950
20221111,09:19:42,42209.30,325,2314950
20221111,09:19:43,42206.10,400,2314950
20221111,09:19:44,42207.65,475,2314950
20221111,09:19:45,42208.20,150,2314950
20221111,09:19:46,42210.05,1225,2314950
20221111,09:19:47,42211.60,150,2314950
20221111,09:19:48,42206.40,1250,2314950
20221111,09:19:49,42208.50,600,2314950
20221111,09:19:50,42207.20,150,2314950
20221111,09:19:51,42202.35,400,2314950
20221111,09:19:52,42206.70,50,2314950
20221111,09:19:53,42211.65,250,2314950
20221111,09:19:54,42205.40,25,2314950
20221111,09:19:55,42209.40,50,2314950
20221111,09:19:56,42205.00,475,2314950
20221111,09:19:57,42206.30,350,2314950
20221111,09:19:58,42210.20,375,2314950
20221111,09:19:59,42206.35,425,2314950
20221111,09:20:00,42215.00,650,2314950
20221111,09:20:01,42210.40,375,2314950
20221111,09:20:02,42211.85,800,2314950
20221111,09:20:03,42214.90,550,2314950
20221111,09:20:04,42214.00,900,2314950
20221111,09:20:05,42219.00,700,2314950
20221111,09:20:06,42214.75,275,2314950
20221111,09:20:07,42221.05,625,2314950
20221111,09:20:08,42219.50,25,2314950
20221111,09:20:09,42215.40,575,2314950
20221111,09:20:10,42218.40,575,2314950
20221111,09:20:11,42218.15,300,2314950
20221111,09:20:12,42219.80,425,2314950
20221111,09:20:13,42225.00,700,2314950
20221111,09:20:14,42221.65,725,2314950
20221111,09:20:16,42229.30,825,2314950
20221111,09:20:17,42224.00,1875,2314950
20221111,09:20:19,42224.60,300,2314950
20221111,09:20:21,42228.55,375,2315250
20221111,09:20:22,42233.95,875,2315250
20221111,09:20:24,42230.00,650,2315250
20221111,09:20:25,42234.95,650,2315250
20221111,09:20:27,42233.05,750,2315250
20221111,09:20:29,42240.00,400,2315250
20221111,09:20:30,42237.30,150,2315250
20221111,09:20:32,42236.70,1375,2315250
20221111,09:20:33,42238.15,450,2315250
20221111,09:20:35,42235.00,425,2315250
20221111,09:20:37,42241.90,1225,2315250
20221111,09:20:38,42238.20,700,2315250
20221111,09:20:40,42242.10,425,2315250
20221111,09:20:41,42235.10,475,2315250
20221111,09:20:43,42242.05,325,2315250
20221111,09:20:44,42240.00,500,2315250
20221111,09:20:46,42242.00,400,2315250
20221111,09:20:48,42235.35,500,2315250
20221111,09:20:49,42244.80,600,2315250
20221111,09:20:51,42235.30,425,2315250
20221111,09:20:52,42240.70,375,2315250
20221111,09:20:54,42244.85,1675,2315250
20221111,09:20:55,42247.50,200,2315250
20221111,09:20:57,42248.30,350,2315250
20221111,09:20:59,42248.30,425,2315250
20221111,09:21:00,42245.55,325,2315250
20221111,09:21:02,42244.95,275,2315250
20221111,09:21:04,42243.30,1975,2315250
20221111,09:21:05,42240.00,375,2315250
20221111,09:21:07,42235.25,1050,2315250
20221111,09:21:09,42241.40,300,2315250
20221111,09:21:10,42247.35,1150,2315250
20221111,09:21:12,42244.00,275,2315250
20221111,09:21:13,42243.50,350,2315250
20221111,09:21:15,42244.75,275,2315250
20221111,09:21:17,42235.80,1300,2315250
20221111,09:21:18,42240.25,625,2315250
20221111,09:21:20,42235.00,375,2315250
20221111,09:21:22,42231.30,300,2315250
20221111,09:21:23,42237.20,1400,2315250
20221111,09:21:25,42232.15,350,2315250
20221111,09:21:27,42227.80,450,2315250
20221111,09:21:28,42227.95,400,2315250
20221111,09:21:30,42220.60,525,2315250
20221111,09:21:32,42216.20,475,2315250
20221111,09:21:33,42223.35,525,2315250
20221111,09:21:35,42224.70,350,2315250
20221111,09:21:37,42218.00,375,2315250
20221111,09:21:38,42223.35,200,2315250
20221111,09:21:40,42218.25,300,2315250
20221111,09:21:41,42217.55,325,2315250
20221111,09:21:43,42220.75,1400,2315250
20221111,09:21:45,42220.75,2000,2315250
20221111,09:21:46,42221.60,250,2315250
20221111,09:21:48,42220.00,325,2315250
20221111,09:21:49,42224.25,225,2315250
20221111,09:21:51,42222.65,1100,2315250
20221111,09:21:53,42220.00,400,2315250
20221111,09:21:54,42222.00,325,2315250
20221111,09:21:56,42224.00,575,2315250
20221111,09:21:57,42224.15,1100,2315250
20221111,09:21:59,42221.90,825,2315250
20221111,09:22:01,42215.00,675,2315250
20221111,09:22:02,42212.15,250,2315250
20221111,09:22:04,42216.40,775,2315250
20221111,09:22:05,42209.90,1125,2315250
20221111,09:22:07,42206.30,650,2315250
20221111,09:22:09,42206.55,975,2315250
20221111,09:22:10,42208.10,375,2315250
20221111,09:22:12,42204.30,125,2315250
20221111,09:22:14,42204.55,900,2315250
20221111,09:22:15,42201.45,200,2315250
20221111,09:22:17,42203.10,1025,2315250
20221111,09:22:19,42200.00,325,2315250
20221111,09:22:20,42199.30,125,2315250
20221111,09:22:22,42201.10,850,2315250
20221111,09:22:24,42200.00,225,2315250
20221111,09:22:25,42197.35,275,2315250
20221111,09:22:27,42190.45,850,2315250
20221111,09:22:28,42191.45,200,2315250
20221111,09:22:30,42190.30,125,2315250
20221111,09:22:32,42191.00,275,2315250
20221111,09:22:33,42190.30,700,2315250
20221111,09:22:35,42190.00,1050,2315250
20221111,09:22:37,42197.40,2000,2315250
20221111,09:22:38,42198.50,800,2315250
20221111,09:22:40,42191.40,1000,2315250
20221111,09:22:42,42196.20,1050,2315250
20221111,09:22:43,42200.00,600,2315250
20221111,09:22:45,42196.80,325,2315250
20221111,09:22:46,42198.20,1275,2315250
20221111,09:22:48,42200.00,425,2315250
20221111,09:22:50,42196.20,550,2315250
20221111,09:22:51,42197.20,1650,2315250
20221111,09:22:53,42197.55,250,2315250
20221111,09:22:55,42192.05,550,2315250
20221111,09:22:56,42196.20,125,2315250
20221111,09:22:58,42200.00,250,2315250
20221111,09:23:00,42200.00,2625,2315250
20221111,09:23:01,42197.80,375,2315250
20221111,09:23:03,42199.80,275,2315250
20221111,09:23:04,42195.60,200,2315250
20221111,09:23:06,42195.50,375,2315250
20221111,09:23:08,42196.80,225,2315250
20221111,09:23:09,42196.45,950,2315250
20221111,09:23:11,42195.55,500,2315250
20221111,09:23:13,42194.40,825,2315250
20221111,09:23:14,42190.00,250,2315250
20221111,09:23:16,42195.50,650,2315250
20221111,09:23:17,42194.40,650,2315250
20221111,09:23:19,42192.95,600,2315250
20221111,09:23:21,42192.10,1175,2329950
20221111,09:23:22,42193.35,1450,2329950
20221111,09:23:24,42200.00,500,2329950
20221111,09:23:26,42194.95,200,2329950
20221111,09:23:27,42193.95,400,2329950
20221111,09:23:29,42199.20,500,2329950
20221111,09:23:30,42204.95,4350,2329950
20221111,09:23:32,42207.00,450,2329950
20221111,09:23:34,42208.00,325,2329950
20221111,09:23:35,42204.95,575,2329950
20221111,09:23:37,42204.95,1325,2329950
20221111,09:23:39,42204.80,650,2329950
20221111,09:23:40,42200.60,200,2329950
20221111,09:23:42,42206.20,450,2329950
20221111,09:23:44,42209.65,150,2329950
20221111,09:23:45,42200.80,175,2329950
20221111,09:23:47,42199.00,100,2329950
20221111,09:23:49,42199.80,700,2329950
20221111,09:23:50,42200.00,175,2329950
20221111,09:23:52,42196.20,725,2329950
20221111,09:23:53,42195.00,125,2329950
20221111,09:23:55,42196.80,975,2329950
20221111,09:23:57,42192.00,500,2329950
20221111,09:23:58,42195.05,175,2329950
20221111,09:24:00,42196.15,600,2329950
20221111,09:24:02,42204.80,425,2329950
20221111,09:24:03,42205.45,650,2329950
20221111,09:24:05,42206.50,675,2329950
20221111,09:24:07,42211.05,4025,2329950
20221111,09:24:08,42210.15,300,2329950
20221111,09:24:10,42210.15,125,2329950
20221111,09:24:12,42201.70,1050,2329950
20221111,09:24:13,42206.30,275,2329950
20221111,09:24:15,42206.30,375,2329950
20221111,09:24:16,42203.15,50,2329950
20221111,09:24:18,42203.15,75,2329950
20221111,09:24:20,42206.45,1025,2329950
20221111,09:24:21,42202.05,175,2329950
20221111,09:24:23,42202.05,175,2329950
20221111,09:24:25,42210.00,275,2329950
20221111,09:24:26,42210.00,75,2329950
20221111,09:24:28,42208.55,300,2329950
20221111,09:24:30,42202.60,375,2329950
20221111,09:24:31,42202.15,225,2329950
20221111,09:24:33,42202.60,225,2329950
20221111,09:24:35,42208.30,525,2329950
20221111,09:24:36,42207.45,225,2329950
20221111,09:24:38,42202.55,100,2329950
20221111,09:24:40,42207.45,75,2329950
20221111,09:24:41,42210.00,250,2329950
20221111,09:24:43,42210.00,650,2329950
20221111,09:24:45,42211.60,100,2329950
20221111,09:24:46,42202.05,450,2329950
20221111,09:24:48,42210.00,650,2329950
20221111,09:24:50,42208.35,225,2329950
20221111,09:24:51,42212.00,625,2329950
20221111,09:24:53,42211.30,1050,2329950
20221111,09:24:55,42208.35,100,2329950
20221111,09:24:56,42206.25,800,2329950
20221111,09:24:58,42208.45,400,2329950
20221111,09:25:00,42211.60,525,2329950
20221111,09:25:01,42204.50,875,2329950
20221111,09:25:03,42212.00,450,2329950
20221111,09:25:05,42205.95,750,2329950
20221111,09:25:06,42213.50,850,2329950
20221111,09:25:08,42210.80,475,2329950
20221111,09:25:10,42212.85,725,2329950
20221111,09:25:11,42207.90,500,2329950
20221111,09:25:13,42215.00,400,2329950
20221111,09:25:14,42205.80,1300,2329950
20221111,09:25:16,42205.40,425,2329950
20221111,09:25:18,42211.20,275,2329950
20221111,09:25:19,42215.00,325,2329950
20221111,09:25:21,42213.95,875,2329950
20221111,09:25:23,42210.85,625,2329950
20221111,09:25:24,42209.55,325,2329950
20221111,09:25:26,42209.80,150,2329950
20221111,09:25:28,42207.05,350,2329950
20221111,09:25:29,42203.55,675,2329950
20221111,09:25:31,42205.00,175,2329950
20221111,09:25:32,42210.05,2500,2329950
20221111,09:25:34,42210.75,450,2329950
20221111,09:25:36,42212.35,1925,2329950
20221111,09:25:37,42214.80,125,2329950
20221111,09:25:39,42209.70,175,2329950
20221111,09:25:41,42203.55,1075,2329950
20221111,09:25:42,42201.75,250,2329950
20221111,09:25:44,42201.60,525,2329950
20221111,09:25:46,42200.00,1200,2329950
20221111,09:25:47,42205.40,250,2329950
20221111,09:25:49,42206.60,850,2329950
20221111,09:25:51,42211.25,1700,2329950
20221111,09:25:52,42202.15,425,2329950
20221111,09:25:54,42205.00,150,2329950
20221111,09:25:55,42206.15,225,2329950
20221111,09:25:57,42206.15,400,2329950
20221111,09:25:59,42202.15,1050,2329950
20221111,09:26:00,42200.00,275,2329950
20221111,09:26:02,42203.40,375,2329950
20221111,09:26:04,42205.85,275,2329950
20221111,09:26:05,42206.15,50,2329950
20221111,09:26:07,42206.35,325,2329950
20221111,09:26:08,42210.00,525,2329950
20221111,09:26:10,42208.40,375,2329950
20221111,09:26:11,42214.60,200,2329950
20221111,09:26:13,42214.80,800,2329950
20221111,09:26:14,42215.00,2750,2329950
20221111,09:26:16,42205.00,700,2329950
20221111,09:26:18,42214.05,50,2329950
20221111,09:26:19,42201.15,700,2329950
20221111,09:26:21,42207.45,200,2341575
20221111,09:26:23,42205.70,225,2341575
20221111,09:26:24,42210.00,750,2341575
20221111,09:26:26,42215.00,400,2341575
20221111,09:26:27,42209.05,300,2341575
20221111,09:26:29,42208.85,150,2341575
20221111,09:26:31,42208.85,75,2341575
20221111,09:26:32,42214.85,275,2341575
20221111,09:26:34,42213.10,600,2341575
20221111,09:26:35,42215.70,3450,2341575
20221111,09:26:37,42213.25,600,2341575
20221111,09:26:39,42214.80,200,2341575
20221111,09:26:40,42218.95,325,2341575
20221111,09:26:42,42209.25,225,2341575
20221111,09:26:44,42200.00,400,2341575
20221111,09:26:45,42204.00,650,2341575
20221111,09:26:47,42199.60,125,2341575
20221111,09:26:49,42206.55,200,2341575
20221111,09:26:50,42200.40,250,2341575
20221111,09:26:52,42206.55,500,2341575
20221111,09:26:54,42203.50,75,2341575
20221111,09:26:55,42200.95,625,2341575
20221111,09:26:57,42203.70,75,2341575
20221111,09:26:58,42203.25,275,2341575
20221111,09:27:00,42203.45,2975,2341575
20221111,09:27:02,42209.15,600,2341575
20221111,09:27:03,42202.75,625,2341575
20221111,09:27:05,42205.55,1200,2341575
20221111,09:27:07,42206.05,275,2341575
20221111,09:27:08,42206.50,200,2341575
20221111,09:27:10,42200.00,200,2341575
20221111,09:27:12,42201.00,550,2341575
20221111,09:27:13,42195.00,275,2341575
20221111,09:27:15,42191.45,325,2341575
20221111,09:27:16,42195.80,1025,2341575
20221111,09:27:18,42198.65,975,2341575
20221111,09:27:20,42194.30,425,2341575
20221111,09:27:21,42200.15,150,2341575
20221111,09:27:23,42202.15,125,2341575
20221111,09:27:25,42202.00,150,2341575
20221111,09:27:26,42203.90,850,2341575
20221111,09:27:28,42201.70,200,2341575
20221111,09:27:30,42199.90,150,2341575
20221111,09:27:31,42192.25,575,2341575
20221111,09:27:33,42191.85,1600,2341575
20221111,09:27:35,42195.60,1650,2341575
20221111,09:27:36,42197.15,700,2341575
20221111,09:27:38,42196.20,75,2341575
20221111,09:27:40,42199.00,200,2341575
20221111,09:27:41,42200.65,100,2341575
20221111,09:27:43,42201.00,175,2341575
20221111,09:27:45,42195.70,150,2341575
20221111,09:27:46,42201.15,325,2341575
20221111,09:27:48,42204.95,775,2341575
20221111,09:27:49,42196.65,100,2341575
20221111,09:27:51,42198.45,1325,2341575
20221111,09:27:53,42200.10,1950,2341575
20221111,09:27:54,42204.35,650,2341575
20221111,09:27:56,42204.80,175,2341575
20221111,09:27:58,42205.15,200,2341575
20221111,09:27:59,42195.00,250,2341575
20221111,09:28:01,42195.00,500,2341575
20221111,09:28:02,42194.05,975,2341575
20221111,09:28:04,42198.40,1400,2341575
20221111,09:28:06,42201.30,75,2341575
20221111,09:28:07,42201.30,325,2341575
20221111,09:28:09,42203.60,475,2341575
20221111,09:28:11,42197.00,2175,2341575
20221111,09:28:12,42202.70,350,2341575
20221111,09:28:14,42197.60,75,2341575
20221111,09:28:16,42204.15,600,2341575
20221111,09:28:17,42197.60,400,2341575
20221111,09:28:19,42204.40,525,2341575
20221111,09:28:20,42202.70,100,2341575
20221111,09:28:22,42203.10,250,2341575
20221111,09:28:24,42203.45,50,2341575
20221111,09:28:25,42197.60,225,2341575
20221111,09:28:27,42203.75,350,2341575
20221111,09:28:29,42200.05,700,2341575
20221111,09:28:30,42200.35,425,2341575
20221111,09:28:32,42200.55,900,2341575
20221111,09:28:33,42199.15,600,2341575
20221111,09:28:35,42193.65,275,2341575
20221111,09:28:37,42196.55,300,2341575
20221111,09:28:38,42191.00,175,2341575
20221111,09:28:40,42199.25,250,2341575
20221111,09:28:42,42195.05,1925,2341575
20221111,09:28:43,42190.80,100,2341575
20221111,09:28:45,42191.80,950,2341575
20221111,09:28:46,42197.50,275,2341575
20221111,09:28:48,42195.20,225,2341575
20221111,09:28:50,42198.55,125,2341575
20221111,09:28:51,42190.80,200,2341575
20221111,09:28:53,42196.65,400,2341575
20221111,09:28:54,42189.65,100,2341575
20221111,09:28:56,42190.00,225,2341575
20221111,09:28:58,42193.30,175,2341575
20221111,09:28:59,42192.35,1150,2341575
20221111,09:29:01,42187.15,650,2341575
20221111,09:29:03,42175.15,12450,2341575
20221111,09:29:04,42175.00,1125,2341575
20221111,09:29:06,42182.10,1325,2341575
20221111,09:29:08,42176.45,1850,2341575
20221111,09:29:09,42180.05,300,2341575
20221111,09:29:11,42171.90,875,2341575
20221111,09:29:13,42176.60,625,2341575
20221111,09:29:14,42176.60,1350,2341575
20221111,09:29:16,42180.25,275,2341575
20221111,09:29:17,42179.10,300,2341575
20221111,09:29:19,42177.35,425,2341575
20221111,09:29:21,42178.80,175,2349275
20221111,09:29:22,42180.00,175,2349275
20221111,09:29:24,42185.00,650,2349275
20221111,09:29:26,42185.15,375,2349275
20221111,09:29:27,42188.35,200,2349275
20221111,09:29:29,42188.50,275,2349275
20221111,09:29:31,42181.15,275,2349275
20221111,09:29:32,42183.00,175,2349275
20221111,09:29:34,42177.90,125,2349275
20221111,09:29:36,42180.05,100,2349275
20221111,09:29:37,42179.00,175,2349275
20221111,09:29:39,42185.00,1000,2349275
20221111,09:29:41,42178.10,700,2349275
20221111,09:29:42,42179.50,300,2349275
20221111,09:29:44,42183.20,275,2349275
20221111,09:29:45,42183.20,525,2349275
20221111,09:29:47,42180.70,350,2349275
20221111,09:29:49,42186.60,1400,2349275
20221111,09:29:50,42188.65,800,2349275
20221111,09:29:52,42190.00,550,2349275
20221111,09:29:54,42189.80,275,2349275
20221111,09:29:55,42184.10,150,2349275
20221111,09:29:57,42184.60,1075,2349275
20221111,09:29:58,42176.65,200,2349275
20221111,09:30:00,42185.00,300,2349275
20221111,09:30:02,42180.00,500,2349275
20221111,09:30:03,42176.65,700,2349275
20221111,09:30:05,42186.45,900,2349275
20221111,09:30:06,42187.50,725,2349275
20221111,09:30:08,42185.90,325,2349275
20221111,09:30:10,42185.40,650,2349275
20221111,09:30:11,42181.05,825,2349275
20221111,09:30:13,42186.65,75,2349275
20221111,09:30:14,42180.45,675,2349275
20221111,09:30:16,42185.85,1050,2349275
20221111,09:30:18,42185.80,225,2349275
20221111,09:30:19,42186.00,675,2349275
20221111,09:30:21,42190.00,425,2349275
20221111,09:30:22,42190.00,425,2349275
20221111,09:30:24,42188.35,300,2349275
20221111,09:30:26,42184.35,375,2349275
20221111,09:30:27,42189.95,650,2349275
20221111,09:30:29,42190.00,450,2349275
20221111,09:30:31,42190.00,1225,2349275
20221111,09:30:32,42190.00,1775,2349275
20221111,09:30:34,42190.00,175,2349275
20221111,09:30:35,42190.15,375,2349275
20221111,09:30:37,42193.90,350,2349275
20221111,09:30:38,42200.00,1200,2349275
20221111,09:30:40,42197.85,1225,2349275
20221111,09:30:42,42200.00,1975,2349275
20221111,09:30:43,42200.05,2850,2349275
20221111,09:30:45,42197.90,1150,2349275
20221111,09:30:47,42203.10,650,2349275
20221111,09:30:48,42207.15,200,2349275
20221111,09:30:50,42202.40,450,2349275
20221111,09:30:52,42206.70,150,2349275
20221111,09:30:53,42208.00,100,2349275
20221111,09:30:55,42208.70,350,2349275
20221111,09:30:57,42211.50,700,2349275
20221111,09:30:58,42211.05,575,2349275
20221111,09:31:00,42217.00,425,2349275
20221111,09:31:01,42210.00,975,2349275
20221111,09:31:03,42216.65,725,2349275
20221111,09:31:05,42212.95,275,2349275
20221111,09:31:06,42213.90,75,2349275
20221111,09:31:08,42215.00,475,2349275
20221111,09:31:10,42220.00,700,2349275
20221111,09:31:12,42221.15,1300,2349275
20221111,09:31:13,42228.00,1050,2349275
20221111,09:31:15,42229.85,1125,2349275
20221111,09:31:17,42232.95,600,2349275
20221111,09:31:18,42240.00,1950,2349275
20221111,09:31:20,42241.95,2650,2349275
20221111,09:31:22,42241.00,2075,2349275
20221111,09:31:23,42241.00,425,2349275
20221111,09:31:25,42240.50,225,2349275
20221111,09:31:27,42242.10,500,2349275
20221111,09:31:28,42237.90,225,2349275
20221111,09:31:30,42237.10,350,2349275
20221111,09:31:32,42230.00,1575,2349275
20221111,09:31:33,42231.35,600,2349275
20221111,09:31:35,42235.00,1150,2349275
20221111,09:31:37,42233.45,1250,2349275
20221111,09:31:38,42228.75,550,2349275
20221111,09:31:40,42226.70,1275,2349275
20221111,09:31:42,42226.75,325,2349275
20221111,09:31:43,42226.75,200,2349275
20221111,09:31:45,42225.90,350,2349275
20221111,09:31:46,42224.60,850,2349275
20221111,09:31:48,42225.40,225,2349275
20221111,09:31:50,42219.10,425,2349275
20221111,09:31:51,42227.90,50,2349275
20221111,09:31:53,42226.30,100,2349275
20221111,09:31:55,42227.50,225,2349275
20221111,09:31:56,42226.35,125,2349275
20221111,09:31:58,42218.25,175,2349275
20221111,09:32:00,42216.45,625,2349275
20221111,09:32:01,42215.60,1475,2349275
20221111,09:32:03,42220.00,125,2349275
20221111,09:32:05,42216.55,125,2349275
20221111,09:32:06,42219.90,100,2349275
20221111,09:32:08,42222.85,100,2349275
20221111,09:32:10,42225.15,75,2349275
20221111,09:32:11,42224.65,100,2349275
20221111,09:32:13,42222.10,250,2349275
20221111,09:32:15,42221.45,150,2349275
20221111,09:32:16,42223.60,850,2349275
20221111,09:32:18,42223.05,200,2349275
20221111,09:32:20,42222.60,225,2349275
20221111,09:32:21,42221.80,25,2343275
20221111,09:32:23,42223.50,225,2343275
20221111,09:32:25,42224.20,175,2343275
20221111,09:32:26,42222.10,350,2343275
20221111,09:32:28,42228.00,175,2343275
20221111,09:32:29,42223.55,450,2343275
20221111,09:32:31,42226.85,375,2343275
20221111,09:32:33,42227.70,175,2343275
20221111,09:32:34,42226.65,325,2343275
20221111,09:32:36,42227.00,175,2343275
20221111,09:32:38,42225.90,150,2343275
20221111,09:32:39,42227.30,375,2343275
20221111,09:32:41,42226.00,175,2343275
20221111,09:32:43,42226.00,125,2343275
20221111,09:32:44,42226.40,325,2343275
20221111,09:32:46,42226.40,200,2343275
20221111,09:32:48,42226.00,25,2343275
20221111,09:32:49,42228.15,225,2343275
20221111,09:32:51,42229.00,275,2343275
20221111,09:32:53,42231.05,200,2343275
20221111,09:32:54,42231.00,175,2343275
20221111,09:32:56,42228.00,775,2343275
20221111,09:32:57,42229.00,150,2343275
20221111,09:32:59,42231.00,125,2343275
20221111,09:33:01,42228.80,350,2343275
20221111,09:33:02,42227.95,100,2343275
20221111,09:33:04,42229.85,225,2343275
20221111,09:33:05,42226.55,200,2343275
20221111,09:33:07,42233.45,200,2343275
20221111,09:33:09,42227.05,325,2343275
20221111,09:33:10,42229.10,225,2343275
20221111,09:33:12,42229.45,175,2343275
20221111,09:33:13,42229.85,450,2343275
20221111,09:33:15,42223.80,625,2343275
20221111,09:33:17,42220.50,125,2343275
20221111,09:33:18,42220.00,175,2343275
20221111,09:33:20,42220.20,250,2343275
20221111,09:33:22,42214.05,450,2343275
20221111,09:33:23,42215.65,75,2343275
20221111,09:33:25,42210.00,450,2343275
20221111,09:33:27,42212.15,275,2343275
20221111,09:33:28,42213.90,250,2343275
20221111,09:33:30,42203.25,250,2343275
20221111,09:33:32,42211.55,525,2343275
20221111,09:33:33,42214.85,150,2343275
20221111,09:33:35,42209.95,225,2343275
20221111,09:33:36,42208.00,200,2343275
20221111,09:33:38,42213.15,550,2343275
20221111,09:33:40,42209.00,300,2343275
20221111,09:33:41,42210.00,100,2343275
20221111,09:33:43,42213.90,25,2343275
20221111,09:33:44,42216.30,175,2343275
20221111,09:33:46,42215.70,475,2343275
20221111,09:33:48,42218.00,150,2343275
20221111,09:33:49,42215.05,200,2343275
20221111,09:33:51,42214.10,850,2343275
20221111,09:33:53,42215.05,525,2343275
20221111,09:33:54,42212.80,350,2343275
20221111,09:33:56,42213.40,125,2343275
20221111,09:33:57,42214.45,100,2343275
20221111,09:33:59,42206.80,275,2343275
20221111,09:34:00,42215.85,300,2343275
20221111,09:34:02,42213.90,400,2343275
20221111,09:34:04,42214.55,300,2343275
20221111,09:34:05,42217.45,325,2343275
20221111,09:34:07,42212.15,750,2343275
20221111,09:34:09,42210.00,100,2343275
20221111,09:34:10,42211.65,75,2343275
20221111,09:34:12,42212.95,50,2343275
20221111,09:34:13,42216.10,375,2343275
20221111,09:34:15,42217.05,1000,2343275
20221111,09:34:17,42214.00,725,2343275
20221111,09:34:18,42211.55,350,2343275
20221111,09:34:20,42206.55,150,2343275
20221111,09:34:21,42212.85,175,2343275
20221111,09:34:23,42210.00,750,2343275
20221111,09:34:25,42206.00,350,2343275
20221111,09:34:26,42206.00,225,2343275
20221111,09:34:28,42207.40,225,2343275
20221111,09:34:30,42200.00,400,2343275
20221111,09:34:31,42200.00,600,2343275
20221111,09:34:33,42201.35,100,2343275
20221111,09:34:34,42195.50,100,2343275
20221111,09:34:36,42201.40,300,2343275
20221111,09:34:38,42201.95,275,2343275
20221111,09:34:39,42201.60,100,2343275
20221111,09:34:41,42201.30,100,2343275
20221111,09:34:43,42202.00,100,2343275
20221111,09:34:44,42195.00,1325,2343275
20221111,09:34:46,42196.10,150,2343275
20221111,09:34:48,42191.00,450,2343275
20221111,09:34:49,42194.35,275,2343275
20221111,09:34:51,42190.15,400,2343275
20221111,09:34:52,42193.00,475,2343275
20221111,09:34:54,42190.00,675,2343275
20221111,09:34:56,42191.65,100,2343275
20221111,09:34:57,42191.05,425,2343275
20221111,09:34:59,42188.75,1150,2343275
20221111,09:35:01,42180.00,625,2343275
20221111,09:35:02,42184.55,425,2343275
20221111,09:35:04,42180.00,975,2343275
20221111,09:35:06,42176.25,1750,2343275
20221111,09:35:07,42170.30,1225,2343275
20221111,09:35:09,42165.10,2600,2343275
20221111,09:35:11,42162.00,900,2343275
20221111,09:35:12,42160.25,700,2343275
20221111,09:35:14,42160.00,775,2343275
20221111,09:35:15,42157.00,750,2343275
20221111,09:35:17,42166.00,650,2343275
20221111,09:35:19,42170.00,2325,2343275
20221111,09:35:20,42169.00,1000,2343275
20221111,09:35:22,42171.10,675,2355825
20221111,09:35:23,42170.75,350,2355825
20221111,09:35:25,42169.75,3425,2355825
20221111,09:35:27,42165.00,375,2355825
20221111,09:35:28,42164.40,2725,2355825
20221111,09:35:30,42162.00,650,2355825
20221111,09:35:32,42158.15,875,2355825
20221111,09:35:33,42164.40,875,2355825
20221111,09:35:35,42164.30,1575,2355825
20221111,09:35:37,42168.90,625,2355825
20221111,09:35:38,42170.00,575,2355825
20221111,09:35:40,42171.55,150,2355825
20221111,09:35:42,42170.60,1100,2355825
20221111,09:35:43,42170.60,2700,2355825
20221111,09:35:45,42175.00,650,2355825
20221111,09:35:46,42181.75,675,2355825
20221111,09:35:48,42182.20,500,2355825
20221111,09:35:50,42175.30,475,2355825
20221111,09:35:51,42177.35,100,2355825
20221111,09:35:53,42178.30,425,2355825
20221111,09:35:55,42170.60,400,2355825
20221111,09:35:58,42179.50,125,2355825
20221111,09:35:59,42178.80,150,2355825
20221111,09:36:01,42171.20,575,2355825
20221111,09:36:03,42164.40,1500,2355825
20221111,09:36:04,42161.50,400,2355825
20221111,09:36:06,42164.35,575,2355825
20221111,09:36:07,42163.25,200,2355825
20221111,09:36:09,42162.00,1725,2355825
20221111,09:36:11,42156.90,700,2355825
20221111,09:36:12,42156.10,400,2355825
20221111,09:36:14,42160.60,925,2355825
20221111,09:36:16,42168.00,275,2355825
20221111,09:36:17,42163.30,125,2355825
20221111,09:36:19,42167.50,100,2355825
20221111,09:36:21,42160.75,250,2355825
20221111,09:36:22,42166.15,225,2355825
20221111,09:36:24,42161.35,275,2355825
20221111,09:36:25,42167.95,100,2355825
20221111,09:36:27,42166.20,2100,2355825
20221111,09:36:29,42165.95,375,2355825
20221111,09:36:30,42168.95,125,2355825
20221111,09:36:32,42166.25,75,2355825
20221111,09:36:33,42162.10,175,2355825
20221111,09:36:35,42163.10,275,2355825
20221111,09:36:37,42168.95,150,2355825
20221111,09:36:38,42168.95,250,2355825
20221111,09:36:40,42170.00,100,2355825
20221111,09:36:41,42166.70,200,2355825
20221111,09:36:43,42169.00,575,2355825
20221111,09:36:45,42170.00,200,2355825
20221111,09:36:46,42170.00,100,2355825
20221111,09:36:48,42171.75,400,2355825
20221111,09:36:49,42170.00,500,2355825
20221111,09:36:51,42171.15,150,2355825
20221111,09:36:53,42170.00,400,2355825
20221111,09:36:54,42168.95,525,2355825
20221111,09:36:56,42164.00,475,2355825
20221111,09:36:57,42168.25,75,2355825
20221111,09:36:59,42168.25,25,2355825
20221111,09:37:01,42161.10,475,2355825
20221111,09:37:02,42162.95,25,2355825
20221111,09:37:04,42161.45,300,2355825
20221111,09:37:06,42171.00,500,2355825
20221111,09:37:07,42172.15,225,2355825
20221111,09:37:09,42171.00,350,2355825
20221111,09:37:10,42177.25,100,2355825
20221111,09:37:12,42173.30,250,2355825
20221111,09:37:14,42173.85,575,2355825
20221111,09:37:15,42170.00,150,2355825
20221111,09:37:17,42170.00,200,2355825
20221111,09:37:19,42171.75,425,2355825
20221111,09:37:20,42175.00,75,2355825
20221111,09:37:22,42169.25,250,2355825
20221111,09:37:23,42176.95,400,2355825
20221111,09:37:25,42175.00,275,2355825
20221111,09:37:27,42170.80,150,2355825
20221111,09:37:28,42173.25,425,2355825
20221111,09:37:30,42176.95,150,2355825
20221111,09:37:32,42179.35,475,2355825
20221111,09:37:33,42177.30,225,2355825
20221111,09:37:35,42183.90,300,2355825
20221111,09:37:37,42184.25,175,2355825
20221111,09:37:38,42181.20,25,2355825
20221111,09:37:40,42183.60,200,2355825
20221111,09:37:41,42188.00,225,2355825
20221111,09:37:43,42186.35,300,2355825
20221111,09:37:45,42186.15,125,2355825
20221111,09:37:46,42181.00,325,2355825
20221111,09:37:48,42182.00,25,2355825
20221111,09:37:50,42187.65,100,2355825
20221111,09:37:51,42188.75,75,2355825
20221111,09:37:53,42190.00,450,2355825
20221111,09:37:54,42193.60,1075,2355825
20221111,09:37:56,42199.85,150,2355825
20221111,09:37:58,42200.75,900,2355825
20221111,09:37:59,42200.90,550,2355825
20221111,09:38:01,42198.45,400,2355825
20221111,09:38:02,42199.00,175,2355825
20221111,09:38:04,42198.15,800,2355825
20221111,09:38:06,42196.05,375,2355825
20221111,09:38:07,42201.00,150,2355825
20221111,09:38:09,42202.65,150,2355825
20221111,09:38:10,42200.00,200,2355825
20221111,09:38:12,42200.15,175,2355825
20221111,09:38:14,42200.30,825,2355825
20221111,09:38:15,42202.90,1100,2355825
20221111,09:38:17,42201.60,225,2355825
20221111,09:38:18,42200.00,375,2355825
20221111,09:38:20,42202.10,275,2355825
20221111,09:38:22,42202.90,200,2355825
20221111,09:38:23,42204.85,400,2333425
20221111,09:38:25,42202.90,275,2333425
20221111,09:38:27,42200.00,350,2333425
20221111,09:38:28,42199.40,225,2333425
20221111,09:38:30,42198.55,525,2333425
20221111,09:38:31,42195.10,175,2333425
20221111,09:38:33,42188.00,1400,2333425
20221111,09:38:35,42183.20,825,2333425
20221111,09:38:36,42180.00,475,2333425
20221111,09:38:38,42180.05,350,2333425
20221111,09:38:40,42179.10,75,2333425
20221111,09:38:41,42174.90,225,2333425
20221111,09:38:43,42173.45,650,2333425
20221111,09:38:44,42179.65,75,2333425
20221111,09:38:46,42175.30,175,2333425
20221111,09:38:48,42169.45,200,2333425
20221111,09:38:49,42168.80,25,2333425
20221111,09:38:51,42161.00,425,2333425
20221111,09:38:52,42164.05,225,2333425
20221111,09:38:54,42160.25,425,2333425
20221111,09:38:56,42159.75,425,2333425
20221111,09:38:57,42167.00,175,2333425
20221111,09:38:59,42167.60,250,2333425
20221111,09:39:00,42169.30,250,2333425
20221111,09:39:02,42169.00,1100,2333425
20221111,09:39:04,42165.75,1250,2333425
20221111,09:39:05,42167.80,175,2333425
20221111,09:39:07,42164.65,100,2333425
20221111,09:39:08,42166.40,200,2333425
20221111,09:39:10,42167.20,200,2333425
20221111,09:39:12,42166.10,125,2333425
20221111,09:39:13,42166.70,200,2333425
20221111,09:39:15,42169.05,725,2333425
20221111,09:39:16,42169.60,275,2333425
20221111,09:39:18,42167.60,75,2333425
20221111,09:39:20,42167.20,275,2333425
20221111,09:39:21,42167.40,75,2333425
20221111,09:39:23,42170.15,350,2333425
20221111,09:39:24,42165.95,200,2333425
20221111,09:39:26,42174.25,150,2333425
20221111,09:39:27,42170.05,200,2333425
20221111,09:39:29,42166.90,150,2333425
20221111,09:39:30,42166.00,450,2333425
20221111,09:39:32,42175.00,125,2333425
20221111,09:39:34,42177.00,100,2333425
20221111,09:39:37,42173.05,125,2333425
20221111,09:39:39,42168.85,175,2333425
20221111,09:39:40,42171.05,125,2333425
20221111,09:39:42,42166.90,25,2333425
20221111,09:39:43,42167.20,125,2333425
20221111,09:39:45,42171.90,75,2333425
20221111,09:39:46,42172.75,200,2333425
20221111,09:39:48,42170.00,50,2333425
20221111,09:39:49,42166.80,175,2333425
20221111,09:39:52,42171.60,25,2333425
20221111,09:39:54,42169.70,125,2333425
20221111,09:39:56,42169.60,425,2333425
20221111,09:39:57,42167.55,200,2333425
20221111,09:39:59,42167.95,75,2333425
20221111,09:40:00,42167.00,150,2333425
20221111,09:40:02,42166.00,125,2333425
20221111,09:40:03,42166.90,125,2333425
20221111,09:40:05,42166.25,300,2333425
20221111,09:40:07,42163.50,325,2333425
20221111,09:40:08,42161.95,400,2333425
20221111,09:40:10,42159.10,200,2333425
20221111,09:40:12,42159.90,425,2333425
20221111,09:40:13,42160.35,150,2333425
20221111,09:40:15,42160.00,125,2333425
20221111,09:40:16,42160.80,75,2333425
20221111,09:40:18,42163.15,350,2333425
20221111,09:40:20,42158.25,25,2333425
20221111,09:40:21,42156.00,1525,2333425
20221111,09:40:23,42156.00,150,2333425
20221111,09:40:25,42157.30,975,2333425
20221111,09:40:26,42162.05,1450,2333425
20221111,09:40:28,42166.25,150,2333425
20221111,09:40:30,42166.25,150,2333425
20221111,09:40:31,42166.50,200,2333425
20221111,09:40:33,42165.20,125,2333425
20221111,09:40:34,42167.15,350,2333425
20221111,09:40:36,42169.45,275,2333425
20221111,09:40:38,42172.95,250,2333425
20221111,09:40:39,42167.10,700,2333425
20221111,09:40:41,42163.55,100,2333425
20221111,09:40:43,42163.60,225,2333425
20221111,09:40:44,42160.00,750,2333425
20221111,09:40:46,42160.45,175,2333425
20221111,09:40:48,42167.10,850,2333425
20221111,09:40:49,42161.75,75,2333425
20221111,09:40:51,42158.60,100,2333425
20221111,09:40:53,42158.00,950,2333425
20221111,09:40:54,42163.20,50,2333425
20221111,09:40:56,42160.75,25,2333425
20221111,09:40:58,42158.60,50,2333425
20221111,09:40:59,42158.65,725,2333425
20221111,09:41:01,42152.10,975,2333425
20221111,09:41:02,42152.05,425,2333425
20221111,09:41:04,42155.00,100,2333425
20221111,09:41:06,42156.35,75,2333425
20221111,09:41:07,42152.00,1225,2333425
20221111,09:41:09,42158.35,1050,2333425
20221111,09:41:11,42160.15,650,2333425
20221111,09:41:12,42160.30,100,2333425
20221111,09:41:14,42157.05,100,2333425
20221111,09:41:15,42153.00,1650,2333425
20221111,09:41:17,42156.35,75,2333425
20221111,09:41:19,42160.00,75,2333425
20221111,09:41:20,42157.30,925,2333425
20221111,09:41:22,42156.50,650,2333425
20221111,09:41:23,42160.15,450,2334400
20221111,09:41:25,42151.70,325,2334400
20221111,09:41:27,42158.80,250,2334400
20221111,09:41:28,42159.65,100,2334400
20221111,09:41:30,42159.65,50,2334400
20221111,09:41:31,42158.95,200,2334400
20221111,09:41:33,42152.35,125,2334400
20221111,09:41:35,42153.25,50,2334400
20221111,09:41:36,42151.65,100,2334400
20221111,09:41:38,42151.35,225,2334400
20221111,09:41:39,42145.00,3850,2334400
20221111,09:41:41,42145.00,250,2334400
20221111,09:41:43,42144.00,850,2334400
20221111,09:41:44,42141.25,1250,2334400
20221111,09:41:46,42150.40,900,2334400
20221111,09:41:48,42152.30,800,2334400
20221111,09:41:49,42151.10,200,2334400
20221111,09:41:51,42157.50,125,2334400
20221111,09:41:53,42157.50,325,2334400
20221111,09:41:54,42155.30,75,2334400
20221111,09:41:56,42150.65,225,2334400
20221111,09:41:58,42155.00,25,2334400
20221111,09:41:59,42157.95,1300,2334400
20221111,09:42:01,42153.90,100,2334400
20221111,09:42:02,42152.55,175,2334400
20221111,09:42:04,42144.35,400,2334400
20221111,09:42:06,42147.75,200,2334400
20221111,09:42:07,42151.55,450,2334400
20221111,09:42:09,42151.10,500,2334400
20221111,09:42:11,42150.30,100,2334400
20221111,09:42:13,42148.50,250,2334400
20221111,09:42:14,42151.95,275,2334400
20221111,09:42:16,42151.15,50,2334400
20221111,09:42:17,42151.40,200,2334400
20221111,09:42:19,42151.00,100,2334400
20221111,09:42:20,42157.40,225,2334400
20221111,09:42:24,42154.00,50,2334400
20221111,09:42:27,42162.05,450,2334400
20221111,09:42:28,42164.95,525,2334400
20221111,09:42:30,42165.10,450,2334400
20221111,09:42:32,42164.80,400,2334400
20221111,09:42:33,42155.90,50,2334400
20221111,09:42:37,42152.70,175,2334400
20221111,09:42:38,42158.85,175,2334400
20221111,09:42:41,42154.65,125,2334400
20221111,09:42:43,42163.25,50,2334400
20221111,09:42:45,42157.40,50,2334400
20221111,09:42:46,42163.55,275,2334400
20221111,09:42:48,42164.35,25,2334400
20221111,09:42:50,42163.75,200,2334400
20221111,09:42:51,42162.15,325,2334400
20221111,09:42:53,42162.50,100,2334400
20221111,09:42:54,42162.50,50,2334400
20221111,09:42:56,42160.15,25,2334400
20221111,09:42:58,42162.20,100,2334400
20221111,09:42:59,42163.00,125,2334400
20221111,09:43:01,42158.00,100,2334400
20221111,09:43:03,42160.15,25,2334400
20221111,09:43:06,42162.45,200,2334400
20221111,09:43:07,42162.45,125,2334400
20221111,09:43:09,42170.00,325,2334400
20221111,09:43:11,42165.75,75,2334400
20221111,09:43:12,42163.80,50,2334400
20221111,09:43:14,42163.00,300,2334400
20221111,09:43:16,42167.95,125,2334400
20221111,09:43:17,42169.70,200,2334400
20221111,09:43:19,42165.00,175,2334400
20221111,09:43:21,42171.40,1275,2334400
20221111,09:43:22,42167.50,400,2334400
20221111,09:43:24,42160.50,175,2334400
20221111,09:43:25,42160.00,200,2334400
20221111,09:43:27,42164.95,50,2334400
20221111,09:43:29,42166.00,100,2334400
20221111,09:43:32,42167.80,25,2334400
20221111,09:43:33,42161.20,25,2334400
20221111,09:43:35,42160.00,375,2334400
20221111,09:43:36,42161.00,150,2334400
20221111,09:43:38,42158.00,200,2334400
20221111,09:43:40,42158.00,25,2334400
20221111,09:43:41,42161.15,75,2334400
20221111,09:43:43,42155.05,350,2334400
20221111,09:43:45,42151.00,200,2334400
20221111,09:43:46,42146.45,600,2334400
20221111,09:43:48,42148.35,200,2334400
20221111,09:43:49,42148.25,800,2334400
20221111,09:43:51,42148.35,100,2334400
20221111,09:43:53,42156.35,350,2334400
20221111,09:43:54,42148.15,100,2334400
20221111,09:43:56,42153.80,25,2334400
20221111,09:43:57,42148.30,525,2334400
20221111,09:43:59,42148.40,175,2334400
20221111,09:44:01,42146.35,475,2334400
20221111,09:44:02,42147.30,225,2334400
20221111,09:44:04,42145.70,275,2334400
20221111,09:44:05,42145.20,100,2334400
20221111,09:44:07,42150.00,100,2334400
20221111,09:44:09,42144.45,300,2334400
20221111,09:44:10,42147.00,150,2334400
20221111,09:44:12,42146.30,350,2334400
20221111,09:44:13,42148.15,350,2334400
20221111,09:44:15,42147.50,150,2334400
20221111,09:44:16,42146.20,50,2334400
20221111,09:44:18,42150.00,300,2334400
20221111,09:44:19,42146.00,75,2334400
20221111,09:44:21,42146.40,200,2334400
20221111,09:44:22,42146.40,50,2334400
20221111,09:44:24,42144.10,25,2322850
20221111,09:44:26,42145.00,625,2322850
20221111,09:44:27,42145.00,350,2322850
20221111,09:44:29,42142.40,75,2322850
20221111,09:44:30,42146.00,200,2322850
20221111,09:44:32,42141.85,125,2322850
20221111,09:44:33,42141.20,75,2322850
20221111,09:44:35,42141.00,475,2322850
20221111,09:44:36,42141.00,325,2322850
20221111,09:44:38,42140.00,3200,2322850
20221111,09:44:40,42138.00,725,2322850
20221111,09:44:41,42132.75,1300,2322850
20221111,09:44:43,42132.75,450,2322850
20221111,09:44:44,42132.40,900,2322850
20221111,09:44:46,42134.40,200,2322850
20221111,09:44:48,42141.00,325,2322850
20221111,09:44:49,42134.90,500,2322850
20221111,09:44:51,42134.90,225,2322850
20221111,09:44:52,42132.35,800,2322850
20221111,09:44:54,42131.20,550,2322850
20221111,09:44:56,42132.05,375,2322850
20221111,09:44:57,42132.80,275,2322850
20221111,09:44:59,42133.15,550,2322850
20221111,09:45:00,42135.40,225,2322850
20221111,09:45:02,42130.15,675,2322850
20221111,09:45:03,42130.00,1050,2322850
20221111,09:45:05,42130.00,475,2322850
20221111,09:45:07,42130.00,600,2322850
20221111,09:45:08,42130.00,850,2322850
20221111,09:45:10,42131.40,175,2322850
20221111,09:45:11,42126.65,375,2322850
20221111,09:45:13,42132.05,350,2322850
20221111,09:45:14,42130.75,375,2322850
20221111,09:45:16,42137.00,350,2322850
20221111,09:45:18,42134.60,225,2322850
20221111,09:45:19,42140.00,450,2322850
20221111,09:45:21,42137.20,200,2322850
20221111,09:45:23,42140.00,450,2322850
20221111,09:45:24,42139.85,500,2322850
20221111,09:45:26,42142.05,450,2322850
20221111,09:45:27,42141.40,225,2322850
20221111,09:45:29,42147.60,25,2322850
20221111,09:45:31,42148.60,550,2322850
20221111,09:45:32,42142.90,1500,2322850
20221111,09:45:34,42145.00,250,2322850
20221111,09:45:35,42142.55,1125,2322850
20221111,09:45:37,42146.95,325,2322850
20221111,09:45:38,42143.00,475,2322850
20221111,09:45:40,42143.00,175,2322850
20221111,09:45:41,42143.65,400,2322850
20221111,09:45:43,42152.85,975,2322850
20221111,09:45:45,42150.00,450,2322850
20221111,09:45:46,42146.55,125,2322850
20221111,09:45:48,42150.75,350,2322850
20221111,09:45:49,42146.40,50,2322850
20221111,09:45:51,42153.00,325,2322850
20221111,09:45:52,42147.60,175,2322850
20221111,09:45:54,42147.70,150,2322850
20221111,09:45:55,42153.00,1475,2322850
20221111,09:45:57,42150.05,350,2322850
20221111,09:45:59,42151.85,100,2322850
20221111,09:46:00,42149.75,225,2322850
20221111,09:46:02,42153.50,400,2322850
20221111,09:46:03,42154.85,175,2322850
20221111,09:46:04,42147.75,75,2322850
20221111,09:46:06,42150.00,75,2322850
20221111,09:46:07,42150.85,325,2322850
20221111,09:46:09,42146.30,25,2322850
20221111,09:46:10,42150.00,525,2322850
20221111,09:46:13,42153.00,75,2322850
20221111,09:46:15,42157.30,125,2322850
20221111,09:46:16,42151.90,50,2322850
20221111,09:46:18,42153.00,50,2322850
20221111,09:46:19,42150.00,375,2322850
20221111,09:46:21,42150.00,50,2322850
20221111,09:46:23,42154.40,100,2322850
20221111,09:46:24,42154.85,50,2322850
20221111,09:46:26,42155.25,350,2322850
20221111,09:46:28,42154.95,50,2322850
20221111,09:46:29,42154.95,875,2322850
20221111,09:46:31,42157.85,300,2322850
20221111,09:46:34,42154.95,50,2322850
20221111,09:46:36,42154.40,25,2322850
20221111,09:46:37,42147.00,75,2322850
20221111,09:46:41,42154.15,50,2322850
20221111,09:46:42,42154.00,25,2322850
20221111,09:46:44,42151.00,425,2322850
20221111,09:46:45,42152.30,200,2322850
20221111,09:46:47,42149.70,200,2322850
20221111,09:46:49,42148.30,25,2322850
20221111,09:46:52,42140.00,225,2322850
20221111,09:46:54,42140.20,50,2322850
20221111,09:46:55,42140.00,225,2322850
20221111,09:46:57,42141.30,100,2322850
20221111,09:46:58,42145.95,100,2322850
20221111,09:47:00,42149.45,600,2322850
20221111,09:47:02,42145.20,250,2322850
20221111,09:47:03,42144.45,25,2322850
20221111,09:47:05,42146.60,225,2322850
20221111,09:47:06,42140.00,200,2322850
20221111,09:47:08,42140.00,125,2322850
20221111,09:47:10,42140.00,850,2322850
20221111,09:47:11,42139.85,75,2322850
20221111,09:47:13,42139.85,100,2322850
20221111,09:47:14,42138.20,200,2322850
20221111,09:47:16,42140.00,125,2322850
20221111,09:47:18,42139.75,225,2322850
20221111,09:47:19,42141.05,50,2322850
20221111,09:47:21,42141.00,50,2322850
20221111,09:47:22,42144.50,500,2322850
20221111,09:47:24,42137.30,325,2312775
20221111,09:47:25,42142.60,150,2312775
20221111,09:47:28,42136.70,50,2312775
20221111,09:47:30,42141.30,150,2312775
20221111,09:47:32,42138.20,25,2312775
20221111,09:47:33,42136.70,50,2312775
20221111,09:47:35,42135.00,700,2312775
20221111,09:47:36,42142.90,400,2312775
20221111,09:47:38,42143.85,100,2312775
20221111,09:47:40,42143.60,25,2312775
20221111,09:47:41,42143.90,250,2312775
20221111,09:47:43,42139.05,50,2312775
20221111,09:47:46,42144.00,150,2312775
20221111,09:47:47,42142.05,700,2312775
20221111,09:47:49,42137.00,250,2312775
20221111,09:47:51,42136.65,75,2312775
20221111,09:47:52,42142.05,50,2312775
20221111,09:47:56,42147.15,400,2312775
20221111,09:48:00,42150.00,275,2312775
20221111,09:48:02,42140.80,450,2312775
20221111,09:48:05,42136.00,250,2312775
20221111,09:48:07,42136.25,125,2312775
20221111,09:48:08,42137.95,100,2312775
20221111,09:48:10,42138.35,75,2312775
20221111,09:48:12,42141.15,125,2312775
20221111,09:48:13,42139.70,50,2312775
20221111,09:48:16,42141.50,75,2312775
20221111,09:48:18,42141.35,50,2312775
20221111,09:48:20,42142.10,50,2312775
20221111,09:48:21,42144.90,75,2312775
20221111,09:48:24,42146.55,50,2312775
20221111,09:48:26,42141.60,25,2312775
20221111,09:48:27,42142.70,125,2312775
20221111,09:48:31,42142.75,50,2312775
20221111,09:48:32,42142.15,25,2312775
20221111,09:48:34,42142.25,125,2312775
20221111,09:48:36,42142.85,50,2312775
20221111,09:48:37,42147.00,25,2312775
20221111,09:48:39,42143.50,25,2312775
20221111,09:48:40,42141.80,625,2312775
20221111,09:48:42,42143.50,150,2312775
20221111,09:48:45,42144.05,50,2312775
20221111,09:48:47,42148.05,325,2312775
20221111,09:48:49,42150.15,275,2312775
20221111,09:48:50,42151.00,75,2312775
20221111,09:48:52,42150.00,100,2312775
20221111,09:48:54,42147.75,100,2312775
20221111,09:48:55,42150.00,600,2312775
20221111,09:48:57,42150.00,550,2312775
20221111,09:48:58,42148.70,475,2312775
20221111,09:49:01,42146.00,225,2312775
20221111,09:49:03,42145.00,50,2312775
20221111,09:49:06,42150.00,50,2312775
20221111,09:49:08,42150.00,325,2312775
20221111,09:49:09,42150.00,1150,2312775
20221111,09:49:11,42146.65,25,2312775
20221111,09:49:13,42140.00,950,2312775
20221111,09:49:14,42149.00,50,2312775
20221111,09:49:16,42150.20,75,2312775
20221111,09:49:17,42160.00,1400,2312775
20221111,09:49:19,42161.00,1150,2312775
20221111,09:49:21,42163.90,725,2312775
20221111,09:49:22,42175.00,750,2312775
20221111,09:49:24,42182.75,900,2312775
20221111,09:49:26,42178.55,300,2312775
20221111,09:49:27,42184.00,100,2312775
20221111,09:49:29,42185.00,2225,2312775
20221111,09:49:30,42190.50,325,2312775
20221111,09:49:32,42191.85,375,2312775
20221111,09:49:34,42199.05,1525,2312775
20221111,09:49:35,42198.90,175,2312775
20221111,09:49:37,42195.05,1475,2312775
20221111,09:49:38,42199.90,225,2312775
20221111,09:49:40,42197.85,50,2312775
20221111,09:49:42,42197.00,375,2312775
20221111,09:49:43,42197.85,25,2312775
20221111,09:49:45,42198.55,50,2312775
20221111,09:49:47,42200.00,225,2312775
20221111,09:49:48,42198.70,1200,2312775
20221111,09:49:50,42194.25,75,2312775
20221111,09:49:51,42197.00,200,2312775
20221111,09:49:53,42193.15,250,2312775
20221111,09:49:55,42193.80,275,2312775
20221111,09:49:56,42197.80,1000,2312775
20221111,09:49:58,42195.25,700,2312775
20221111,09:50:00,42187.90,250,2312775
20221111,09:50:01,42187.60,75,2312775
20221111,09:50:03,42184.00,1900,2312775
20221111,09:50:04,42177.30,250,2312775
20221111,09:50:06,42189.00,575,2312775
20221111,09:50:08,42190.90,675,2312775
20221111,09:50:09,42190.85,725,2312775
20221111,09:50:11,42195.55,600,2312775
20221111,09:50:13,42196.00,800,2312775
20221111,09:50:14,42200.00,925,2312775
20221111,09:50:16,42200.00,850,2312775
20221111,09:50:18,42197.30,550,2312775
20221111,09:50:19,42192.60,375,2312775
20221111,09:50:21,42199.95,200,2312775
20221111,09:50:22,42200.00,325,2312775
20221111,09:50:24,42199.00,250,2312775
20221111,09:50:26,42204.00,550,2316400
20221111,09:50:27,42205.00,425,2316400
20221111,09:50:29,42206.35,650,2316400
20221111,09:50:31,42209.90,75,2316400
20221111,09:50:32,42208.70,50,2316400
20221111,09:50:34,42210.00,1475,2316400
20221111,09:50:35,42204.50,475,2316400
20221111,09:50:37,42208.75,225,2316400
20221111,09:50:39,42206.90,350,2316400
20221111,09:50:40,42204.80,250,2316400
20221111,09:50:42,42202.00,125,2316400
20221111,09:50:44,42205.95,200,2316400
20221111,09:50:45,42200.00,200,2316400
20221111,09:50:47,42201.80,250,2316400
20221111,09:50:48,42202.60,100,2316400
20221111,09:50:50,42210.25,1775,2316400
20221111,09:50:52,42210.15,1175,2316400
20221111,09:50:53,42212.00,275,2316400
20221111,09:50:55,42210.60,1100,2316400
20221111,09:50:57,42217.50,350,2316400
20221111,09:50:58,42217.50,450,2316400
20221111,09:51:00,42217.35,475,2316400
20221111,09:51:02,42220.00,225,2316400
20221111,09:51:03,42220.00,2025,2316400
20221111,09:51:05,42216.75,1350,2316400
20221111,09:51:06,42223.95,675,2316400
20221111,09:51:08,42222.60,1525,2316400
20221111,09:51:10,42223.20,650,2316400
20221111,09:51:11,42224.45,575,2316400
20221111,09:51:13,42222.05,450,2316400
20221111,09:51:15,42222.90,4450,2316400
20221111,09:51:16,42217.35,1375,2316400
20221111,09:51:18,42220.30,2100,2316400
20221111,09:51:19,42226.45,425,2316400
20221111,09:51:21,42217.20,250,2316400
20221111,09:51:23,42215.00,225,2316400
20221111,09:51:24,42215.00,475,2316400
20221111,09:51:26,42216.95,550,2316400
20221111,09:51:27,42221.40,250,2316400
20221111,09:51:29,42219.70,1225,2316400
20221111,09:51:31,42217.95,25,2316400
20221111,09:51:32,42215.00,125,2316400
20221111,09:51:34,42212.00,350,2316400
20221111,09:51:35,42210.25,500,2316400
20221111,09:51:37,42212.60,175,2316400
20221111,09:51:38,42217.95,150,2316400
20221111,09:51:40,42215.25,25,2316400
20221111,09:51:41,42205.25,550,2316400
20221111,09:51:43,42204.85,50,2316400
20221111,09:51:45,42205.25,125,2316400
20221111,09:51:46,42211.45,275,2316400
20221111,09:51:50,42211.75,50,2316400
20221111,09:51:51,42212.15,100,2316400
20221111,09:51:53,42208.15,25,2316400
20221111,09:51:54,42209.45,75,2316400
20221111,09:51:57,42210.25,325,2316400
20221111,09:51:59,42215.35,350,2316400
20221111,09:52:00,42209.10,75,2316400
20221111,09:52:02,42210.00,75,2316400
20221111,09:52:03,42209.60,50,2316400
20221111,09:52:05,42208.80,75,2316400
20221111,09:52:06,42202.00,400,2316400
20221111,09:52:08,42200.00,575,2316400
20221111,09:52:09,42199.95,750,2316400
20221111,09:52:11,42201.90,375,2316400
20221111,09:52:13,42205.55,925,2316400
20221111,09:52:14,42205.90,275,2316400
20221111,09:52:16,42205.40,625,2316400
20221111,09:52:18,42206.95,100,2316400
20221111,09:52:19,42204.80,25,2316400
20221111,09:52:21,42204.85,525,2316400
20221111,09:52:23,42196.00,75,2316400
20221111,09:52:24,42198.80,525,2316400
20221111,09:52:27,42199.35,200,2316400
20221111,09:52:31,42199.30,600,2316400
20221111,09:52:32,42195.55,175,2316400
20221111,09:52:34,42195.00,75,2316400
20221111,09:52:35,42196.70,50,2316400
20221111,09:52:37,42190.05,200,2316400
20221111,09:52:39,42193.40,200,2316400
20221111,09:52:40,42190.35,125,2316400
20221111,09:52:42,42189.95,725,2316400
20221111,09:52:44,42188.75,25,2316400
20221111,09:52:45,42185.90,200,2316400
20221111,09:52:47,42185.00,75,2316400
20221111,09:52:49,42182.10,175,2316400
20221111,09:52:50,42190.25,175,2316400
20221111,09:52:52,42188.80,175,2316400
20221111,09:52:53,42188.95,350,2316400
20221111,09:52:55,42190.00,50,2316400
20221111,09:52:57,42190.90,25,2316400
20221111,09:52:58,42199.00,100,2316400
20221111,09:53:00,42195.70,150,2316400
20221111,09:53:02,42194.95,250,2316400
20221111,09:53:03,42195.30,25,2316400
20221111,09:53:05,42198.45,150,2316400
20221111,09:53:07,42193.65,325,2316400
20221111,09:53:08,42194.50,400,2316400
20221111,09:53:10,42194.35,425,2316400
20221111,09:53:12,42198.90,425,2316400
20221111,09:53:13,42200.00,1700,2316400
20221111,09:53:15,42200.00,500,2316400
20221111,09:53:17,42205.00,550,2316400
20221111,09:53:19,42198.55,200,2316400
20221111,09:53:20,42195.00,200,2316400
20221111,09:53:22,42195.55,50,2316400
20221111,09:53:23,42199.10,175,2316400
20221111,09:53:25,42195.35,50,2327075
20221111,09:53:27,42198.90,50,2327075
20221111,09:53:28,42191.30,50,2327075
20221111,09:53:30,42191.75,100,2327075
20221111,09:53:31,42190.30,275,2327075
20221111,09:53:33,42190.75,75,2327075
20221111,09:53:34,42190.00,50,2327075
20221111,09:53:36,42194.00,500,2327075
20221111,09:53:38,42192.05,600,2327075
20221111,09:53:39,42199.70,50,2327075
20221111,09:53:41,42195.00,900,2327075
20221111,09:53:42,42199.20,100,2327075
20221111,09:53:44,42194.10,200,2327075
20221111,09:53:46,42194.10,100,2327075
20221111,09:53:47,42194.10,300,2327075
20221111,09:53:49,42195.25,500,2327075
20221111,09:53:50,42188.00,300,2327075
20221111,09:53:52,42194.45,100,2327075
20221111,09:53:54,42190.00,25,2327075
20221111,09:53:55,42193.45,100,2327075
20221111,09:53:57,42185.80,475,2327075
20221111,09:53:58,42185.65,25,2327075
20221111,09:54:00,42192.55,75,2327075
20221111,09:54:01,42188.35,75,2327075
20221111,09:54:03,42185.95,350,2327075
20221111,09:54:05,42188.35,225,2327075
20221111,09:54:06,42183.70,300,2327075
20221111,09:54:08,42187.40,75,2327075
20221111,09:54:09,42188.35,250,2327075
20221111,09:54:11,42196.45,450,2327075
20221111,09:54:12,42200.00,450,2327075
20221111,09:54:14,42200.00,400,2327075
20221111,09:54:15,42199.55,575,2327075
20221111,09:54:17,42199.60,300,2327075
20221111,09:54:19,42193.45,25,2327075
20221111,09:54:20,42190.90,100,2327075
20221111,09:54:22,42190.90,75,2327075
20221111,09:54:24,42196.90,50,2327075
20221111,09:54:25,42188.15,75,2327075
20221111,09:54:27,42191.75,75,2327075
20221111,09:54:29,42191.45,125,2327075
20221111,09:54:32,42192.40,25,2327075
20221111,09:54:34,42195.00,300,2327075
20221111,09:54:35,42199.30,150,2327075
20221111,09:54:37,42192.30,25,2327075
20221111,09:54:39,42191.00,150,2327075
20221111,09:54:40,42196.75,100,2327075
20221111,09:54:42,42195.15,100,2327075
20221111,09:54:43,42197.35,75,2327075
20221111,09:54:45,42196.70,150,2327075
20221111,09:54:47,42191.20,125,2327075
20221111,09:54:48,42188.20,175,2327075
20221111,09:54:50,42187.10,100,2327075
20221111,09:54:52,42185.00,225,2327075
20221111,09:54:53,42180.00,300,2327075
20221111,09:54:55,42180.00,50,2327075
20221111,09:54:56,42180.00,225,2327075
20221111,09:54:58,42178.80,200,2327075
20221111,09:55:00,42177.70,150,2327075
20221111,09:55:01,42175.00,125,2327075
20221111,09:55:03,42175.25,100,2327075
20221111,09:55:04,42171.50,525,2327075
20221111,09:55:06,42173.75,225,2327075
20221111,09:55:08,42174.40,375,2327075
20221111,09:55:09,42175.00,125,2327075
20221111,09:55:13,42175.00,50,2327075
20221111,09:55:14,42173.80,325,2327075
20221111,09:55:16,42172.00,50,2327075
20221111,09:55:17,42172.25,50,2327075
20221111,09:55:19,42175.70,100,2327075
20221111,09:55:20,42179.00,75,2327075
20221111,09:55:22,42175.05,125,2327075
20221111,09:55:24,42180.00,50,2327075
20221111,09:55:25,42177.95,50,2327075
20221111,09:55:27,42170.00,50,2327075
20221111,09:55:29,42176.40,100,2327075
20221111,09:55:30,42177.00,75,2327075
20221111,09:55:32,42175.70,25,2327075
20221111,09:55:33,42175.00,25,2327075
20221111,09:55:35,42180.00,50,2327075
20221111,09:55:37,42179.75,125,2327075
20221111,09:55:38,42175.00,50,2327075
20221111,09:55:40,42175.00,75,2327075
20221111,09:55:42,42170.45,150,2327075
20221111,09:55:43,42170.00,100,2327075
20221111,09:55:45,42170.00,300,2327075
20221111,09:55:46,42174.95,125,2327075
20221111,09:55:48,42175.10,125,2327075
20221111,09:55:50,42167.25,225,2327075
20221111,09:55:51,42171.95,175,2327075
20221111,09:55:53,42170.00,50,2327075
20221111,09:55:56,42166.00,50,2327075
20221111,09:55:58,42167.10,525,2327075
20221111,09:55:59,42160.40,150,2327075
20221111,09:56:01,42160.15,25,2327075
20221111,09:56:03,42160.15,575,2327075
20221111,09:56:04,42165.00,50,2327075
20221111,09:56:06,42160.15,175,2327075
20221111,09:56:07,42161.65,50,2327075
20221111,09:56:09,42160.85,400,2327075
20221111,09:56:10,42162.35,1025,2327075
20221111,09:56:12,42161.70,50,2327075
20221111,09:56:14,42165.00,100,2327075
20221111,09:56:15,42169.45,150,2327075
20221111,09:56:17,42170.00,25,2327075
20221111,09:56:20,42169.05,50,2327075
20221111,09:56:22,42169.05,25,2327075
20221111,09:56:23,42166.65,50,2327075
20221111,09:56:25,42170.00,50,2324650
20221111,09:56:26,42169.05,25,2324650
20221111,09:56:28,42170.00,75,2324650
20221111,09:56:31,42166.00,25,2324650
20221111,09:56:32,42170.00,100,2324650
20221111,09:56:34,42167.00,125,2324650
20221111,09:56:35,42170.00,25,2324650
20221111,09:56:40,42170.00,75,2324650
20221111,09:56:41,42167.00,75,2324650
20221111,09:56:42,42170.00,25,2324650
20221111,09:56:45,42167.00,50,2324650
20221111,09:56:47,42165.50,75,2324650
20221111,09:56:49,42164.95,175,2324650
20221111,09:56:50,42159.00,275,2324650
20221111,09:56:52,42158.80,100,2324650
20221111,09:56:53,42162.00,25,2324650
20221111,09:56:55,42162.00,50,2324650
20221111,09:56:57,42165.00,75,2324650
20221111,09:56:58,42162.00,25,2324650
20221111,09:57:00,42165.00,400,2324650
20221111,09:57:01,42161.35,150,2324650
20221111,09:57:03,42162.40,125,2324650
20221111,09:57:04,42162.00,25,2324650
20221111,09:57:05,42162.30,50,2324650
20221111,09:57:07,42155.05,75,2324650
20221111,09:57:09,42153.85,100,2324650
20221111,09:57:10,42152.60,700,2324650
20221111,09:57:12,42157.85,150,2324650
20221111,09:57:13,42160.00,100,2324650
20221111,09:57:16,42160.00,175,2324650
20221111,09:57:18,42157.85,25,2324650
20221111,09:57:20,42165.00,350,2324650
20221111,09:57:21,42160.35,125,2324650
20221111,09:57:23,42161.50,50,2324650
20221111,09:57:24,42163.00,950,2324650
20221111,09:57:26,42160.00,50,2324650
20221111,09:57:29,42161.50,75,2324650
20221111,09:57:31,42161.50,25,2324650
20221111,09:57:32,42158.00,25,2324650
20221111,09:57:34,42156.75,25,2324650
20221111,09:57:35,42155.00,300,2324650
20221111,09:57:37,42155.00,225,2324650
20221111,09:57:39,42156.15,75,2324650
20221111,09:57:40,42159.00,450,2324650
20221111,09:57:42,42168.50,125,2324650
20221111,09:57:44,42165.05,75,2324650
20221111,09:57:45,42164.10,50,2324650
20221111,09:57:47,42166.20,275,2324650
20221111,09:57:50,42174.00,150,2324650
20221111,09:57:52,42167.10,400,2324650
20221111,09:57:53,42167.00,25,2324650
20221111,09:57:55,42169.20,175,2324650
20221111,09:57:57,42172.00,50,2324650
20221111,09:57:58,42168.95,50,2324650
20221111,09:58:01,42168.10,150,2324650
20221111,09:58:03,42168.50,50,2324650
20221111,09:58:04,42170.00,1150,2324650
20221111,09:58:08,42170.00,50,2324650
20221111,09:58:11,42165.35,200,2324650
20221111,09:58:14,42155.10,250,2324650
20221111,09:58:16,42156.50,75,2324650
20221111,09:58:17,42153.25,75,2324650
20221111,09:58:19,42155.90,75,2324650
20221111,09:58:22,42157.70,75,2324650
20221111,09:58:23,42156.00,75,2324650
20221111,09:58:25,42153.90,25,2324650
20221111,09:58:27,42159.60,75,2324650
20221111,09:58:28,42153.75,75,2324650
20221111,09:58:30,42159.40,200,2324650
20221111,09:58:31,42159.40,25,2324650
20221111,09:58:33,42156.10,75,2324650
20221111,09:58:35,42158.50,25,2324650
20221111,09:58:36,42156.30,50,2324650
20221111,09:58:38,42153.30,50,2324650
20221111,09:58:39,42158.35,25,2324650
20221111,09:58:41,42156.10,275,2324650
20221111,09:58:43,42156.10,25,2324650
20221111,09:58:44,42156.30,50,2324650
20221111,09:58:46,42156.30,200,2324650
20221111,09:58:47,42159.95,25,2324650
20221111,09:58:49,42160.00,75,2324650
20221111,09:58:50,42160.00,100,2324650
20221111,09:58:52,42156.25,75,2324650
20221111,09:58:53,42148.25,1400,2324650
20221111,09:58:55,42147.00,575,2324650
20221111,09:58:57,42145.85,1400,2324650
20221111,09:58:58,42137.95,350,2324650
20221111,09:59:00,42142.95,200,2324650
20221111,09:59:02,42134.90,225,2324650
20221111,09:59:03,42138.45,425,2324650
20221111,09:59:05,42144.40,550,2324650
20221111,09:59:06,42145.70,25,2324650
20221111,09:59:08,42141.75,175,2324650
20221111,09:59:10,42145.70,375,2324650
20221111,09:59:11,42142.80,200,2324650
20221111,09:59:13,42148.10,50,2324650
20221111,09:59:14,42148.20,75,2324650
20221111,09:59:16,42144.00,100,2324650
20221111,09:59:18,42145.70,200,2324650
20221111,09:59:19,42143.65,200,2324650
20221111,09:59:21,42143.10,125,2324650
20221111,09:59:22,42143.60,150,2324650
20221111,09:59:24,42140.00,125,2324650
20221111,09:59:26,42142.05,125,2323225
20221111,09:59:27,42138.75,325,2323225
20221111,09:59:29,42136.20,150,2323225
20221111,09:59:30,42138.10,75,2323225
20221111,09:59:32,42138.25,50,2323225
20221111,09:59:34,42138.80,300,2323225
20221111,09:59:35,42141.80,225,2323225
20221111,09:59:37,42140.15,275,2323225
20221111,09:59:40,42140.00,300,2323225
20221111,09:59:42,42138.30,250,2323225
20221111,09:59:43,42138.70,175,2323225
20221111,09:59:45,42135.00,75,2323225
20221111,09:59:46,42135.00,200,2323225
20221111,09:59:48,42138.55,125,2323225
20221111,09:59:49,42136.20,175,2323225
20221111,09:59:51,42135.00,550,2323225
20221111,09:59:53,42137.90,150,2323225
20221111,09:59:54,42140.00,175,2323225
20221111,09:59:56,42136.85,300,2323225
20221111,09:59:57,42141.80,350,2323225
20221111,09:59:59,42137.95,175,2323225
20221111,10:00:00,42141.45,175,2323225
20221111,10:00:02,42145.00,375,2323225
20221111,10:00:04,42145.70,100,2323225
20221111,10:00:05,42140.70,300,2323225
20221111,10:00:07,42145.90,100,2323225
20221111,10:00:08,42145.95,175,2323225
20221111,10:00:10,42150.00,175,2323225
20221111,10:00:12,42151.55,100,2323225
20221111,10:00:13,42150.00,550,2323225
20221111,10:00:15,42155.00,175,2323225
20221111,10:00:16,42153.90,50,2323225
20221111,10:00:18,42152.90,150,2323225
20221111,10:00:19,42151.20,100,2323225
20221111,10:00:21,42151.40,125,2323225
20221111,10:00:22,42151.20,650,2323225
20221111,10:00:24,42160.00,825,2323225
20221111,10:00:26,42161.90,525,2323225
20221111,10:00:27,42153.80,325,2323225
20221111,10:00:29,42161.35,625,2323225
20221111,10:00:30,42163.25,225,2323225
20221111,10:00:32,42155.05,775,2323225
20221111,10:00:34,42161.85,925,2323225
20221111,10:00:35,42161.20,50,2323225
20221111,10:00:37,42161.05,725,2323225
20221111,10:00:40,42156.45,50,2323225
20221111,10:00:41,42162.75,150,2323225
20221111,10:00:43,42156.20,75,2323225
20221111,10:00:44,42158.00,75,2323225
20221111,10:00:46,42156.20,125,2323225
20221111,10:00:48,42158.85,150,2323225
20221111,10:00:49,42152.55,100,2323225
20221111,10:00:51,42160.00,100,2323225
20221111,10:00:52,42159.95,50,2323225
20221111,10:00:54,42160.00,150,2323225
20221111,10:00:56,42165.00,550,2323225
20221111,10:00:57,42165.40,250,2323225
20221111,10:00:59,42170.00,475,2323225
20221111,10:01:00,42174.25,375,2323225
20221111,10:01:02,42171.95,350,2323225
20221111,10:01:04,42168.65,100,2323225
20221111,10:01:05,42170.20,150,2323225
20221111,10:01:07,42164.65,50,2323225
20221111,10:01:09,42170.35,25,2323225
20221111,10:01:10,42172.45,50,2323225
20221111,10:01:12,42174.20,225,2323225
20221111,10:01:13,42175.45,225,2323225
20221111,10:01:15,42184.30,575,2323225
20221111,10:01:17,42183.25,75,2323225
20221111,10:01:18,42184.55,75,2323225
20221111,10:01:20,42183.80,100,2323225
20221111,10:01:21,42185.00,200,2323225
20221111,10:01:23,42185.00,425,2323225
20221111,10:01:25,42184.75,125,2323225
20221111,10:01:28,42186.85,475,2323225
20221111,10:01:30,42189.00,50,2323225
20221111,10:01:31,42190.00,50,2323225
20221111,10:01:33,42189.50,150,2323225
20221111,10:01:34,42189.00,50,2323225
20221111,10:01:36,42177.25,600,2323225
20221111,10:01:38,42177.45,200,2323225
20221111,10:01:39,42183.65,125,2323225
20221111,10:01:41,42185.00,25,2323225
20221111,10:01:42,42180.20,50,2323225
20221111,10:01:45,42180.20,50,2323225
20221111,10:01:47,42182.70,50,2323225
20221111,10:01:49,42185.95,100,2323225
20221111,10:01:50,42184.90,25,2323225
20221111,10:01:52,42186.60,275,2323225
20221111,10:01:53,42185.80,350,2323225
20221111,10:01:55,42184.75,100,2323225
20221111,10:01:56,42184.00,525,2323225
20221111,10:01:58,42184.55,50,2323225
20221111,10:02:00,42181.50,25,2323225
20221111,10:02:01,42175.10,275,2323225
20221111,10:02:03,42181.95,50,2323225
20221111,10:02:06,42177.35,525,2323225
20221111,10:02:08,42175.00,75,2323225
20221111,10:02:09,42175.75,75,2323225
20221111,10:02:13,42170.90,1025,2323225
20221111,10:02:14,42158.70,375,2323225
20221111,10:02:16,42163.40,100,2323225
20221111,10:02:17,42160.05,150,2323225
20221111,10:02:19,42162.35,75,2323225
20221111,10:02:21,42163.40,25,2323225
20221111,10:02:24,42163.80,125,2323225
20221111,10:02:26,42162.95,100,2323225
20221111,10:02:27,42155.00,125,2326125
20221111,10:02:29,42161.10,75,2326125
20221111,10:02:30,42165.90,100,2326125
20221111,10:02:32,42163.95,100,2326125
20221111,10:02:34,42158.20,25,2326125
20221111,10:02:35,42163.40,25,2326125
20221111,10:02:37,42165.00,25,2326125
20221111,10:02:38,42161.00,75,2326125
20221111,10:02:40,42155.45,25,2326125
20221111,10:02:43,42164.10,250,2326125
20221111,10:02:44,42160.85,25,2326125
20221111,10:02:46,42170.00,225,2326125
20221111,10:02:48,42168.50,25,2326125
20221111,10:02:49,42168.45,50,2326125
20221111,10:02:52,42162.25,25,2326125
20221111,10:02:54,42163.65,50,2326125
20221111,10:02:55,42167.45,50,2326125
20221111,10:02:57,42170.00,25,2326125
20221111,10:03:01,42164.35,25,2326125
20221111,10:03:03,42175.00,100,2326125
20221111,10:03:04,42170.05,925,2326125
20221111,10:03:06,42179.00,100,2326125
20221111,10:03:08,42177.60,50,2326125
20221111,10:03:09,42177.60,150,2326125
20221111,10:03:11,42176.65,75,2326125
20221111,10:03:12,42174.25,25,2326125
20221111,10:03:13,42177.20,50,2326125
20221111,10:03:15,42174.85,150,2326125
20221111,10:03:16,42170.00,150,2326125
20221111,10:03:20,42165.00,100,2326125
20221111,10:03:21,42162.25,50,2326125
20221111,10:03:26,42164.75,75,2326125
20221111,10:03:28,42160.00,25,2326125
20221111,10:03:29,42169.30,225,2326125
20221111,10:03:31,42165.15,50,2326125
20221111,10:03:32,42166.20,25,2326125
20221111,10:03:35,42167.95,75,2326125
20221111,10:03:37,42167.70,50,2326125
20221111,10:03:39,42162.25,25,2326125
20221111,10:03:40,42164.45,325,2326125
20221111,10:03:42,42161.00,50,2326125
20221111,10:03:43,42161.00,25,2326125
20221111,10:03:45,42161.60,25,2326125
20221111,10:03:47,42161.75,25,2326125
20221111,10:03:48,42155.00,825,2326125
20221111,10:03:50,42155.00,75,2326125
20221111,10:03:51,42158.35,75,2326125
20221111,10:03:53,42158.95,25,2326125
20221111,10:03:54,42153.65,50,2326125
20221111,10:03:56,42153.40,50,2326125
20221111,10:03:58,42158.00,25,2326125
20221111,10:03:59,42153.40,25,2326125
20221111,10:04:01,42150.00,375,2326125
20221111,10:04:02,42150.10,25,2326125
20221111,10:04:04,42150.65,125,2326125
20221111,10:04:05,42154.65,300,2326125
20221111,10:04:07,42155.85,75,2326125
20221111,10:04:09,42153.75,75,2326125
20221111,10:04:12,42151.00,300,2326125
20221111,10:04:13,42148.05,75,2326125
20221111,10:04:15,42150.95,125,2326125
20221111,10:04:17,42153.75,125,2326125
20221111,10:04:19,42149.40,350,2326125
20221111,10:04:20,42149.20,25,2326125
20221111,10:04:22,42149.55,25,2326125
20221111,10:04:25,42153.65,25,2326125
20221111,10:04:27,42153.80,50,2326125
20221111,10:04:28,42150.00,25,2326125
20221111,10:04:30,42145.00,325,2326125
20221111,10:04:32,42150.85,150,2326125
20221111,10:04:33,42150.95,125,2326125
20221111,10:04:36,42151.00,50,2326125
20221111,10:04:38,42151.00,50,2326125
20221111,10:04:43,42154.85,25,2326125
20221111,10:04:44,42150.00,175,2326125
20221111,10:04:46,42155.45,25,2326125
20221111,10:04:48,42154.75,125,2326125
20221111,10:04:49,42154.70,900,2326125
20221111,10:04:51,42150.00,75,2326125
20221111,10:04:53,42147.60,275,2326125
20221111,10:04:54,42150.55,25,2326125
20221111,10:04:56,42150.00,25,2326125
20221111,10:04:58,42145.50,275,2326125
20221111,10:04:59,42150.00,225,2326125
20221111,10:05:01,42152.70,350,2326125
20221111,10:05:02,42145.00,100,2326125
20221111,10:05:06,42146.30,100,2326125
20221111,10:05:07,42159.20,525,2326125
20221111,10:05:09,42150.25,125,2326125
20221111,10:05:11,42149.85,175,2326125
20221111,10:05:12,42149.95,50,2326125
20221111,10:05:14,42157.45,25,2326125
20221111,10:05:16,42157.70,175,2326125
20221111,10:05:17,42158.25,100,2326125
20221111,10:05:20,42158.40,25,2326125
20221111,10:05:24,42152.45,25,2326125
20221111,10:05:25,42152.55,25,2326125
20221111,10:05:27,42153.10,100,2325475
20221111,10:05:29,42157.90,125,2325475
20221111,10:05:30,42157.85,75,2325475
20221111,10:05:32,42156.60,375,2325475
20221111,10:05:33,42157.20,50,2325475
20221111,10:05:36,42159.05,25,2325475
20221111,10:05:38,42162.50,150,2325475
20221111,10:05:41,42160.00,825,2325475
20221111,10:05:43,42160.00,150,2325475
20221111,10:05:44,42160.35,25,2325475
20221111,10:05:48,42160.85,25,2325475
20221111,10:05:49,42157.20,50,2325475
20221111,10:05:51,42153.55,25,2325475
20221111,10:05:54,42158.90,25,2325475
20221111,10:05:55,42155.10,50,2325475
20221111,10:05:57,42158.20,25,2325475
20221111,10:05:59,42161.15,25,2325475
20221111,10:06:00,42152.45,100,2325475
20221111,10:06:02,42150.00,225,2325475
20221111,10:06:03,42154.80,275,2325475
20221111,10:06:11,42152.30,150,2325475
20221111,10:06:15,42160.00,125,2325475
20221111,10:06:16,42154.80,300,2325475
20221111,10:06:18,42154.80,100,2325475
20221111,10:06:20,42158.35,175,2325475
20221111,10:06:23,42160.00,75,2325475
20221111,10:06:24,42157.00,25,2325475
20221111,10:06:26,42154.20,325,2325475
20221111,10:06:29,42155.75,25,2325475
20221111,10:06:32,42150.55,150,2325475
20221111,10:06:35,42150.65,25,2325475
20221111,10:06:38,42159.50,125,2325475
20221111,10:06:40,42160.00,375,2325475
20221111,10:06:43,42162.00,125,2325475
20221111,10:06:44,42156.75,300,2325475
20221111,10:06:48,42158.85,150,2325475
20221111,10:06:49,42162.00,325,2325475
20221111,10:06:51,42165.00,150,2325475
20221111,10:06:56,42165.00,75,2325475
20221111,10:06:57,42163.90,250,2325475
20221111,10:06:59,42161.70,100,2325475
20221111,10:07:02,42158.45,50,2325475
20221111,10:07:04,42158.50,25,2325475
20221111,10:07:05,42154.80,75,2325475
20221111,10:07:08,42159.35,25,2325475
20221111,10:07:10,42157.70,25,2325475
20221111,10:07:11,42156.60,150,2325475
20221111,10:07:13,42156.95,25,2325475
20221111,10:07:14,42155.00,75,2325475
20221111,10:07:16,42151.05,50,2325475
20221111,10:07:17,42153.00,300,2325475
20221111,10:07:19,42154.85,75,2325475
20221111,10:07:21,42160.90,100,2325475
20221111,10:07:22,42160.45,175,2325475
20221111,10:07:24,42161.70,25,2325475
20221111,10:07:25,42157.80,150,2325475
20221111,10:07:27,42161.70,50,2325475
20221111,10:07:28,42162.05,250,2325475
20221111,10:07:32,42160.75,25,2325475
20221111,10:07:33,42159.40,300,2325475
20221111,10:07:35,42153.00,175,2325475
20221111,10:07:36,42158.85,50,2325475
20221111,10:07:38,42155.00,25,2325475
20221111,10:07:39,42156.75,50,2325475
20221111,10:07:41,42153.00,50,2325475
20221111,10:07:43,42155.00,100,2325475
20221111,10:07:44,42156.70,700,2325475
20221111,10:07:47,42157.90,25,2325475
20221111,10:07:49,42152.00,50,2325475
20221111,10:07:52,42151.70,25,2325475
20221111,10:07:53,42158.35,75,2325475
20221111,10:07:55,42160.30,25,2325475
20221111,10:07:56,42156.45,175,2325475
20221111,10:07:59,42157.05,100,2325475
20221111,10:08:01,42151.85,250,2325475
20221111,10:08:03,42157.45,25,2325475
20221111,10:08:04,42153.35,25,2325475
20221111,10:08:06,42159.05,25,2325475
20221111,10:08:10,42153.65,250,2325475
20221111,10:08:16,42156.50,25,2325475
20221111,10:08:18,42159.95,25,2325475
20221111,10:08:21,42156.65,25,2325475
20221111,10:08:23,42154.15,100,2325475
20221111,10:08:24,42157.70,50,2325475
20221111,10:08:26,42158.75,25,2325475
20221111,10:08:27,42159.55,25,2325475
20221111,10:08:29,42155.00,175,2322725
20221111,10:08:32,42159.85,150,2322725
20221111,10:08:34,42159.55,25,2322725
20221111,10:08:37,42155.00,100,2322725
20221111,10:08:42,42159.20,100,2322725
20221111,10:08:43,42155.00,25,2322725
20221111,10:08:45,42156.30,325,2322725
20221111,10:08:47,42151.85,825,2322725
20221111,10:08:52,42149.20,325,2322725
20221111,10:08:53,42152.10,25,2322725
20221111,10:08:55,42148.05,375,2322725
20221111,10:08:57,42147.80,200,2322725
20221111,10:08:58,42154.50,25,2322725
20221111,10:09:01,42148.70,125,2322725
20221111,10:09:03,42145.00,225,2322725
20221111,10:09:05,42145.00,300,2322725
20221111,10:09:06,42150.30,200,2322725
20221111,10:09:08,42150.30,100,2322725
20221111,10:09:09,42147.05,25,2322725
20221111,10:09:11,42147.30,250,2322725
20221111,10:09:12,42146.50,175,2322725
20221111,10:09:14,42145.30,50,2322725
20221111,10:09:18,42150.30,25,2322725
20221111,10:09:20,42149.90,100,2322725
20221111,10:09:21,42145.00,100,2322725
20221111,10:09:23,42147.95,175,2322725
20221111,10:09:25,42146.80,25,2322725
20221111,10:09:26,42147.95,25,2322725
20221111,10:09:28,42146.00,25,2322725
20221111,10:09:29,42149.00,50,2322725
20221111,10:09:31,42146.00,125,2322725
20221111,10:09:32,42148.60,25,2322725
20221111,10:09:34,42146.00,50,2322725
20221111,10:09:36,42150.30,150,2322725
20221111,10:09:37,42147.45,50,2322725
20221111,10:09:39,42150.30,75,2322725
20221111,10:09:40,42155.00,675,2322725
20221111,10:09:42,42155.75,75,2322725
20221111,10:09:43,42151.55,75,2322725
20221111,10:09:45,42150.00,75,2322725
20221111,10:09:50,42152.10,150,2322725
20221111,10:09:55,42159.00,50,2322725
20221111,10:09:56,42165.00,600,2322725
20221111,10:09:58,42167.45,75,2322725
20221111,10:09:59,42168.00,25,2322725
20221111,10:10:01,42163.30,100,2322725
20221111,10:10:03,42168.65,150,2322725
20221111,10:10:04,42168.35,50,2322725
20221111,10:10:06,42166.70,25,2322725
20221111,10:10:07,42164.80,75,2322725
20221111,10:10:09,42162.55,50,2322725
20221111,10:10:10,42160.10,125,2322725
20221111,10:10:13,42163.00,325,2322725
20221111,10:10:15,42163.00,75,2322725
20221111,10:10:17,42171.20,5875,2322725
20221111,10:10:18,42165.40,75,2322725
20221111,10:10:20,42164.05,50,2322725
20221111,10:10:21,42166.40,75,2322725
20221111,10:10:23,42166.55,75,2322725
20221111,10:10:25,42167.25,50,2322725
20221111,10:10:26,42165.90,100,2322725
20221111,10:10:28,42164.05,300,2322725
20221111,10:10:29,42160.85,50,2322725
20221111,10:10:31,42161.45,25,2322725
20221111,10:10:32,42166.40,100,2322725
20221111,10:10:36,42170.00,75,2322725
20221111,10:10:39,42167.25,75,2322725
20221111,10:10:40,42166.40,125,2322725
20221111,10:10:42,42171.05,325,2322725
20221111,10:10:45,42166.85,75,2322725
20221111,10:10:47,42170.15,125,2322725
20221111,10:10:48,42166.55,75,2322725
20221111,10:10:50,42166.20,25,2322725
20221111,10:10:52,42169.95,50,2322725
20221111,10:10:53,42171.05,75,2322725
20221111,10:10:55,42168.30,150,2322725
20221111,10:10:56,42169.25,50,2322725
20221111,10:10:58,42175.00,200,2322725
20221111,10:10:59,42176.85,325,2322725
20221111,10:11:01,42176.70,150,2322725
20221111,10:11:03,42172.00,175,2322725
20221111,10:11:04,42171.85,250,2322725
20221111,10:11:06,42175.90,50,2322725
20221111,10:11:07,42171.85,100,2322725
20221111,10:11:09,42173.20,50,2322725
20221111,10:11:11,42173.50,50,2322725
20221111,10:11:12,42172.35,25,2322725
20221111,10:11:14,42170.05,100,2322725
20221111,10:11:15,42170.40,25,2322725
20221111,10:11:17,42175.15,25,2322725
20221111,10:11:18,42176.35,175,2322725
20221111,10:11:19,42170.00,200,2322725
20221111,10:11:21,42174.20,200,2322725
20221111,10:11:23,42174.25,200,2322725
20221111,10:11:24,42172.15,125,2322725
20221111,10:11:25,42175.95,50,2322725
20221111,10:11:27,42177.95,50,2322725
20221111,10:11:29,42180.70,225,2328275
20221111,10:11:30,42181.95,100,2328275
20221111,10:11:32,42178.25,250,2328275
20221111,10:11:33,42178.45,150,2328275
20221111,10:11:35,42172.20,75,2328275
20221111,10:11:37,42176.35,75,2328275
20221111,10:11:38,42172.25,75,2328275
20221111,10:11:41,42167.40,1000,2328275
20221111,10:11:43,42171.35,175,2328275
20221111,10:11:44,42170.00,100,2328275
20221111,10:11:46,42175.90,75,2328275
20221111,10:11:47,42170.35,100,2328275
20221111,10:11:49,42170.50,50,2328275
20221111,10:11:50,42170.05,100,2328275
20221111,10:11:52,42173.00,25,2328275
20221111,10:11:53,42170.05,25,2328275
20221111,10:11:55,42170.00,25,2328275
20221111,10:11:57,42169.60,25,2328275
20221111,10:12:00,42166.35,25,2328275
20221111,10:12:01,42171.35,100,2328275
20221111,10:12:03,42170.55,25,2328275
20221111,10:12:06,42170.10,25,2328275
20221111,10:12:07,42166.35,150,2328275
20221111,10:12:09,42166.35,50,2328275
20221111,10:12:10,42170.10,25,2328275
20221111,10:12:12,42170.10,50,2328275
20221111,10:12:13,42170.55,100,2328275
20221111,10:12:15,42173.00,50,2328275
20221111,10:12:17,42177.20,25,2328275
20221111,10:12:20,42178.25,100,2328275
20221111,10:12:21,42179.60,150,2328275
20221111,10:12:23,42172.05,50,2328275
20221111,10:12:25,42173.00,25,2328275
20221111,10:12:26,42178.90,50,2328275
20221111,10:12:30,42180.00,50,2328275
20221111,10:12:33,42178.85,50,2328275
20221111,10:12:34,42178.85,25,2328275
20221111,10:12:36,42180.00,175,2328275
20221111,10:12:38,42180.00,25,2328275
20221111,10:12:39,42179.10,100,2328275
20221111,10:12:42,42177.05,250,2328275
20221111,10:12:44,42180.00,275,2328275
20221111,10:12:45,42180.00,100,2328275
20221111,10:12:47,42181.00,525,2328275
20221111,10:12:48,42182.00,25,2328275
20221111,10:12:50,42183.50,150,2328275
20221111,10:12:53,42183.60,175,2328275
20221111,10:12:55,42183.60,100,2328275
20221111,10:12:56,42183.60,25,2328275
20221111,10:12:58,42182.85,25,2328275
20221111,10:12:59,42184.05,50,2328275
20221111,10:13:01,42177.00,175,2328275
20221111,10:13:03,42177.00,50,2328275
20221111,10:13:06,42177.00,150,2328275
20221111,10:13:09,42179.90,175,2328275
20221111,10:13:11,42179.90,25,2328275
20221111,10:13:12,42180.30,25,2328275
20221111,10:13:14,42179.80,25,2328275
20221111,10:13:15,42175.80,25,2328275
20221111,10:13:17,42182.15,50,2328275
20221111,10:13:19,42177.05,175,2328275
20221111,10:13:22,42178.55,25,2328275
20221111,10:13:25,42182.00,50,2328275
20221111,10:13:27,42180.00,75,2328275
20221111,10:13:30,42180.90,25,2328275
20221111,10:13:31,42181.85,175,2328275
20221111,10:13:33,42181.85,50,2328275
20221111,10:13:34,42181.80,75,2328275
20221111,10:13:36,42181.65,25,2328275
20221111,10:13:38,42179.95,50,2328275
20221111,10:13:39,42178.00,25,2328275
20221111,10:13:41,42172.00,50,2328275
20221111,10:13:42,42179.55,75,2328275
20221111,10:13:44,42179.00,25,2328275
20221111,10:13:46,42177.25,25,2328275
20221111,10:13:47,42176.00,125,2328275
20221111,10:13:49,42175.90,575,2328275
20221111,10:13:52,42177.80,125,2328275
20221111,10:13:58,42177.80,75,2328275
20221111,10:13:59,42178.75,25,2328275
20221111,10:14:01,42172.00,100,2328275
20221111,10:14:03,42174.55,75,2328275
20221111,10:14:06,42170.00,50,2328275
20221111,10:14:07,42173.85,200,2328275
20221111,10:14:11,42170.35,25,2328275
20221111,10:14:12,42173.35,475,2328275
20221111,10:14:14,42173.30,25,2328275
20221111,10:14:15,42178.00,500,2328275
20221111,10:14:17,42175.45,50,2328275
20221111,10:14:19,42175.10,50,2328275
20221111,10:14:20,42175.00,25,2328275
20221111,10:14:23,42172.90,25,2328275
20221111,10:14:26,42179.95,250,2328275
20221111,10:14:28,42178.05,225,2328275
20221111,10:14:33,42176.50,150,2331175
20221111,10:14:34,42172.20,100,2331175
20221111,10:14:36,42171.10,25,2331175
20221111,10:14:40,42174.00,50,2331175
20221111,10:14:42,42174.50,25,2331175
20221111,10:14:43,42175.00,150,2331175
20221111,10:14:45,42178.00,850,2331175
20221111,10:14:48,42178.00,25,2331175
20221111,10:14:53,42175.20,400,2331175
20221111,10:14:56,42175.00,25,2331175
20221111,10:14:57,42175.00,25,2331175
20221111,10:14:59,42176.15,50,2331175
20221111,10:15:00,42174.00,2050,2331175
20221111,10:15:02,42172.55,525,2331175
20221111,10:15:04,42170.05,325,2331175
20221111,10:15:05,42176.90,25,2331175
20221111,10:15:07,42176.35,575,2331175
20221111,10:15:10,42175.80,625,2331175
20221111,10:15:11,42173.85,25,2331175
20221111,10:15:13,42169.95,450,2331175
20221111,10:15:15,42165.10,125,2331175
20221111,10:15:16,42175.05,500,2331175
20221111,10:15:20,42170.00,1400,2331175
20221111,10:15:21,42176.80,500,2331175
20221111,10:15:23,42176.85,50,2331175
20221111,10:15:25,42171.80,75,2331175
20221111,10:15:26,42178.65,100,2331175
20221111,10:15:28,42171.85,50,2331175
20221111,10:15:35,42170.10,575,2331175
20221111,10:15:36,42177.70,1075,2331175
20221111,10:15:38,42177.40,75,2331175
20221111,10:15:39,42180.00,550,2331175
20221111,10:15:41,42172.20,75,2331175
20221111,10:15:44,42177.65,25,2331175
20221111,10:15:46,42177.25,50,2331175
20221111,10:15:47,42180.00,750,2331175
20221111,10:15:51,42180.00,175,2331175
20221111,10:15:52,42180.00,300,2331175
20221111,10:15:54,42181.00,625,2331175
20221111,10:15:57,42180.60,775,2331175
20221111,10:15:59,42183.35,325,2331175
20221111,10:16:00,42172.90,825,2331175
20221111,10:16:02,42174.70,25,2331175
20221111,10:16:04,42173.00,100,2331175
20221111,10:16:05,42174.60,325,2331175
20221111,10:16:08,42177.70,125,2331175
20221111,10:16:10,42178.65,525,2331175
20221111,10:16:11,42179.95,700,2331175
20221111,10:16:15,42183.00,400,2331175
20221111,10:16:16,42183.00,400,2331175
20221111,10:16:18,42187.60,275,2331175
20221111,10:16:20,42184.15,25,2331175
20221111,10:16:21,42184.00,75,2331175
20221111,10:16:23,42184.00,275,2331175
20221111,10:16:25,42183.15,675,2331175
20221111,10:16:26,42179.75,175,2331175
20221111,10:16:28,42181.50,25,2331175
20221111,10:16:29,42181.50,25,2331175
20221111,10:16:31,42177.05,500,2331175
20221111,10:16:33,42184.70,600,2331175
20221111,10:16:34,42176.50,200,2331175
20221111,10:16:36,42182.80,75,2331175
20221111,10:16:38,42185.00,50,2331175
20221111,10:16:39,42182.80,525,2331175
20221111,10:16:41,42180.00,400,2331175
20221111,10:16:42,42185.00,100,2331175
20221111,10:16:45,42184.50,225,2331175
20221111,10:16:47,42182.50,75,2331175
20221111,10:16:50,42184.75,50,2331175
20221111,10:16:52,42180.05,200,2331175
20221111,10:16:54,42183.60,50,2331175
20221111,10:16:58,42182.00,150,2331175
20221111,10:17:00,42184.65,100,2331175
20221111,10:17:02,42180.00,100,2331175
20221111,10:17:03,42178.55,75,2331175
20221111,10:17:05,42180.00,75,2331175
20221111,10:17:08,42182.90,25,2331175
20221111,10:17:10,42181.15,50,2331175
20221111,10:17:11,42183.10,50,2331175
20221111,10:17:13,42184.50,225,2331175
20221111,10:17:14,42182.85,100,2331175
20221111,10:17:16,42182.85,25,2331175
20221111,10:17:17,42184.65,50,2331175
20221111,10:17:19,42182.90,50,2331175
20221111,10:17:20,42184.75,125,2331175
20221111,10:17:23,42184.65,225,2331175
20221111,10:17:25,42185.00,1100,2331175
20221111,10:17:27,42187.00,275,2331175
20221111,10:17:31,42185.65,50,2338950
20221111,10:17:36,42186.35,300,2338950
20221111,10:17:37,42186.55,150,2338950
20221111,10:17:39,42180.10,25,2338950
20221111,10:17:44,42180.00,150,2338950
20221111,10:17:45,42180.00,50,2338950
20221111,10:17:47,42181.25,75,2338950
20221111,10:17:48,42178.45,325,2338950
20221111,10:17:50,42179.05,100,2338950
20221111,10:17:52,42178.70,100,2338950
20221111,10:17:53,42178.80,100,2338950
20221111,10:17:55,42179.05,50,2338950
20221111,10:17:56,42180.25,150,2338950
20221111,10:17:58,42186.00,100,2338950
20221111,10:18:01,42175.30,200,2338950
20221111,10:18:03,42180.20,50,2338950
20221111,10:18:04,42183.30,100,2338950
20221111,10:18:06,42183.30,25,2338950
20221111,10:18:07,42184.40,75,2338950
20221111,10:18:09,42184.60,25,2338950
20221111,10:18:10,42178.65,75,2338950
20221111,10:18:12,42177.15,50,2338950
20221111,10:18:15,42181.45,1875,2338950
20221111,10:18:17,42180.85,25,2338950
20221111,10:18:20,42177.90,50,2338950
20221111,10:18:23,42170.05,525,2338950
20221111,10:18:25,42176.65,25,2338950
20221111,10:18:26,42178.00,25,2338950
20221111,10:18:28,42180.10,125,2338950
20221111,10:18:30,42180.85,850,2338950
20221111,10:18:31,42179.00,25,2338950
20221111,10:18:33,42177.85,150,2338950
20221111,10:18:34,42178.40,25,2338950
20221111,10:18:36,42178.40,250,2338950
20221111,10:18:38,42175.00,25,2338950
20221111,10:18:39,42177.75,25,2338950
20221111,10:18:41,42179.00,25,2338950
20221111,10:18:42,42181.40,75,2338950
20221111,10:18:46,42180.20,100,2338950
20221111,10:18:49,42175.90,25,2338950
20221111,10:18:52,42180.00,50,2338950
20221111,10:18:53,42180.00,50,2338950
20221111,10:18:56,42175.00,50,2338950
20221111,10:18:58,42180.00,50,2338950
20221111,10:19:01,42170.05,475,2338950
20221111,10:19:03,42167.50,425,2338950
20221111,10:19:04,42168.65,300,2338950
20221111,10:19:06,42176.90,25,2338950
20221111,10:19:09,42175.00,25,2338950
20221111,10:19:11,42173.10,125,2338950
20221111,10:19:12,42172.00,200,2338950
20221111,10:19:14,42173.10,100,2338950
20221111,10:19:15,42173.40,100,2338950
20221111,10:19:17,42172.65,400,2338950
20221111,10:19:20,42170.95,25,2338950
20221111,10:19:22,42165.00,75,2338950
20221111,10:19:23,42169.00,100,2338950
20221111,10:19:25,42162.70,100,2338950
20221111,10:19:26,42169.00,50,2338950
20221111,10:19:28,42162.20,175,2338950
20221111,10:19:29,42168.05,75,2338950
20221111,10:19:31,42170.00,25,2338950
20221111,10:19:32,42169.00,50,2338950
20221111,10:19:34,42170.10,50,2338950
20221111,10:19:36,42170.65,75,2338950
20221111,10:19:37,42165.50,75,2338950
20221111,10:19:39,42170.65,25,2338950
20221111,10:19:40,42172.15,325,2338950
20221111,10:19:42,42171.05,125,2338950
20221111,10:19:44,42166.30,50,2338950
20221111,10:19:45,42162.00,125,2338950
20221111,10:19:47,42161.30,1075,2338950
20221111,10:19:48,42154.05,175,2338950
20221111,10:19:50,42161.00,50,2338950
20221111,10:19:52,42160.00,25,2338950
20221111,10:19:53,42154.15,50,2338950
20221111,10:19:55,42154.15,100,2338950
20221111,10:19:58,42157.90,150,2338950
20221111,10:20:00,42157.70,975,2338950
20221111,10:20:01,42150.00,600,2338950
20221111,10:20:03,42154.15,550,2338950
20221111,10:20:05,42148.25,200,2338950
20221111,10:20:06,42156.65,550,2338950
20221111,10:20:08,42158.30,200,2338950
20221111,10:20:09,42150.50,700,2338950
20221111,10:20:11,42153.95,3350,2338950
20221111,10:20:12,42159.80,150,2338950
20221111,10:20:14,42156.40,775,2338950
20221111,10:20:15,42159.80,75,2338950
20221111,10:20:17,42163.95,175,2338950
20221111,10:20:19,42159.95,50,2338950
20221111,10:20:20,42163.45,1200,2338950
20221111,10:20:22,42161.50,25,2338950
20221111,10:20:25,42161.85,850,2338950
20221111,10:20:26,42160.45,250,2338950
20221111,10:20:28,42159.80,125,2338950
20221111,10:20:30,42161.85,325,2343300
20221111,10:20:31,42164.40,100,2343300
20221111,10:20:33,42161.05,150,2343300
20221111,10:20:34,42165.00,50,2343300
20221111,10:20:36,42160.65,50,2343300
20221111,10:20:37,42162.40,475,2343300
20221111,10:20:39,42161.65,200,2343300
20221111,10:20:40,42164.40,75,2343300
20221111,10:20:43,42163.90,50,2343300
20221111,10:20:45,42165.00,75,2343300
20221111,10:20:47,42168.00,75,2343300
20221111,10:20:48,42166.45,25,2343300
20221111,10:20:50,42169.30,75,2343300
20221111,10:20:51,42169.70,75,2343300
20221111,10:20:54,42167.00,50,2343300
20221111,10:20:56,42167.00,200,2343300
20221111,10:20:57,42166.90,200,2343300
20221111,10:20:59,42166.35,175,2343300
20221111,10:21:00,42167.10,75,2343300
20221111,10:21:02,42165.20,50,2343300
20221111,10:21:03,42159.80,225,2343300
20221111,10:21:05,42164.05,100,2343300
20221111,10:21:07,42165.55,100,2343300
20221111,10:21:08,42162.80,100,2343300
20221111,10:21:10,42161.30,225,2343300
20221111,10:21:11,42163.85,475,2343300
20221111,10:21:13,42160.80,75,2343300
20221111,10:21:15,42159.75,50,2343300
20221111,10:21:16,42160.90,625,2343300
20221111,10:21:18,42155.25,500,2343300
20221111,10:21:20,42157.85,150,2343300
20221111,10:21:21,42154.35,25,2343300
20221111,10:21:23,42158.10,100,2343300
20221111,10:21:25,42153.20,200,2343300
20221111,10:21:26,42153.10,250,2343300
20221111,10:21:28,42146.75,850,2343300
20221111,10:21:29,42143.50,175,2343300
20221111,10:21:31,42143.00,50,2343300
20221111,10:21:33,42143.00,75,2343300
20221111,10:21:34,42146.30,925,2343300
20221111,10:21:36,42148.05,275,2343300
20221111,10:21:37,42139.35,2600,2343300
20221111,10:21:39,42131.60,550,2343300
20221111,10:21:41,42136.85,850,2343300
20221111,10:21:42,42135.65,225,2343300
20221111,10:21:44,42133.10,200,2343300
20221111,10:21:46,42137.55,175,2343300
20221111,10:21:47,42133.65,275,2343300
20221111,10:21:49,42133.10,450,2343300
20221111,10:21:51,42132.00,300,2343300
20221111,10:21:52,42134.95,225,2343300
20221111,10:21:54,42117.25,9225,2343300
20221111,10:21:56,42120.50,450,2343300
20221111,10:21:57,42118.55,100,2343300
20221111,10:21:59,42115.00,1025,2343300
20221111,10:22:00,42114.50,275,2343300
20221111,10:22:02,42106.00,2875,2343300
20221111,10:22:04,42110.05,800,2343300
20221111,10:22:05,42116.15,350,2343300
20221111,10:22:07,42112.00,50,2343300
20221111,10:22:09,42113.65,925,2343300
20221111,10:22:10,42120.45,675,2343300
20221111,10:22:12,42115.55,375,2343300
20221111,10:22:14,42122.30,350,2343300
20221111,10:22:15,42114.10,275,2343300
20221111,10:22:17,42116.20,150,2343300
20221111,10:22:18,42119.30,75,2343300
20221111,10:22:20,42115.90,25,2343300
20221111,10:22:21,42119.30,200,2343300
20221111,10:22:23,42121.60,75,2343300
20221111,10:22:24,42122.20,75,2343300
20221111,10:22:26,42120.50,125,2343300
20221111,10:22:28,42121.60,300,2343300
20221111,10:22:29,42123.30,100,2343300
20221111,10:22:31,42120.75,925,2343300
20221111,10:22:33,42114.35,225,2343300
20221111,10:22:34,42109.00,300,2343300
20221111,10:22:36,42112.15,600,2343300
20221111,10:22:37,42112.40,225,2343300
20221111,10:22:39,42110.00,50,2343300
20221111,10:22:41,42113.30,125,2343300
20221111,10:22:42,42119.45,775,2343300
20221111,10:22:44,42125.00,200,2343300
20221111,10:22:46,42124.05,50,2343300
20221111,10:22:47,42124.80,675,2343300
20221111,10:22:49,42130.05,150,2343300
20221111,10:22:50,42133.85,175,2343300
20221111,10:22:52,42136.00,100,2343300
20221111,10:22:54,42135.00,150,2343300
20221111,10:22:55,42133.35,225,2343300
20221111,10:22:57,42138.70,25,2343300
20221111,10:22:59,42142.35,200,2343300
20221111,10:23:00,42132.05,150,2343300
20221111,10:23:02,42135.00,250,2343300
20221111,10:23:04,42140.85,325,2343300
20221111,10:23:05,42137.45,350,2343300
20221111,10:23:07,42137.65,125,2343300
20221111,10:23:09,42135.00,1025,2343300
20221111,10:23:10,42136.60,125,2343300
20221111,10:23:13,42135.00,150,2343300
20221111,10:23:15,42140.15,750,2343300
20221111,10:23:16,42134.30,75,2343300
20221111,10:23:20,42136.45,175,2343300
20221111,10:23:21,42142.00,75,2343300
20221111,10:23:23,42135.60,50,2343300
20221111,10:23:25,42138.60,75,2343300
20221111,10:23:26,42138.15,100,2343300
20221111,10:23:29,42134.30,50,2343300
20221111,10:23:31,42135.60,50,2350725
20221111,10:23:33,42135.60,100,2350725
20221111,10:23:34,42136.25,100,2350725
20221111,10:23:36,42132.05,75,2350725
20221111,10:23:37,42134.30,425,2350725
20221111,10:23:39,42131.70,150,2350725
20221111,10:23:41,42130.05,375,2350725
