20221111,09:15:00,42500.00,1,372675
20221111,09:15:00,42500.05,1,372675
20221111,09:15:00,42398.40,1,372675
20221111,09:15:00,42400.00,625,372675
20221111,09:15:01,42473.90,25,372675
20221111,09:15:02,42438.70,200,372675
20221111,09:15:03,42474.65,225,372675
20221111,09:15:04,42462.60,400,372675
20221111,09:15:06,42475.95,150,372675
20221111,09:15:06,42428.40,950,372675
20221111,09:15:07,42466.20,550,372675
20221111,09:15:08,42448.05,250,372675
20221111,09:15:09,42440.70,575,372675
20221111,09:15:11,42452.30,300,372675
20221111,09:15:11,42432.80,125,372675
20221111,09:15:12,42422.10,100,372675
20221111,09:15:13,42430.70,225,372675
20221111,09:15:14,42422.90,425,372675
20221111,09:15:16,42395.10,175,372675
20221111,09:15:16,42395.10,100,372675
20221111,09:15:17,42389.95,375,372675
20221111,09:15:18,42389.95,200,372675
20221111,09:15:19,42400.40,275,372675
20221111,09:15:21,42376.90,300,372675
20221111,09:15:21,42395.05,50,372675
20221111,09:15:22,42408.05,25,372675
20221111,09:15:25,42399.80,50,372675
20221111,09:15:26,42400.10,75,372675
20221111,09:15:27,42393.75,250,372675
20221111,09:15:28,42397.25,225,372675
20221111,09:15:30,42400.10,400,372675
20221111,09:15:30,42402.20,25,372675
20221111,09:15:31,42401.65,25,372675
20221111,09:15:32,42401.05,50,372675
20221111,09:15:34,42412.25,50,372675
20221111,09:15:34,42408.50,350,372675
20221111,09:15:35,42419.40,175,372675
20221111,09:15:36,42402.15,175,372675
20221111,09:15:38,42421.05,1200,372675
20221111,09:15:38,42419.75,200,372675
20221111,09:15:39,42420.00,175,372675
20221111,09:15:40,42410.90,25,372675
20221111,09:15:43,42417.70,25,372675
20221111,09:15:43,42411.80,175,372675
20221111,09:15:45,42424.65,500,372675
20221111,09:15:46,42411.15,50,372675
20221111,09:15:47,42407.55,350,372675
20221111,09:15:47,42407.60,25,372675
20221111,09:15:49,42407.90,50,372675
20221111,09:15:50,42407.85,50,372675
20221111,09:15:51,42407.90,175,372675
20221111,09:15:52,42408.65,75,372675
20221111,09:15:54,42411.10,575,372675
20221111,09:15:55,42411.15,50,372675
20221111,09:15:55,42415.60,50,372675
20221111,09:15:58,42419.75,100,372675
20221111,09:15:59,42422.50,100,372675
20221111,09:16:00,42420.00,250,372675
20221111,09:16:02,42415.25,125,372675
20221111,09:16:03,42419.75,50,372675
20221111,09:16:03,42414.10,25,372675
20221111,09:16:04,42424.95,25,372675
20221111,09:16:06,42415.75,25,372675
20221111,09:16:07,42425.00,125,372675
20221111,09:16:07,42426.25,50,372675
20221111,09:16:08,42427.00,275,372675
20221111,09:16:10,42426.30,150,372675
20221111,09:16:11,42435.00,200,372675
20221111,09:16:11,42430.45,25,372675
20221111,09:16:12,42435.00,50,372675
20221111,09:16:14,42430.00,175,372675
20221111,09:16:17,42445.30,100,372675
20221111,09:16:18,42436.55,50,372675
20221111,09:16:19,42449.70,125,372675
20221111,09:16:21,42450.00,150,372675
20221111,09:16:22,42440.40,25,372675
20221111,09:16:24,42450.60,1125,372675
20221111,09:16:25,42448.05,400,372675
20221111,09:16:25,42457.95,50,372675
20221111,09:16:27,42440.25,125,372675
20221111,09:16:28,42440.40,100,372675
20221111,09:16:29,42450.00,50,372675
20221111,09:16:29,42456.70,50,372675
20221111,09:16:31,42442.60,25,372675
20221111,09:16:32,42443.20,175,372675
20221111,09:16:32,42443.35,50,372675
20221111,09:16:33,42456.15,325,372675
20221111,09:16:35,42440.25,50,372675
20221111,09:16:36,42441.05,25,372675
20221111,09:16:37,42442.60,50,372675
20221111,09:16:39,42440.95,125,372675
20221111,09:16:40,42440.95,25,372675
20221111,09:16:40,42440.90,100,372675
20221111,09:16:41,42439.15,50,372675
20221111,09:16:43,42441.05,25,372675
20221111,09:16:44,42441.95,325,372675
20221111,09:16:45,42432.10,25,372675
20221111,09:16:47,42425.20,175,372675
20221111,09:16:48,42427.50,100,372675
20221111,09:16:49,42421.00,100,372675
20221111,09:16:51,42411.60,125,372675
20221111,09:16:52,42412.35,25,372675
20221111,09:16:52,42423.85,25,372675
20221111,09:16:53,42419.45,100,372675
20221111,09:16:55,42417.50,100,372675
20221111,09:16:56,42414.35,50,372675
20221111,09:16:57,42417.70,25,372675
20221111,09:16:57,42427.30,50,372675
20221111,09:16:58,42416.55,25,372675
20221111,09:17:00,42428.00,50,372675
20221111,09:17:01,42422.95,25,372675
20221111,09:17:02,42421.90,100,372675
20221111,09:17:04,42423.00,125,372675
20221111,09:17:05,42417.20,25,372675
20221111,09:17:06,42419.95,25,372675
20221111,09:17:08,42410.40,150,372675
20221111,09:17:09,42403.85,500,372675
20221111,09:17:10,42411.05,75,372675
20221111,09:17:12,42400.10,125,372675
20221111,09:17:13,42404.00,100,372675
20221111,09:17:14,42400.00,75,372675
20221111,09:17:14,42405.00,175,372675
20221111,09:17:18,42403.90,250,372675
20221111,09:17:18,42405.40,25,372675
20221111,09:17:22,42400.10,150,372675
20221111,09:17:22,42401.00,25,372675
20221111,09:17:25,42406.40,75,370350
20221111,09:17:26,42419.90,25,370350
20221111,09:17:26,42407.95,25,370350
20221111,09:17:29,42396.50,200,370350
20221111,09:17:30,42402.30,175,370350
20221111,09:17:32,42415.05,200,370350
20221111,09:17:33,42407.35,150,370350
20221111,09:17:37,42415.05,25,370350
20221111,09:17:37,42411.05,25,370350
20221111,09:17:40,42407.35,25,370350
20221111,09:17:42,42414.95,25,370350
20221111,09:17:44,42408.55,50,370350
20221111,09:17:46,42407.35,50,370350
20221111,09:17:47,42405.55,325,370350
20221111,09:17:50,42405.15,50,370350
20221111,09:17:51,42410.00,75,370350
20221111,09:17:54,42406.95,375,370350
20221111,09:17:56,42415.00,200,370350
20221111,09:17:57,42410.10,25,370350
20221111,09:17:58,42418.00,75,370350
20221111,09:18:00,42417.95,75,370350
20221111,09:18:02,42410.65,25,370350
20221111,09:18:05,42419.00,150,370350
20221111,09:18:07,42405.20,150,370350
20221111,09:18:08,42415.25,525,370350
20221111,09:18:09,42413.80,25,370350
20221111,09:18:11,42416.00,50,370350
20221111,09:18:12,42416.40,125,370350
20221111,09:18:15,42405.00,100,370350
20221111,09:18:16,42405.00,25,370350
20221111,09:18:17,42403.50,250,370350
20221111,09:18:19,42400.00,25,370350
20221111,09:18:21,42400.00,25,370350
20221111,09:18:26,42402.70,125,370350
20221111,09:18:28,42400.00,25,370350
20221111,09:18:29,42394.15,25,370350
20221111,09:18:30,42394.15,50,370350
20221111,09:18:31,42384.95,75,370350
20221111,09:18:32,42391.65,75,370350
20221111,09:18:34,42394.15,500,370350
20221111,09:18:36,42400.00,225,370350
20221111,09:18:37,42401.95,75,370350
20221111,09:18:39,42401.60,25,370350
20221111,09:18:40,42401.90,25,370350
20221111,09:18:41,42402.95,25,370350
20221111,09:18:44,42403.95,25,370350
20221111,09:18:45,42404.60,25,370350
20221111,09:18:48,42409.95,25,370350
20221111,09:18:49,42409.95,25,370350
20221111,09:18:50,42402.90,75,370350
20221111,09:18:51,42402.95,25,370350
20221111,09:18:53,42393.05,25,370350
20221111,09:18:55,42400.00,25,370350
20221111,09:18:56,42400.00,25,370350
20221111,09:18:59,42394.00,50,370350
20221111,09:19:01,42390.80,25,370350
20221111,09:19:03,42393.80,325,370350
20221111,09:19:04,42392.50,50,370350
20221111,09:19:05,42394.10,100,370350
20221111,09:19:06,42396.00,25,370350
20221111,09:19:07,42396.00,25,370350
20221111,09:19:09,42394.30,25,370350
20221111,09:19:10,42393.45,50,370350
20221111,09:19:11,42390.80,75,370350
20221111,09:19:15,42390.00,100,370350
20221111,09:19:17,42390.00,25,370350
20221111,09:19:18,42391.95,125,370350
20221111,09:19:21,42387.95,25,370350
20221111,09:19:22,42385.50,25,370350
20221111,09:19:23,42390.80,275,370350
20221111,09:19:27,42400.00,50,370350
20221111,09:19:28,42404.00,150,370350
20221111,09:19:29,42395.05,25,370350
20221111,09:19:30,42400.00,25,370350
20221111,09:19:31,42395.05,25,370350
20221111,09:19:33,42390.50,25,370350
20221111,09:19:35,42403.00,25,370350
20221111,09:19:37,42396.70,25,370350
20221111,09:19:38,42401.95,100,370350
20221111,09:19:39,42393.30,50,370350
20221111,09:19:40,42400.00,75,370350
20221111,09:19:42,42403.00,25,370350
20221111,09:19:43,42400.00,25,370350
20221111,09:19:44,42401.60,100,370350
20221111,09:19:45,42400.95,50,370350
20221111,09:19:46,42401.10,175,370350
20221111,09:19:48,42403.00,50,370350
20221111,09:19:49,42409.60,25,370350
20221111,09:19:50,42400.10,75,370350
20221111,09:19:51,42400.00,25,370350
20221111,09:19:52,42400.30,175,370350
20221111,09:19:55,42408.30,50,370350
20221111,09:19:56,42402.60,50,370350
20221111,09:19:57,42397.15,25,370350
20221111,09:19:58,42409.65,25,370350
20221111,09:19:59,42401.70,75,370350
20221111,09:20:02,42405.40,125,370350
20221111,09:20:05,42408.30,50,370350
20221111,09:20:06,42410.00,25,370350
20221111,09:20:07,42405.00,50,370350
20221111,09:20:08,42410.00,50,370350
20221111,09:20:10,42411.00,350,370350
20221111,09:20:11,42415.00,50,370350
20221111,09:20:12,42416.40,25,370350
20221111,09:20:14,42416.35,25,370350
20221111,09:20:17,42420.00,125,370350
20221111,09:20:19,42421.20,25,370350
20221111,09:20:21,42422.00,50,370350
20221111,09:20:22,42421.40,25,370275
20221111,09:20:24,42422.00,25,370275
20221111,09:20:25,42423.85,25,370275
20221111,09:20:27,42428.00,200,370275
20221111,09:20:29,42424.75,25,370275
20221111,09:20:32,42429.60,50,370275
20221111,09:20:33,42425.55,50,370275
20221111,09:20:35,42430.00,300,370275
20221111,09:20:37,42429.00,75,370275
20221111,09:20:38,42432.00,75,370275
20221111,09:20:40,42431.95,25,370275
20221111,09:20:41,42424.25,475,370275
20221111,09:20:44,42427.10,450,370275
20221111,09:20:48,42424.35,225,370275
20221111,09:20:52,42434.90,75,370275
20221111,09:20:54,42435.00,375,370275
20221111,09:20:56,42432.55,50,370275
20221111,09:20:57,42434.85,25,370275
20221111,09:20:59,42439.30,50,370275
20221111,09:21:02,42435.00,25,370275
20221111,09:21:04,42434.85,100,370275
20221111,09:21:05,42432.05,50,370275
20221111,09:21:07,42434.45,200,370275
20221111,09:21:09,42435.90,25,370275
20221111,09:21:10,42435.35,25,370275
20221111,09:21:12,42438.10,50,370275
20221111,09:21:13,42434.45,25,370275
20221111,09:21:15,42435.75,25,370275
20221111,09:21:17,42431.70,75,370275
20221111,09:21:18,42435.75,25,370275
20221111,09:21:20,42433.90,100,370275
20221111,09:21:22,42430.55,75,370275
20221111,09:21:23,42427.70,75,370275
20221111,09:21:25,42432.40,125,370275
20221111,09:21:27,42422.35,50,370275
20221111,09:21:28,42422.00,50,370275
20221111,09:21:30,42419.25,25,370275
20221111,09:21:32,42413.75,25,370275
20221111,09:21:33,42412.65,125,370275
20221111,09:21:37,42418.35,25,370275
20221111,09:21:38,42418.00,25,370275
20221111,09:21:40,42415.85,50,370275
20221111,09:21:43,42414.95,50,370275
20221111,09:21:48,42410.25,75,370275
20221111,09:21:49,42413.70,50,370275
20221111,09:21:51,42414.55,50,370275
20221111,09:21:54,42414.05,50,370275
20221111,09:21:56,42411.10,75,370275
20221111,09:21:59,42416.10,75,370275
20221111,09:22:01,42413.80,125,370275
20221111,09:22:02,42410.00,25,370275
20221111,09:22:04,42407.95,25,370275
20221111,09:22:06,42400.10,125,370275
20221111,09:22:07,42399.00,175,370275
20221111,09:22:09,42399.00,75,370275
20221111,09:22:10,42395.20,25,370275
20221111,09:22:14,42405.00,25,370275
20221111,09:22:15,42397.80,25,370275
20221111,09:22:17,42399.00,25,370275
20221111,09:22:19,42394.05,100,370275
20221111,09:22:20,42400.00,25,370275
20221111,09:22:22,42396.55,25,370275
20221111,09:22:24,42398.95,50,370275
20221111,09:22:27,42392.70,25,370275
20221111,09:22:30,42388.65,125,370275
20221111,09:22:33,42383.50,50,370275
20221111,09:22:37,42390.00,100,370275
20221111,09:22:38,42384.30,225,370275
20221111,09:22:40,42389.95,25,370275
20221111,09:22:42,42389.50,125,370275
20221111,09:22:46,42385.05,100,370275
20221111,09:22:48,42390.85,50,370275
20221111,09:22:50,42394.75,75,370275
20221111,09:22:51,42395.00,300,370275
20221111,09:22:53,42392.30,25,370275
20221111,09:22:55,42388.05,50,370275
20221111,09:22:56,42388.05,25,370275
20221111,09:22:58,42386.35,275,370275
20221111,09:23:00,42390.00,25,370275
20221111,09:23:01,42390.00,25,370275
20221111,09:23:03,42390.35,25,370275
20221111,09:23:06,42387.85,25,370275
20221111,09:23:09,42390.00,25,370275
20221111,09:23:11,42388.25,75,370275
20221111,09:23:13,42389.90,50,370275
20221111,09:23:16,42385.00,75,370275
20221111,09:23:17,42389.95,50,370275
20221111,09:23:19,42390.00,300,370275
20221111,09:23:24,42387.95,25,370950
20221111,09:23:26,42395.65,75,370950
20221111,09:23:30,42395.70,50,370950
20221111,09:23:34,42400.00,50,370950
20221111,09:23:35,42400.00,50,370950
20221111,09:23:37,42400.00,400,370950
20221111,09:23:39,42399.45,25,370950
20221111,09:23:42,42395.65,50,370950
20221111,09:23:44,42400.00,150,370950
20221111,09:23:45,42393.30,25,370950
20221111,09:23:47,42391.90,50,370950
20221111,09:23:50,42396.25,125,370950
20221111,09:23:55,42388.90,50,370950
20221111,09:24:02,42400.55,50,370950
20221111,09:24:03,42398.95,100,370950
20221111,09:24:07,42402.15,150,370950
20221111,09:24:08,42402.95,25,370950
20221111,09:24:12,42408.85,75,370950
20221111,09:24:16,42396.25,150,370950
20221111,09:24:18,42396.25,25,370950
20221111,09:24:23,42396.25,25,370950
20221111,09:24:25,42397.50,50,370950
20221111,09:24:26,42398.25,100,370950
20221111,09:24:28,42402.20,25,370950
20221111,09:24:32,42402.80,150,370950
20221111,09:24:33,42400.00,50,370950
20221111,09:24:38,42404.95,50,370950
20221111,09:24:41,42405.00,50,370950
20221111,09:24:45,42405.00,50,370950
20221111,09:24:46,42405.00,25,370950
20221111,09:24:48,42400.20,25,370950
20221111,09:24:50,42404.95,50,370950
20221111,09:24:51,42405.00,100,370950
20221111,09:24:53,42405.00,25,370950
20221111,09:24:55,42405.00,25,370950
20221111,09:24:56,42405.00,150,370950
20221111,09:25:00,42401.40,100,370950
20221111,09:25:01,42399.85,125,370950
20221111,09:25:08,42405.00,200,370950
20221111,09:25:11,42405.00,25,370950
20221111,09:25:15,42404.95,75,370950
20221111,09:25:18,42403.50,75,370950
20221111,09:25:19,42405.00,175,370950
20221111,09:25:23,42418.50,750,370950
20221111,09:25:24,42402.15,150,370950
20221111,09:25:26,42404.95,50,370950
20221111,09:25:28,42400.25,100,370950
20221111,09:25:29,42399.90,75,370950
20221111,09:25:31,42399.90,50,370950
20221111,09:25:34,42404.80,25,370950
20221111,09:25:39,42409.95,100,370950
20221111,09:25:41,42401.70,50,370950
20221111,09:25:44,42399.00,250,370950
20221111,09:25:46,42399.65,100,370950
20221111,09:25:49,42400.05,75,370950
20221111,09:25:54,42401.25,50,370950
20221111,09:25:57,42406.50,25,370950
20221111,09:25:59,42406.00,25,370950
20221111,09:26:02,42400.65,325,370950
20221111,09:26:08,42402.15,25,370950
20221111,09:26:18,42407.25,25,370950
20221111,09:26:23,42404.75,50,370950
20221111,09:26:31,42405.70,25,372125
20221111,09:26:32,42410.00,25,372125
20221111,09:26:34,42410.00,25,372125
20221111,09:26:35,42415.00,25,372125
20221111,09:26:40,42410.00,25,372125
20221111,09:26:44,42399.00,200,372125
20221111,09:26:47,42398.15,25,372125
20221111,09:26:52,42405.95,100,372125
20221111,09:26:54,42406.50,25,372125
20221111,09:26:57,42400.00,250,372125
20221111,09:26:59,42398.60,100,372125
20221111,09:27:00,42400.00,25,372125
20221111,09:27:03,42402.40,25,372125
20221111,09:27:10,42400.00,25,372125
20221111,09:27:21,42392.00,25,372125
20221111,09:27:23,42396.15,50,372125
20221111,09:27:25,42399.95,50,372125
20221111,09:27:53,42393.35,100,372125
20221111,09:27:54,42394.55,200,372125
20221111,09:28:08,42398.00,50,372125
20221111,09:28:14,42398.00,50,372125
20221111,09:28:16,42392.40,50,372125
20221111,09:28:17,42398.00,25,372125
20221111,09:28:19,42395.05,50,372125
20221111,09:28:21,42395.30,25,372125
20221111,09:28:22,42398.00,50,372125
20221111,09:28:25,42393.55,25,372125
20221111,09:28:27,42393.00,150,372125
20221111,09:28:29,42398.00,25,372125
20221111,09:28:32,42390.25,25,372125
20221111,09:28:34,42390.60,25,372125
20221111,09:28:38,42383.65,300,372125
20221111,09:28:43,42384.10,25,372125
20221111,09:28:46,42383.40,125,372125
20221111,09:28:50,42384.85,25,372125
20221111,09:28:53,42384.00,25,372125
20221111,09:28:56,42382.30,50,372125
20221111,09:29:00,42382.00,25,372125
20221111,09:29:01,42383.70,125,372125
20221111,09:29:03,42376.85,250,372125
20221111,09:29:05,42375.00,50,372125
20221111,09:29:06,42375.00,75,372125
20221111,09:29:08,42370.25,50,372125
20221111,09:29:09,42368.85,75,372125
20221111,09:29:11,42366.65,25,372125
20221111,09:29:13,42366.65,25,372125
20221111,09:29:16,42378.65,75,372125
20221111,09:29:19,42371.65,25,372125
20221111,09:29:23,42370.80,25,372125
20221111,09:29:24,42375.00,75,372525
20221111,09:29:26,42378.70,25,372525
20221111,09:29:28,42378.70,75,372525
20221111,09:29:29,42376.95,25,372525
20221111,09:29:31,42377.00,25,372525
20221111,09:29:34,42381.95,25,372525
20221111,09:29:36,42375.00,50,372525
20221111,09:29:37,42371.95,75,372525
20221111,09:29:44,42381.00,25,372525
20221111,09:29:46,42375.75,50,372525
20221111,09:29:47,42376.75,50,372525
20221111,09:29:49,42379.80,50,372525
20221111,09:29:57,42379.50,25,372525
20221111,09:29:58,42374.10,25,372525
20221111,09:30:00,42376.10,75,372525
20221111,09:30:03,42372.05,100,372525
20221111,09:30:05,42375.70,100,372525
20221111,09:30:07,42372.80,100,372525
20221111,09:30:08,42375.70,50,372525
20221111,09:30:10,42372.85,50,372525
20221111,09:30:11,42376.10,50,372525
20221111,09:30:16,42371.20,300,372525
20221111,09:30:21,42380.00,25,372525
20221111,09:30:23,42380.00,25,372525
20221111,09:30:24,42380.00,25,372525
20221111,09:30:26,42381.95,25,372525
20221111,09:30:29,42377.80,25,372525
20221111,09:30:31,42383.70,25,372525
20221111,09:30:39,42390.45,100,372525
20221111,09:30:44,42392.85,100,372525
20221111,09:30:45,42398.95,50,372525
20221111,09:30:50,42399.00,25,372525
20221111,09:30:52,42399.00,75,372525
20221111,09:30:57,42403.00,375,372525
20221111,09:31:00,42404.05,250,372525
20221111,09:31:05,42408.00,75,372525
20221111,09:31:08,42408.15,25,372525
20221111,09:31:10,42408.10,25,372525
20221111,09:31:12,42415.00,50,372525
20221111,09:31:13,42415.00,125,372525
20221111,09:31:15,42423.80,225,372525
20221111,09:31:17,42424.60,25,372525
20221111,09:31:18,42429.00,125,372525
20221111,09:31:20,42430.00,275,372525
20221111,09:31:22,42430.00,250,372525
20221111,09:31:28,42428.20,25,372525
20221111,09:31:30,42428.00,100,372525
20221111,09:31:32,42424.10,100,372525
20221111,09:31:33,42417.15,125,372525
20221111,09:31:35,42422.45,25,372525
20221111,09:31:38,42420.15,100,372525
20221111,09:31:45,42420.15,75,372525
20221111,09:31:53,42415.30,100,372525
20221111,09:32:01,42409.35,25,372525
20221111,09:32:11,42420.00,25,372525
20221111,09:32:13,42418.80,50,372525
20221111,09:32:15,42414.00,25,372525
20221111,09:32:16,42412.25,75,372525
20221111,09:32:21,42413.05,50,372525
20221111,09:32:23,42413.05,50,372525
20221111,09:32:25,42414.15,25,372125
20221111,09:32:28,42420.15,25,372125
20221111,09:32:30,42420.15,25,372125
20221111,09:32:39,42420.00,25,372125
20221111,09:32:43,42418.85,100,372125
20221111,09:32:46,42425.00,25,372125
20221111,09:32:51,42424.15,25,372125
20221111,09:32:56,42429.20,50,372125
20221111,09:32:57,42429.55,25,372125
20221111,09:33:02,42419.00,75,372125
20221111,09:33:04,42419.00,25,372125
20221111,09:33:05,42428.70,25,372125
20221111,09:33:09,42420.25,150,372125
20221111,09:33:10,42425.10,175,372125
20221111,09:33:14,42419.40,75,372125
20221111,09:33:15,42420.00,25,372125
20221111,09:33:17,42420.20,25,372125
20221111,09:33:20,42419.40,25,372125
20221111,09:33:25,42408.00,50,372125
20221111,09:33:33,42406.15,25,372125
20221111,09:33:36,42402.20,50,372125
20221111,09:33:43,42404.05,25,372125
20221111,09:33:46,42406.85,50,372125
20221111,09:33:54,42408.80,50,372125
20221111,09:33:56,42405.15,300,372125
20221111,09:33:57,42406.10,50,372125
20221111,09:34:07,42406.10,50,372125
20221111,09:34:12,42404.30,25,372125
20221111,09:34:15,42405.05,75,372125
20221111,09:34:17,42404.75,25,372125
20221111,09:34:18,42402.60,50,372125
20221111,09:34:26,42397.25,75,372125
20221111,09:34:43,42399.70,25,372125
20221111,09:34:44,42397.00,25,372125
20221111,09:34:46,42396.00,75,372125
20221111,09:34:56,42383.00,400,372125
20221111,09:34:57,42381.10,50,372125
20221111,09:35:06,42375.00,200,372125
20221111,09:35:07,42370.00,100,372125
20221111,09:35:12,42362.00,25,372125
20221111,09:35:14,42360.00,50,372125
20221111,09:35:15,42360.00,25,372125
20221111,09:35:19,42357.00,100,372125
20221111,09:35:20,42368.05,25,372125
20221111,09:35:24,42362.00,25,372125
20221111,09:35:28,42361.00,25,372575
20221111,09:35:30,42358.00,25,372575
20221111,09:35:32,42353.85,75,372575
20221111,09:35:33,42353.85,25,372575
20221111,09:35:35,42362.00,225,372575
20221111,09:35:40,42361.00,100,372575
20221111,09:35:42,42368.15,50,372575
20221111,09:35:43,42363.55,25,372575
20221111,09:35:45,42370.00,50,372575
20221111,09:35:46,42370.00,25,372575
20221111,09:35:50,42377.15,50,372575
20221111,09:35:58,42368.00,50,372575
20221111,09:36:00,42366.10,25,372575
20221111,09:36:06,42360.00,25,372575
20221111,09:36:09,42358.00,75,372575
20221111,09:36:11,42359.90,25,372575
20221111,09:36:12,42354.85,25,372575
20221111,09:36:14,42360.00,25,372575
20221111,09:36:16,42360.00,25,372575
20221111,09:36:21,42354.30,25,372575
20221111,09:36:22,42362.25,50,372575
20221111,09:36:26,42360.00,50,372575
20221111,09:36:49,42361.15,25,372575
20221111,09:36:51,42361.15,25,372575
20221111,09:37:09,42364.05,50,372575
20221111,09:37:12,42361.35,25,372575
20221111,09:37:24,42365.10,25,372575
20221111,09:37:25,42369.95,25,372575
20221111,09:37:32,42371.05,75,372575
20221111,09:37:35,42374.95,25,372575
20221111,09:37:37,42367.10,25,372575
20221111,09:37:40,42380.00,50,372575
20221111,09:37:50,42380.00,75,372575
20221111,09:37:51,42383.95,50,372575
20221111,09:37:53,42380.00,50,372575
20221111,09:37:56,42384.00,125,372575
20221111,09:37:58,42394.40,100,372575
20221111,09:38:17,42394.40,25,372575
20221111,09:38:18,42395.00,25,372575
20221111,09:38:20,42388.65,100,372575
20221111,09:38:23,42395.00,25,372575
20221111,09:38:25,42400.00,225,372575
20221111,09:38:28,42390.05,25,372900
20221111,09:38:30,42393.95,25,372900
20221111,09:38:33,42381.00,25,372900
20221111,09:38:35,42370.00,50,372900
20221111,09:38:48,42363.15,275,372900
20221111,09:38:51,42363.15,25,372900
20221111,09:38:56,42363.40,50,372900
20221111,09:39:10,42360.00,75,372900
20221111,09:39:16,42367.05,25,372900
20221111,09:39:21,42368.60,200,372900
20221111,09:39:52,42362.05,25,372900
20221111,09:40:00,42362.00,100,372900
20221111,09:40:03,42367.25,100,372900
20221111,09:40:08,42360.00,25,372900
20221111,09:40:13,42360.00,25,372900
20221111,09:40:16,42354.00,25,372900
20221111,09:40:26,42353.05,25,372900
20221111,09:40:28,42353.05,50,372900
20221111,09:40:30,42356.95,50,372900
20221111,09:40:34,42369.00,50,372900
20221111,09:40:46,42359.95,25,372900
20221111,09:40:56,42352.05,50,372900
20221111,09:40:59,42352.05,25,372900
20221111,09:41:04,42351.10,25,372900
20221111,09:41:24,42351.10,50,372900
20221111,09:41:25,42355.15,25,372900
20221111,09:41:30,42358.75,50,372625
20221111,09:41:36,42352.00,50,372625
20221111,09:41:40,42340.20,475,372625
20221111,09:41:41,42340.10,50,372625
20221111,09:41:46,42348.90,25,372625
20221111,09:41:49,42347.05,25,372625
20221111,09:41:51,42348.05,75,372625
20221111,09:41:53,42358.15,75,372625
20221111,09:41:58,42355.25,25,372625
20221111,09:41:59,42357.80,25,372625
20221111,09:42:01,42346.05,25,372625
20221111,09:42:03,42342.05,25,372625
20221111,09:42:04,42346.40,25,372625
20221111,09:42:11,42342.85,100,372625
20221111,09:42:16,42346.40,50,372625
20221111,09:42:25,42350.95,125,372625
20221111,09:42:27,42360.00,75,372625
20221111,09:42:29,42353.05,25,372625
20221111,09:42:30,42351.00,25,372625
20221111,09:42:32,42349.00,50,372625
20221111,09:42:35,42351.00,50,372625
20221111,09:42:42,42347.05,25,372625
20221111,09:42:50,42353.05,50,372625
20221111,09:43:06,42351.05,25,372625
20221111,09:43:17,42353.70,25,372625
20221111,09:43:19,42354.90,25,372625
20221111,09:43:21,42360.00,50,372625
20221111,09:43:35,42363.55,50,372625
20221111,09:43:38,42359.85,25,372625
20221111,09:43:43,42355.00,25,372625
20221111,09:43:46,42350.00,25,372625
20221111,09:43:48,42349.95,125,372625
20221111,09:43:56,42344.05,25,372625
20221111,09:43:58,42342.65,25,372625
20221111,09:44:02,42340.00,50,372625
20221111,09:44:04,42340.00,25,372625
20221111,09:44:05,42344.05,25,372625
20221111,09:44:21,42345.90,100,372625
20221111,09:44:24,42340.05,25,372625
20221111,09:44:29,42344.00,25,372625
20221111,09:44:32,42340.00,25,372525
20221111,09:44:35,42344.00,100,372525
20221111,09:44:40,42338.00,75,372525
20221111,09:44:41,42330.00,900,372525
20221111,09:44:49,42338.00,175,372525
20221111,09:44:51,42338.00,25,372525
20221111,09:44:56,42330.00,125,372525
20221111,09:44:59,42330.00,25,372525
20221111,09:45:00,42330.00,75,372525
20221111,09:45:05,42327.05,25,372525
20221111,09:45:08,42327.00,50,372525
20221111,09:45:14,42325.20,25,372525
20221111,09:45:16,42325.20,50,372525
20221111,09:45:21,42330.00,100,372525
20221111,09:45:23,42330.00,50,372525
20221111,09:45:24,42330.00,125,372525
20221111,09:45:32,42338.00,25,372525
20221111,09:45:34,42332.20,100,372525
20221111,09:45:38,42333.55,50,372525
20221111,09:45:46,42339.95,25,372525
20221111,09:45:51,42340.00,50,372525
20221111,09:45:55,42337.80,25,372525
20221111,09:45:59,42342.75,25,372525
20221111,09:46:07,42340.00,25,372525
20221111,09:46:16,42342.20,25,372525
20221111,09:46:19,42345.00,100,372525
20221111,09:46:21,42340.00,25,372525
20221111,09:46:26,42345.45,275,372525
20221111,09:46:29,42350.00,175,372525
20221111,09:46:31,42349.60,25,372525
20221111,09:46:39,42348.45,25,372525
20221111,09:46:47,42341.95,25,372525
20221111,09:46:50,42347.05,25,372525
20221111,09:46:52,42340.00,450,372525
20221111,09:46:54,42341.45,25,372525
20221111,09:47:21,42332.25,50,372525
20221111,09:47:22,42333.05,50,372525
20221111,09:47:32,42330.00,25,372525
20221111,09:47:33,42330.00,25,372000
20221111,09:47:35,42331.80,25,372000
20221111,09:47:36,42331.80,25,372000
20221111,09:47:38,42331.80,25,372000
20221111,09:47:40,42331.80,25,372000
20221111,09:47:46,42333.15,50,372000
20221111,09:48:16,42332.05,25,372000
20221111,09:48:24,42335.00,25,372000
20221111,09:48:26,42333.00,50,372000
20221111,09:48:28,42335.00,25,372000
20221111,09:48:36,42335.00,50,372000
20221111,09:48:52,42340.00,75,372000
20221111,09:49:02,42338.00,25,372000
20221111,09:49:09,42345.90,25,372000
20221111,09:49:11,42338.00,75,372000
20221111,09:49:18,42345.00,25,372000
20221111,09:49:19,42351.00,700,372000
20221111,09:49:22,42364.85,25,372000
20221111,09:49:24,42371.00,100,372000
20221111,09:49:27,42369.00,50,372000
20221111,09:49:29,42378.00,125,372000
20221111,09:49:31,42382.05,150,372000
20221111,09:49:32,42390.35,50,372000
20221111,09:49:35,42386.50,25,372000
20221111,09:49:40,42385.10,50,372000
20221111,09:49:42,42393.20,50,372000
20221111,09:49:43,42385.15,25,372000
20221111,09:49:51,42385.20,50,372000
20221111,09:49:56,42383.15,75,372000
20221111,09:49:58,42382.15,50,372000
20221111,09:50:00,42375.25,75,372000
20221111,09:50:03,42375.25,75,372000
20221111,09:50:08,42374.15,50,372000
20221111,09:50:09,42383.70,25,372000
20221111,09:50:13,42382.05,25,372000
20221111,09:50:16,42392.55,75,372000
20221111,09:50:19,42386.35,25,372000
20221111,09:50:22,42393.95,25,372000
20221111,09:50:24,42388.05,25,372000
20221111,09:50:26,42395.00,175,372000
20221111,09:50:27,42395.00,100,371825
20221111,09:50:29,42395.00,100,371825
20221111,09:50:31,42397.95,100,371825
20221111,09:50:34,42398.00,200,371825
20221111,09:50:36,42398.00,25,371825
20221111,09:50:37,42392.80,50,371825
20221111,09:50:39,42397.85,75,371825
20221111,09:50:40,42390.10,50,371825
20221111,09:50:42,42389.20,100,371825
20221111,09:50:49,42392.80,25,371825
20221111,09:50:50,42400.00,700,371825
20221111,09:50:52,42404.90,25,371825
20221111,09:50:57,42400.20,100,371825
20221111,09:51:03,42410.00,375,371825
20221111,09:51:05,42410.00,75,371825
20221111,09:51:07,42405.00,175,371825
20221111,09:51:08,42410.00,75,371825
20221111,09:51:10,42411.00,175,371825
20221111,09:51:13,42406.05,100,371825
20221111,09:51:15,42415.00,300,371825
20221111,09:51:19,42411.00,25,371825
20221111,09:51:23,42410.00,25,371825
20221111,09:51:24,42413.95,25,371825
20221111,09:51:34,42411.45,50,371825
20221111,09:51:37,42409.80,200,371825
20221111,09:51:50,42400.00,25,371825
20221111,09:51:51,42400.00,25,371825
20221111,09:51:53,42398.00,25,371825
20221111,09:51:54,42398.00,50,371825
20221111,09:51:57,42403.50,150,371825
20221111,09:52:03,42403.50,125,371825
20221111,09:52:08,42396.45,25,371825
20221111,09:52:18,42395.00,50,371825
20221111,09:52:19,42390.10,100,371825
20221111,09:52:21,42390.45,125,371825
20221111,09:52:24,42390.15,25,371825
20221111,09:52:32,42390.05,25,371825
20221111,09:52:34,42386.15,25,371825
20221111,09:52:42,42380.00,175,371825
20221111,09:52:44,42380.00,50,371825
20221111,09:52:45,42381.00,200,371825
20221111,09:52:47,42374.65,25,371825
20221111,09:52:55,42387.95,25,371825
20221111,09:53:07,42380.85,25,371825
20221111,09:53:14,42385.00,25,371825
20221111,09:53:36,42385.00,25,370575
20221111,09:53:39,42385.25,25,370575
20221111,09:53:47,42385.20,25,370575
20221111,09:53:51,42385.15,25,370575
20221111,09:54:08,42380.05,25,370575
20221111,09:54:16,42386.65,50,370575
20221111,09:54:17,42385.15,25,370575
20221111,09:54:19,42383.00,25,370575
20221111,09:54:21,42382.95,25,370575
20221111,09:54:24,42385.05,25,370575
20221111,09:54:25,42380.00,25,370575
20221111,09:54:34,42385.70,50,370575
20221111,09:54:37,42386.05,25,370575
20221111,09:54:48,42381.20,25,370575
20221111,09:54:52,42376.15,25,370575
20221111,09:54:57,42372.05,25,370575
20221111,09:55:01,42372.15,50,370575
20221111,09:55:03,42378.25,75,370575
20221111,09:55:06,42371.60,225,370575
20221111,09:55:37,42363.40,25,370575
20221111,09:55:46,42359.55,50,370575
20221111,09:55:59,42353.90,25,370575
20221111,09:56:11,42353.90,50,370575
20221111,09:56:23,42357.65,25,370575
20221111,09:56:32,42357.70,25,370750
20221111,09:56:34,42367.90,50,370750
20221111,09:56:44,42357.75,100,370750
20221111,09:56:50,42350.00,100,370750
20221111,09:57:07,42355.05,25,370750
20221111,09:57:09,42355.05,25,370750
20221111,09:57:10,42355.05,50,370750
20221111,09:57:25,42360.95,25,370750
20221111,09:57:31,42359.90,25,370750
20221111,09:57:32,42350.00,25,370750
20221111,09:57:34,42351.30,25,370750
20221111,09:57:39,42355.20,25,370750
20221111,09:57:50,42362.50,50,370750
20221111,09:57:52,42369.95,25,370750
20221111,09:58:01,42355.50,50,370750
20221111,09:58:05,42360.50,125,370750
20221111,09:58:11,42362.00,25,370750
20221111,09:58:14,42355.15,50,370750
20221111,09:58:23,42357.15,100,370750
20221111,09:58:25,42355.15,25,370750
20221111,09:58:38,42354.95,75,370750
20221111,09:58:43,42354.75,50,370750
20221111,09:58:44,42356.80,75,370750
20221111,09:58:46,42357.40,75,370750
20221111,09:58:50,42348.20,25,370750
20221111,09:58:52,42345.80,50,370750
20221111,09:58:54,42345.00,25,370750
20221111,09:58:55,42340.00,300,370750
20221111,09:58:57,42340.00,250,370750
20221111,09:58:58,42340.00,125,370750
20221111,09:59:02,42329.35,25,370750
20221111,09:59:05,42340.00,50,370750
20221111,09:59:07,42336.90,25,370750
20221111,09:59:10,42334.95,25,370750
20221111,09:59:11,42341.90,50,370750
20221111,09:59:18,42336.60,25,370750
20221111,09:59:24,42331.80,50,370750
20221111,09:59:27,42326.70,50,370750
20221111,09:59:29,42328.30,50,370750
20221111,09:59:37,42336.55,50,371100
20221111,09:59:46,42325.90,25,371100
20221111,09:59:54,42336.95,50,371100
20221111,09:59:56,42328.35,25,371100
20221111,10:00:10,42337.90,25,371100
20221111,10:00:19,42342.35,25,371100
20221111,10:00:24,42342.90,25,371100
20221111,10:00:34,42354.95,25,371100
20221111,10:00:35,42354.95,25,371100
20221111,10:00:43,42346.90,25,371100
20221111,10:01:00,42365.95,25,371100
20221111,10:01:02,42364.00,300,371100
20221111,10:01:07,42354.40,25,371100
20221111,10:01:13,42369.75,25,371100
20221111,10:01:15,42370.00,25,371100
20221111,10:01:18,42376.65,25,371100
20221111,10:01:30,42380.00,25,371100
20221111,10:01:36,42366.40,150,371100
20221111,10:01:45,42375.85,25,371100
20221111,10:02:18,42360.80,25,371100
20221111,10:02:26,42357.95,50,371100
20221111,10:02:43,42354.95,25,371100
20221111,10:03:06,42359.05,50,371200
20221111,10:03:12,42362.15,25,371200
20221111,10:03:16,42362.15,25,371200
20221111,10:03:18,42352.40,25,371200
20221111,10:03:48,42350.00,25,371200
20221111,10:04:01,42346.95,175,371200
20221111,10:04:20,42338.90,25,371200
20221111,10:04:48,42343.35,25,371200
20221111,10:05:03,42335.85,75,371200
20221111,10:05:06,42343.10,50,371200
20221111,10:05:17,42345.60,50,371200
20221111,10:05:32,42353.80,125,371150
20221111,10:06:05,42341.45,25,371150
20221111,10:06:07,42341.45,125,371150
20221111,10:06:32,42341.50,25,371150
20221111,10:07:10,42345.40,25,371150
20221111,10:07:25,42357.15,75,371150
20221111,10:07:35,42350.20,25,371150
20221111,10:08:21,42355.10,25,371150
20221111,10:08:23,42355.10,50,371150
20221111,10:08:45,42350.00,25,371200
20221111,10:08:47,42350.00,25,371200
20221111,10:09:06,42348.95,25,371200
20221111,10:09:14,42349.05,25,371200
20221111,10:09:22,42344.35,50,371200
20221111,10:09:36,42349.00,200,371200
20221111,10:09:37,42350.00,25,371200
20221111,10:09:56,42355.00,125,371200
20221111,10:10:03,42363.00,50,371200
20221111,10:10:09,42359.80,25,371200
20221111,10:10:18,42365.00,25,371200
20221111,10:10:23,42351.40,50,371200
20221111,10:10:26,42354.25,25,371200
20221111,10:10:37,42364.95,50,371200
20221111,10:10:52,42365.00,50,371200
20221111,10:11:20,42365.00,25,371200
20221111,10:11:23,42366.00,25,371200
20221111,10:11:30,42370.00,25,371200
20221111,10:11:33,42366.00,25,371150
20221111,10:11:37,42370.30,25,371150
20221111,10:11:41,42360.00,150,371150
20221111,10:11:43,42356.05,25,371150
20221111,10:11:46,42364.90,25,371150
20221111,10:11:47,42365.00,50,371150
20221111,10:12:09,42357.10,25,371150
20221111,10:12:15,42369.85,25,371150
20221111,10:12:38,42369.85,25,371150
20221111,10:12:47,42370.00,25,371150
20221111,10:12:48,42376.20,25,371150
20221111,10:12:50,42378.65,25,371150
20221111,10:13:06,42362.30,125,371150
20221111,10:13:14,42373.00,75,371150
20221111,10:13:22,42371.55,25,371150
20221111,10:13:33,42371.55,50,371150
20221111,10:13:56,42372.80,25,371150
20221111,10:13:59,42371.65,25,371150
20221111,10:14:01,42364.00,75,371150
20221111,10:14:17,42365.90,50,371150
20221111,10:14:26,42364.50,25,371150
20221111,10:14:36,42365.50,25,371000
20221111,10:15:13,42362.30,50,371000
20221111,10:15:39,42365.50,50,371000
20221111,10:15:52,42370.00,25,371000
20221111,10:16:00,42361.60,25,371000
20221111,10:16:16,42372.00,25,371000
20221111,10:16:18,42375.00,25,371000
20221111,10:16:29,42368.70,25,371000
20221111,10:16:33,42375.70,25,371000
20221111,10:16:41,42375.00,25,371000
20221111,10:16:49,42373.75,50,371000
20221111,10:17:05,42376.35,50,371000
20221111,10:17:13,42371.20,50,371000
20221111,10:17:14,42371.20,25,371000
20221111,10:17:30,42379.95,25,371000
20221111,10:17:50,42377.70,25,371175
20221111,10:18:20,42370.00,175,371175
20221111,10:18:22,42368.70,225,371175
20221111,10:18:53,42367.15,25,371175
20221111,10:19:17,42364.75,100,371175
20221111,10:19:45,42358.40,25,371175
20221111,10:19:52,42350.00,50,371175
20221111,10:20:16,42349.00,25,371175
20221111,10:20:25,42350.00,75,371175
20221111,10:20:28,42348.45,25,371175
20221111,10:20:42,42356.65,25,370975
20221111,10:21:18,42350.00,25,370975
20221111,10:21:28,42340.00,25,370975
20221111,10:21:29,42340.00,250,370975
20221111,10:21:31,42340.00,25,370975
20221111,10:21:33,42340.00,25,370975
20221111,10:21:34,42331.70,300,370975
20221111,10:21:37,42330.00,200,370975
20221111,10:21:39,42330.00,25,370975
20221111,10:21:41,42329.00,50,370975
20221111,10:21:47,42333.95,50,370975
20221111,10:21:51,42328.85,25,370975
20221111,10:21:54,42320.00,250,370975
20221111,10:21:56,42311.70,275,370975
20221111,10:22:02,42305.00,575,370975
20221111,10:22:04,42310.15,50,370975
20221111,10:22:05,42307.65,25,370975
20221111,10:22:07,42310.95,25,370975
20221111,10:22:10,42316.15,25,370975
20221111,10:22:17,42316.55,25,370975
20221111,10:22:26,42310.00,175,370975
20221111,10:22:31,42316.40,25,370975
20221111,10:22:34,42306.95,225,370975
20221111,10:22:36,42307.45,50,370975
20221111,10:22:38,42302.00,25,370975
20221111,10:22:39,42301.05,25,370975
20221111,10:22:41,42301.05,100,370975
20221111,10:22:42,42309.55,50,370975
20221111,10:22:44,42311.15,100,370975
20221111,10:22:47,42316.55,50,370975
20221111,10:22:49,42319.00,25,370975
20221111,10:22:51,42320.60,25,370975
20221111,10:22:52,42323.55,50,370975
20221111,10:22:56,42326.15,25,370975
20221111,10:22:59,42326.15,25,370975
20221111,10:23:15,42333.15,50,370975
20221111,10:23:16,42326.20,25,370975
20221111,10:23:20,42336.95,25,370975
20221111,10:23:26,42324.60,50,370975
20221111,10:24:02,42320.00,125,370350
20221111,10:24:13,42321.00,100,370350
20221111,10:24:14,42320.05,75,370350
20221111,10:24:16,42320.00,25,370350
20221111,10:24:18,42320.00,75,370350
20221111,10:24:21,42320.00,25,370350
20221111,10:24:22,42320.00,25,370350
20221111,10:24:24,42320.00,25,370350
20221111,10:24:26,42320.00,25,370350
20221111,10:24:35,42320.90,25,370350
20221111,10:24:37,42323.05,25,370350
20221111,10:24:40,42330.20,25,370350
20221111,10:24:46,42333.00,25,370350
20221111,10:24:54,42328.70,25,370350
20221111,10:25:16,42330.25,25,370350
20221111,10:25:19,42322.05,25,370350
20221111,10:25:27,42322.00,25,370350
20221111,10:25:30,42331.70,25,370350
20221111,10:25:53,42324.85,25,370350
20221111,10:26:01,42325.70,25,370350
20221111,10:26:06,42324.65,25,370350
20221111,10:26:17,42324.70,25,370350
20221111,10:26:21,42332.75,25,370350
20221111,10:26:28,42324.65,25,370350
20221111,10:26:30,42329.85,25,370350
20221111,10:26:35,42324.65,25,370425
20221111,10:26:37,42325.00,25,370425
20221111,10:26:43,42320.00,25,370425
20221111,10:26:48,42318.05,75,370425
20221111,10:26:56,42319.90,75,370425
20221111,10:27:02,42310.00,25,370425
20221111,10:27:07,42305.05,25,370425
20221111,10:27:09,42305.05,50,370425
20221111,10:27:20,42308.55,25,370425
20221111,10:27:46,42320.20,25,370425
20221111,10:27:50,42326.95,25,370425
20221111,10:27:55,42318.20,25,370425
20221111,10:27:58,42318.30,25,370425
20221111,10:28:15,42310.05,25,370425
20221111,10:28:54,42319.15,25,370425
20221111,10:28:56,42312.00,100,370425
20221111,10:28:58,42313.15,25,370425
20221111,10:28:59,42322.15,25,370425
20221111,10:29:01,42310.00,25,370425
20221111,10:29:12,42313.35,75,370425
20221111,10:29:14,42310.10,50,370425
20221111,10:29:15,42310.00,25,370425
20221111,10:29:17,42310.00,50,370425
20221111,10:29:18,42315.20,100,370425
20221111,10:29:20,42308.15,25,370425
20221111,10:29:24,42308.00,50,370425
20221111,10:29:32,42306.20,25,370425
20221111,10:29:40,42306.30,25,370425
20221111,10:29:43,42314.30,25,370650
20221111,10:29:46,42309.85,25,370650
20221111,10:29:53,42315.00,25,370650
20221111,10:29:56,42311.90,25,370650
20221111,10:29:59,42308.80,50,370650
20221111,10:30:02,42306.15,25,370650
20221111,10:30:05,42305.10,150,370650
20221111,10:30:07,42312.00,25,370650
20221111,10:30:12,42305.00,75,370650
20221111,10:30:13,42303.40,300,370650
20221111,10:30:15,42300.80,100,370650
20221111,10:30:20,42300.00,550,370650
20221111,10:30:22,42300.00,75,370650
20221111,10:30:23,42299.90,125,370650
20221111,10:30:25,42290.00,300,370650
20221111,10:30:26,42290.00,50,370650
20221111,10:30:28,42290.00,125,370650
20221111,10:30:33,42291.65,25,370650
20221111,10:30:35,42294.05,25,370650
20221111,10:30:40,42293.10,50,370650
20221111,10:30:51,42293.10,25,370650
20221111,10:31:01,42290.00,25,370650
20221111,10:31:02,42284.95,425,370650
20221111,10:31:04,42280.00,50,370650
20221111,10:31:06,42285.00,50,370650
20221111,10:31:07,42260.00,1100,370650
20221111,10:31:11,42258.00,125,370650
20221111,10:31:12,42269.95,25,370650
20221111,10:31:14,42264.95,25,370650
20221111,10:31:15,42271.05,75,370650
20221111,10:31:17,42264.05,75,370650
20221111,10:31:19,42264.00,125,370650
20221111,10:31:20,42264.15,25,370650
20221111,10:31:35,42266.05,25,370650
20221111,10:31:36,42268.05,25,370650
20221111,10:31:40,42266.00,50,370650
20221111,10:31:43,42266.05,25,370650
20221111,10:31:44,42267.00,25,370650
20221111,10:31:49,42275.10,100,370650
20221111,10:31:51,42269.45,50,370650
20221111,10:31:53,42270.00,25,370650
20221111,10:31:54,42268.50,25,370650
20221111,10:31:56,42266.05,25,370650
20221111,10:31:59,42264.15,25,370650
20221111,10:32:00,42265.00,25,370650
20221111,10:32:02,42264.15,25,370650
20221111,10:32:04,42264.50,25,370650
20221111,10:32:05,42264.15,25,370650
20221111,10:32:07,42264.50,25,370650
20221111,10:32:08,42264.15,25,370650
20221111,10:32:10,42265.50,175,370650
20221111,10:32:12,42261.00,25,370650
20221111,10:32:13,42258.00,25,370650
20221111,10:32:15,42255.00,125,370650
20221111,10:32:17,42251.05,25,370650
20221111,10:32:26,42251.05,25,370650
20221111,10:32:28,42265.75,25,370650
20221111,10:32:30,42265.85,25,370650
20221111,10:32:33,42259.00,50,370650
20221111,10:32:38,42266.25,25,371400
20221111,10:32:40,42266.50,25,371400
20221111,10:32:41,42269.35,50,371400
20221111,10:32:46,42267.00,50,371400
20221111,10:32:48,42267.50,50,371400
20221111,10:32:51,42268.25,25,371400
20221111,10:33:01,42265.60,50,371400
20221111,10:33:08,42260.00,225,371400
20221111,10:33:13,42261.05,25,371400
20221111,10:33:21,42263.00,50,371400
20221111,10:33:26,42270.25,75,371400
20221111,10:33:29,42271.75,125,371400
20221111,10:33:36,42272.25,25,371400
20221111,10:33:44,42276.90,50,371400
20221111,10:33:52,42275.70,100,371400
20221111,10:34:01,42282.85,50,371400
20221111,10:34:06,42280.80,25,371400
20221111,10:34:14,42285.90,25,371400
20221111,10:34:25,42287.00,25,371400
20221111,10:34:28,42290.00,25,371400
20221111,10:34:47,42290.00,25,371400
20221111,10:34:52,42290.00,50,371400
20221111,10:35:04,42289.55,25,371400
20221111,10:35:08,42290.70,25,371400
20221111,10:35:18,42290.00,25,371400
20221111,10:35:20,42290.75,50,371400
20221111,10:35:33,42290.75,25,371400
20221111,10:35:40,42288.05,25,371325
20221111,10:36:13,42291.15,50,371325
20221111,10:36:18,42294.20,25,371325
20221111,10:36:26,42300.00,25,371325
20221111,10:36:30,42297.00,25,371325
20221111,10:36:38,42305.85,25,371325
20221111,10:36:42,42300.00,25,371325
20221111,10:37:00,42300.00,25,371325
20221111,10:37:16,42299.95,25,371325
20221111,10:37:18,42300.00,25,371325
20221111,10:37:26,42311.95,25,371325
20221111,10:37:31,42313.95,25,371325
20221111,10:37:36,42300.00,25,371325
20221111,10:38:20,42300.00,25,371325
20221111,10:38:21,42300.00,25,371325
20221111,10:38:23,42300.00,25,371325
20221111,10:38:34,42302.95,100,371325
20221111,10:38:51,42302.95,25,371600
20221111,10:38:56,42300.05,25,371600
20221111,10:39:01,42300.00,50,371600
20221111,10:39:10,42290.00,50,371600
20221111,10:39:12,42286.30,125,371600
20221111,10:39:27,42291.95,50,371600
20221111,10:39:30,42292.00,25,371600
20221111,10:39:41,42287.00,25,371600
20221111,10:39:43,42287.00,100,371600
20221111,10:39:44,42280.95,500,371600
20221111,10:40:10,42279.95,25,371600
20221111,10:40:16,42274.40,25,371600
20221111,10:40:24,42276.25,25,371600
20221111,10:40:37,42283.65,150,371600
20221111,10:41:13,42296.10,25,371600
20221111,10:41:15,42296.10,50,371600
20221111,10:41:16,42296.10,25,371600
20221111,10:41:18,42296.05,25,371600
20221111,10:41:21,42293.35,25,371600
20221111,10:41:28,42289.25,25,371600
20221111,10:41:30,42285.00,25,371600
20221111,10:41:46,42294.00,25,371550
20221111,10:42:19,42287.95,25,371550
20221111,10:43:15,42291.90,175,371550
20221111,10:44:31,42300.00,125,371550
20221111,10:44:43,42300.30,25,371650
20221111,10:44:49,42306.85,50,371650
20221111,10:44:56,42306.95,25,371650
20221111,10:45:01,42300.00,25,371650
20221111,10:45:02,42293.65,25,371650
20221111,10:45:04,42288.25,50,371650
20221111,10:45:16,42294.85,50,371650
20221111,10:45:35,42302.95,25,371650
20221111,10:46:06,42300.00,125,371650
20221111,10:46:11,42307.00,50,371650
20221111,10:46:32,42295.85,25,371650
20221111,10:46:41,42299.10,25,371650
20221111,10:46:51,42309.00,25,371650
20221111,10:46:54,42310.00,25,371650
20221111,10:47:24,42311.00,25,371650
20221111,10:47:29,42315.00,50,371650
20221111,10:47:35,42319.90,25,371650
20221111,10:47:46,42319.90,125,371750
20221111,10:47:50,42335.00,75,371750
20221111,10:47:53,42336.00,50,371750
20221111,10:48:01,42330.00,25,371750
20221111,10:48:11,42330.50,25,371750
20221111,10:48:31,42336.65,100,371750
20221111,10:48:36,42335.00,100,371750
20221111,10:49:03,42335.00,25,371750
20221111,10:49:06,42336.00,50,371750
20221111,10:49:13,42340.00,100,371750
20221111,10:49:15,42336.00,25,371750
20221111,10:49:18,42332.35,125,371750
20221111,10:49:24,42340.00,25,371750
20221111,10:49:32,42343.00,100,371750
20221111,10:49:43,42345.00,100,371750
20221111,10:50:15,42334.90,75,371750
20221111,10:50:22,42338.00,225,371750
20221111,10:50:35,42332.10,100,371750
20221111,10:50:46,42333.60,300,371800
20221111,10:51:05,42333.60,25,371800
20221111,10:51:25,42340.00,25,371800
20221111,10:51:33,42348.05,200,371800
20221111,10:51:38,42336.60,125,371800
20221111,10:52:17,42349.00,25,371800
20221111,10:52:24,42345.00,25,371800
20221111,10:52:29,42350.00,75,371800
20221111,10:52:33,42350.00,125,371800
20221111,10:52:35,42351.00,125,371800
20221111,10:52:48,42346.40,75,371800
20221111,10:52:50,42342.05,25,371800
20221111,10:52:56,42355.00,50,371800
20221111,10:52:58,42362.85,50,371800
20221111,10:53:06,42350.65,25,371800
20221111,10:53:13,42355.40,25,371800
20221111,10:53:22,42354.15,25,371800
20221111,10:53:24,42358.95,25,371800
20221111,10:53:27,42360.00,25,371800
20221111,10:53:32,42363.05,50,371800
20221111,10:53:33,42363.05,75,371800
20221111,10:53:37,42363.05,25,371800
20221111,10:53:40,42369.35,50,372125
20221111,10:53:43,42364.50,125,372125
20221111,10:53:45,42365.05,625,372125
20221111,10:53:55,42364.75,25,372125
20221111,10:54:03,42370.00,25,372125
20221111,10:54:06,42370.05,50,372125
20221111,10:54:13,42370.05,25,372125
20221111,10:54:14,42370.00,25,372125
20221111,10:54:18,42372.00,25,372125
20221111,10:54:41,42375.00,25,372125
20221111,10:54:42,42380.00,25,372125
20221111,10:54:47,42380.00,50,372125
20221111,10:55:04,42390.00,50,372125
20221111,10:55:17,42388.25,50,372125
20221111,10:55:18,42388.25,50,372125
20221111,10:55:20,42387.80,25,372125
20221111,10:55:37,42385.25,25,372125
20221111,10:55:41,42385.05,25,372125
20221111,10:55:43,42386.10,75,372125
20221111,10:55:46,42390.00,75,372125
20221111,10:55:48,42390.00,25,372125
20221111,10:55:50,42395.00,25,372125
20221111,10:55:53,42391.80,25,372125
20221111,10:55:58,42395.00,75,372125
20221111,10:56:00,42395.10,25,372125
20221111,10:56:01,42396.00,250,372125
20221111,10:56:03,42395.95,75,372125
20221111,10:56:05,42399.00,25,372125
20221111,10:56:08,42400.00,100,372125
20221111,10:56:13,42400.10,500,372125
20221111,10:56:17,42405.95,25,372125
20221111,10:56:19,42410.00,150,372125
20221111,10:56:21,42410.00,50,372125
20221111,10:56:22,42410.00,25,372125
20221111,10:56:24,42410.00,400,372125
20221111,10:56:26,42410.00,500,372125
20221111,10:56:29,42408.70,125,372125
20221111,10:56:36,42409.15,25,372125
20221111,10:56:37,42400.00,75,372125
20221111,10:56:41,42396.30,25,371225
20221111,10:56:46,42399.80,25,371225
20221111,10:56:49,42400.15,25,371225
20221111,10:56:51,42401.15,25,371225
20221111,10:56:54,42407.00,25,371225
20221111,10:56:56,42411.00,125,371225
20221111,10:56:59,42415.00,100,371225
20221111,10:57:02,42425.00,650,371225
20221111,10:57:06,42424.25,150,371225
20221111,10:57:07,42423.55,250,371225
20221111,10:57:09,42423.50,300,371225
20221111,10:57:11,42419.15,50,371225
20221111,10:57:19,42410.60,50,371225
20221111,10:57:21,42407.00,25,371225
20221111,10:57:27,42400.00,25,371225
20221111,10:57:36,42400.00,125,371225
20221111,10:57:37,42400.00,50,371225
20221111,10:57:47,42400.00,50,371225
20221111,10:57:49,42400.00,75,371225
20221111,10:57:57,42400.20,50,371225
20221111,10:58:02,42410.25,25,371225
20221111,10:58:22,42410.55,25,371225
20221111,10:58:25,42417.95,25,371225
20221111,10:58:29,42417.25,25,371225
20221111,10:58:32,42407.00,25,371225
20221111,10:58:45,42409.75,25,371225
20221111,10:58:53,42415.00,25,371225
20221111,10:58:56,42413.55,25,371225
20221111,10:59:08,42420.00,100,371225
20221111,10:59:13,42425.00,325,371225
20221111,10:59:14,42426.10,25,371225
20221111,10:59:16,42426.25,75,371225
20221111,10:59:21,42425.75,100,371225
20221111,10:59:23,42430.00,175,371225
20221111,10:59:24,42428.55,25,371225
20221111,10:59:26,42426.25,75,371225
20221111,10:59:28,42423.30,250,371225
20221111,10:59:34,42431.60,25,371225
20221111,10:59:36,42428.15,100,371225
20221111,10:59:44,42432.90,50,371700
20221111,10:59:46,42428.85,75,371700
20221111,10:59:56,42427.25,25,371700
20221111,11:00:06,42420.00,25,371700
20221111,11:00:09,42422.85,25,371700
20221111,11:00:11,42419.40,50,371700
20221111,11:00:39,42410.05,25,371700
20221111,11:00:47,42420.00,100,371700
20221111,11:00:49,42420.20,50,371700
20221111,11:00:50,42424.00,25,371700
20221111,11:00:57,42425.00,25,371700
20221111,11:01:00,42421.30,225,371700
20221111,11:01:05,42423.95,25,371700
20221111,11:01:10,42420.30,25,371700
20221111,11:01:11,42422.95,125,371700
20221111,11:01:15,42422.85,100,371700
20221111,11:01:25,42419.30,50,371700
20221111,11:01:34,42417.10,200,371700
20221111,11:01:38,42411.40,25,371700
20221111,11:01:52,42412.95,25,371700
20221111,11:01:54,42422.00,25,371700
20221111,11:02:00,42419.75,25,371700
20221111,11:02:02,42419.70,100,371700
20221111,11:02:05,42420.00,25,371700
20221111,11:02:13,42422.90,50,371700
20221111,11:02:15,42422.95,300,371700
20221111,11:02:21,42423.00,25,371700
20221111,11:02:26,42418.50,100,371700
20221111,11:02:30,42418.50,50,371700
20221111,11:02:31,42420.95,50,371700
20221111,11:02:40,42415.00,75,371700
20221111,11:02:46,42404.15,175,373175
20221111,11:02:53,42405.00,25,373175
20221111,11:03:00,42403.95,25,373175
20221111,11:03:14,42408.95,25,373175
20221111,11:03:16,42404.35,125,373175
20221111,11:03:19,42407.00,25,373175
20221111,11:03:37,42400.60,25,373175
20221111,11:03:43,42407.00,25,373175
20221111,11:03:46,42411.00,25,373175
20221111,11:03:48,42413.00,50,373175
20221111,11:03:54,42409.95,25,373175
20221111,11:04:15,42412.65,25,373175
20221111,11:04:23,42414.65,25,373175
20221111,11:04:34,42420.00,75,373175
20221111,11:04:36,42422.95,25,373175
20221111,11:04:39,42425.00,425,373175
20221111,11:04:41,42428.40,150,373175
20221111,11:04:42,42422.30,25,373175
20221111,11:04:52,42429.00,50,373175
20221111,11:04:57,42429.00,50,373175
20221111,11:05:07,42427.20,25,373175
20221111,11:05:12,42430.00,200,373175
20221111,11:05:13,42435.00,225,373175
20221111,11:05:15,42436.30,50,373175
20221111,11:05:18,42439.00,850,373175
20221111,11:05:20,42442.00,150,373175
20221111,11:05:23,42436.15,150,373175
20221111,11:05:26,42441.50,150,373175
20221111,11:05:30,42436.05,50,373175
20221111,11:05:31,42432.10,100,373175
20221111,11:05:40,42432.65,25,373175
20221111,11:05:43,42430.05,25,373450
20221111,11:05:48,42420.05,75,373450
20221111,11:05:54,42425.00,25,373450
20221111,11:06:08,42430.05,50,373450
20221111,11:06:13,42428.30,50,373450
20221111,11:06:24,42424.40,25,373450
20221111,11:06:29,42420.00,75,373450
20221111,11:06:32,42415.15,25,373450
20221111,11:06:34,42415.15,50,373450
20221111,11:06:39,42412.75,25,373450
20221111,11:06:47,42414.05,50,373450
20221111,11:06:50,42414.15,50,373450
20221111,11:06:52,42412.75,50,373450
20221111,11:07:02,42410.00,100,373450
20221111,11:07:03,42410.00,25,373450
20221111,11:07:10,42410.00,25,373450
20221111,11:07:15,42409.35,75,373450
20221111,11:07:16,42409.00,25,373450
20221111,11:07:24,42410.15,25,373450
20221111,11:07:33,42409.40,25,373450
20221111,11:07:38,42409.40,25,373450
20221111,11:07:53,42393.75,25,373450
20221111,11:08:00,42396.35,25,373450
20221111,11:08:01,42392.05,25,373450
20221111,11:08:04,42392.05,25,373450
20221111,11:08:11,42393.75,25,373450
20221111,11:08:13,42393.75,25,373450
20221111,11:08:14,42400.00,150,373450
20221111,11:08:31,42400.00,50,373450
20221111,11:08:47,42408.95,25,374100
20221111,11:09:11,42404.40,50,374100
20221111,11:09:16,42404.40,50,374100
20221111,11:09:19,42406.95,50,374100
20221111,11:09:32,42399.85,50,374100
20221111,11:10:33,42400.00,50,374100
20221111,11:10:36,42399.85,25,374100
20221111,11:10:39,42399.85,75,374100
20221111,11:10:45,42399.85,75,374100
20221111,11:10:49,42393.00,50,374100
20221111,11:10:52,42383.60,125,374100
20221111,11:10:55,42382.10,25,374100
20221111,11:10:57,42380.05,25,374100
20221111,11:11:05,42380.05,50,374100
20221111,11:11:08,42381.50,50,374100
20221111,11:11:12,42382.00,25,374100
20221111,11:11:18,42382.30,25,374100
20221111,11:11:54,42401.00,125,374200
20221111,11:12:01,42400.40,100,374200
20221111,11:12:06,42394.15,25,374200
20221111,11:12:07,42383.70,25,374200
20221111,11:12:34,42395.00,100,374200
20221111,11:12:39,42395.00,25,374200
20221111,11:12:52,42393.55,25,374200
20221111,11:12:55,42394.00,175,374200
20221111,11:13:08,42394.00,25,374200
20221111,11:13:12,42394.00,25,374200
20221111,11:13:14,42393.00,125,374200
20221111,11:13:29,42400.00,25,374200
20221111,11:13:31,42404.95,25,374200
20221111,11:13:36,42400.00,50,374200
20221111,11:13:41,42400.25,125,374200
20221111,11:13:50,42397.40,75,374200
20221111,11:14:01,42397.00,225,374200
20221111,11:14:15,42399.70,25,374200
20221111,11:14:22,42406.95,25,374200
20221111,11:14:23,42402.95,25,374200
20221111,11:14:25,42402.90,75,374200
20221111,11:14:35,42403.00,225,374200
20221111,11:14:38,42401.85,100,374200
20221111,11:14:41,42397.00,25,374200
20221111,11:14:55,42399.15,75,375225
20221111,11:15:03,42408.95,25,375225
20221111,11:15:09,42405.90,25,375225
20221111,11:15:23,42401.95,50,375225
20221111,11:15:34,42411.00,25,375225
20221111,11:15:45,42411.00,50,375225
20221111,11:16:17,42418.90,25,375225
20221111,11:16:31,42413.70,25,375225
20221111,11:16:36,42413.65,50,375225
20221111,11:16:38,42411.00,125,375225
20221111,11:16:44,42411.05,25,375225
20221111,11:16:53,42418.00,25,375225
20221111,11:17:09,42413.15,25,375225
20221111,11:17:15,42419.75,25,375225
20221111,11:17:18,42420.00,25,375225
20221111,11:17:22,42415.55,50,375225
20221111,11:17:27,42415.60,25,375225
20221111,11:17:28,42419.15,25,375225
20221111,11:17:30,42420.50,125,375225
20221111,11:17:33,42416.05,25,375225
20221111,11:17:43,42416.55,100,375225
20221111,11:17:54,42421.05,25,375225
20221111,11:17:59,42416.55,25,375525
20221111,11:18:01,42415.35,25,375525
20221111,11:18:07,42417.10,25,375525
20221111,11:18:10,42418.40,25,375525
20221111,11:18:12,42417.15,25,375525
20221111,11:18:17,42417.10,75,375525
20221111,11:18:19,42415.00,150,375525
20221111,11:18:36,42420.00,25,375525
20221111,11:18:38,42422.00,25,375525
20221111,11:19:01,42421.10,150,375525
20221111,11:19:18,42423.15,50,375525
20221111,11:19:22,42420.40,100,375525
20221111,11:19:23,42424.00,150,375525
20221111,11:19:32,42423.15,25,375525
20221111,11:19:36,42425.00,25,375525
20221111,11:19:38,42427.25,25,375525
20221111,11:19:50,42430.85,25,375525
20221111,11:19:53,42430.80,125,375525
20221111,11:20:04,42427.80,25,375525
20221111,11:20:06,42432.10,50,375525
20221111,11:20:07,42427.80,100,375525
20221111,11:20:16,42424.05,25,375525
20221111,11:20:19,42427.80,125,375525
20221111,11:20:32,42420.00,100,375525
20221111,11:20:34,42425.55,100,375525
20221111,11:20:37,42419.85,75,375525
20221111,11:20:42,42419.85,25,375525
20221111,11:21:16,42418.25,100,376100
20221111,11:21:29,42413.35,25,376100
20221111,11:21:32,42413.35,25,376100
20221111,11:21:34,42413.35,25,376100
20221111,11:21:35,42411.05,25,376100
20221111,11:21:45,42411.00,25,376100
20221111,11:21:46,42406.50,25,376100
20221111,11:21:59,42400.15,50,376100
20221111,11:22:08,42409.00,25,376100
20221111,11:22:22,42412.95,25,376100
20221111,11:22:24,42415.95,25,376100
20221111,11:22:26,42415.95,50,376100
20221111,11:22:31,42416.95,75,376100
20221111,11:22:39,42411.55,25,376100
20221111,11:22:40,42411.95,25,376100
20221111,11:22:56,42412.80,25,376100
20221111,11:23:00,42425.00,50,376100
20221111,11:23:06,42420.30,25,376100
20221111,11:23:08,42420.30,50,376100
20221111,11:23:10,42414.10,25,376100
20221111,11:23:11,42422.95,25,376100
20221111,11:23:20,42418.70,25,376100
20221111,11:23:44,42430.00,25,376100
20221111,11:23:52,42426.05,25,376500
20221111,11:23:53,42430.00,50,376500
20221111,11:23:58,42430.00,100,376500
20221111,11:24:00,42430.00,25,376500
20221111,11:24:08,42428.10,275,376500
20221111,11:24:11,42424.25,150,376500
20221111,11:24:25,42423.30,25,376500
20221111,11:24:35,42423.70,25,376500
20221111,11:24:47,42423.80,50,376500
20221111,11:24:51,42420.75,50,376500
20221111,11:24:56,42420.00,100,376500
20221111,11:25:24,42422.20,25,376500
20221111,11:25:32,42426.00,50,376500
20221111,11:25:39,42422.00,25,376500
20221111,11:25:41,42420.05,25,376500
20221111,11:25:44,42420.05,25,376500
20221111,11:25:45,42420.05,25,376500
20221111,11:25:56,42415.10,25,376500
20221111,11:26:01,42415.10,25,376500
20221111,11:26:02,42415.00,50,376500
20221111,11:26:25,42411.10,75,376500
20221111,11:26:27,42411.00,25,376500
20221111,11:26:33,42410.00,25,376500
20221111,11:26:49,42419.90,25,377025
20221111,11:27:01,42424.15,150,377025
20221111,11:27:02,42419.25,25,377025
20221111,11:27:17,42425.00,125,377025
20221111,11:27:19,42425.05,50,377025
20221111,11:27:27,42424.80,25,377025
20221111,11:27:34,42430.00,25,377025
20221111,11:27:35,42428.55,100,377025
20221111,11:27:37,42422.15,100,377025
20221111,11:27:42,42426.00,25,377025
20221111,11:27:50,42425.60,25,377025
20221111,11:27:56,42429.00,25,377025
20221111,11:28:14,42429.00,125,377025
20221111,11:28:32,42430.00,25,377025
20221111,11:28:35,42430.00,250,377025
20221111,11:28:37,42430.00,250,377025
20221111,11:28:44,42435.00,125,377025
20221111,11:28:55,42434.45,200,377025
20221111,11:28:57,42434.40,75,377025
20221111,11:28:58,42434.35,75,377025
20221111,11:29:02,42439.00,25,377025
20221111,11:29:07,42433.55,25,377025
20221111,11:29:08,42433.75,25,377025
20221111,11:29:15,42435.00,25,377025
20221111,11:29:17,42435.90,100,377025
20221111,11:29:18,42430.05,25,377025
20221111,11:29:40,42434.15,100,377025
20221111,11:29:54,42436.40,25,377750
20221111,11:29:56,42437.30,50,377750
20221111,11:29:59,42440.00,150,377750
20221111,11:30:01,42439.75,250,377750
20221111,11:30:04,42440.00,100,377750
20221111,11:30:06,42439.00,75,377750
20221111,11:30:09,42430.05,75,377750
20221111,11:30:11,42430.05,50,377750
20221111,11:30:12,42430.05,50,377750
20221111,11:30:20,42430.00,25,377750
20221111,11:30:32,42434.00,50,377750
20221111,11:30:40,42437.00,25,377750
20221111,11:30:41,42431.00,75,377750
20221111,11:30:46,42426.00,50,377750
20221111,11:30:48,42417.60,25,377750
20221111,11:30:50,42417.90,75,377750
20221111,11:31:04,42418.95,25,377750
20221111,11:31:19,42421.00,25,377750
20221111,11:31:23,42422.00,50,377750
20221111,11:31:39,42416.00,500,377750
20221111,11:31:41,42420.90,50,377750
20221111,11:31:52,42425.00,25,377750
20221111,11:32:01,42424.60,75,377750
20221111,11:32:02,42418.85,25,377750
20221111,11:32:10,42419.85,25,377750
20221111,11:32:13,42425.00,25,377750
20221111,11:32:16,42420.20,25,377750
20221111,11:32:28,42426.95,25,377750
20221111,11:32:47,42419.10,25,378650
20221111,11:32:57,42425.00,25,378650
20221111,11:33:13,42422.25,25,378650
20221111,11:33:19,42425.00,50,378650
20221111,11:33:21,42425.00,50,378650
20221111,11:33:23,42425.00,25,378650
20221111,11:33:24,42424.95,25,378650
20221111,11:33:26,42424.95,25,378650
20221111,11:33:29,42425.00,475,378650
20221111,11:33:32,42425.00,50,378650
20221111,11:33:37,42425.00,50,378650
20221111,11:33:41,42425.00,50,378650
20221111,11:33:46,42425.00,50,378650
20221111,11:33:52,42425.00,25,378650
20221111,11:33:57,42425.00,150,378650
20221111,11:34:13,42427.45,175,378650
20221111,11:34:16,42427.45,25,378650
20221111,11:34:29,42429.95,25,378650
20221111,11:34:37,42429.35,75,378650
20221111,11:34:39,42429.70,50,378650
20221111,11:34:40,42429.95,25,378650
20221111,11:34:42,42430.00,25,378650
20221111,11:34:44,42431.00,25,378650
20221111,11:34:49,42432.50,25,378650
20221111,11:34:50,42434.00,275,378650
20221111,11:34:52,42434.00,625,378650
20221111,11:35:01,42433.10,300,378650
20221111,11:35:06,42433.10,25,378650
20221111,11:35:16,42432.05,25,378650
20221111,11:35:17,42432.05,75,378650
20221111,11:35:21,42434.70,25,378650
20221111,11:35:32,42438.05,25,378650
20221111,11:35:36,42438.40,25,378650
20221111,11:35:37,42442.00,25,378650
20221111,11:35:39,42442.00,50,378650
20221111,11:35:41,42442.25,25,378650
20221111,11:35:42,42445.00,150,378650
20221111,11:35:46,42449.00,25,378650
20221111,11:35:52,42449.00,25,379125
20221111,11:35:55,42446.40,75,379125
20221111,11:36:00,42446.40,125,379125
20221111,11:36:03,42449.00,250,379125
20221111,11:36:10,42445.05,25,379125
20221111,11:36:17,42445.05,25,379125
20221111,11:36:21,42449.45,375,379125
20221111,11:36:22,42449.90,250,379125
20221111,11:36:27,42447.45,100,379125
20221111,11:36:29,42450.00,100,379125
20221111,11:36:35,42449.90,25,379125
20221111,11:36:36,42449.95,150,379125
20221111,11:36:41,42449.90,100,379125
20221111,11:36:46,42446.70,75,379125
20221111,11:36:51,42442.10,25,379125
20221111,11:36:57,42442.25,25,379125
20221111,11:37:13,42443.20,125,379125
20221111,11:37:18,42443.20,25,379125
20221111,11:37:19,42443.20,50,379125
20221111,11:37:21,42443.20,25,379125
20221111,11:37:25,42443.20,75,379125
20221111,11:37:39,42436.95,25,379125
20221111,11:38:08,42438.65,125,379125
20221111,11:38:25,42437.00,25,379125
20221111,11:38:32,42437.00,75,379125
20221111,11:38:41,42436.95,25,379125
20221111,11:38:43,42437.00,25,379125
20221111,11:38:48,42437.00,200,379800
20221111,11:38:57,42437.45,75,379800
20221111,11:39:00,42437.00,25,379800
20221111,11:39:01,42437.00,100,379800
20221111,11:39:27,42436.95,100,379800
20221111,11:39:32,42437.00,25,379800
20221111,11:39:35,42437.00,25,379800
20221111,11:39:36,42437.00,50,379800
20221111,11:39:38,42437.00,25,379800
20221111,11:39:40,42437.00,600,379800
20221111,11:39:48,42429.65,325,379800
20221111,11:40:01,42430.05,25,379800
20221111,11:40:02,42436.00,25,379800
20221111,11:40:04,42440.00,50,379800
20221111,11:40:07,42440.70,75,379800
20221111,11:40:09,42440.70,75,379800
20221111,11:40:12,42439.85,50,379800
20221111,11:40:14,42440.00,375,379800
20221111,11:40:19,42439.80,50,379800
20221111,11:40:41,42440.00,25,379800
20221111,11:40:42,42440.00,25,379800
20221111,11:40:44,42440.00,125,379800
20221111,11:40:57,42444.10,125,379800
20221111,11:41:04,42447.90,25,379800
20221111,11:41:33,42437.30,325,379800
20221111,11:41:41,42432.55,25,379800
20221111,11:41:43,42432.55,25,379800
20221111,11:41:52,42432.70,25,379800
20221111,11:42:08,42429.75,25,381525
20221111,11:42:17,42432.00,25,381525
20221111,11:42:20,42430.75,25,381525
20221111,11:42:28,42434.00,25,381525
20221111,11:42:44,42438.50,25,381525
20221111,11:42:46,42440.10,25,381525
20221111,11:42:59,42445.95,150,381525
20221111,11:43:00,42445.00,50,381525
20221111,11:43:21,42440.55,50,381525
20221111,11:43:30,42440.55,25,381525
20221111,11:43:40,42440.55,25,381525
20221111,11:43:43,42440.00,25,381525
20221111,11:44:01,42437.15,25,381525
20221111,11:44:03,42437.15,25,381525
20221111,11:44:06,42437.15,50,381525
20221111,11:44:20,42437.15,50,381525
20221111,11:44:29,42440.00,50,381525
20221111,11:44:48,42438.90,275,381850
20221111,11:44:50,42439.85,25,381850
20221111,11:44:53,42433.80,25,381850
20221111,11:44:55,42440.95,50,381850
20221111,11:45:06,42439.90,25,381850
20221111,11:45:11,42439.90,150,381850
20221111,11:45:12,42438.15,50,381850
20221111,11:45:16,42434.25,25,381850
20221111,11:45:27,42434.25,25,381850
20221111,11:45:32,42434.25,25,381850
20221111,11:45:33,42434.25,50,381850
20221111,11:45:36,42434.25,75,381850
20221111,11:45:38,42434.25,50,381850
20221111,11:46:00,42437.90,25,381850
20221111,11:46:14,42432.45,50,381850
20221111,11:46:17,42432.45,150,381850
20221111,11:46:18,42425.80,25,381850
20221111,11:46:22,42425.80,25,381850
20221111,11:46:23,42424.85,25,381850
20221111,11:46:36,42426.85,25,381850
20221111,11:47:02,42425.15,200,381850
20221111,11:47:13,42432.00,50,381850
20221111,11:47:24,42429.85,125,381850
20221111,11:47:31,42437.90,200,381850
20221111,11:47:32,42429.05,25,381850
20221111,11:47:45,42435.95,25,381850
20221111,11:47:47,42440.00,25,381850
20221111,11:47:48,42439.70,75,381850
20221111,11:47:56,42444.00,50,383175
20221111,11:48:14,42444.00,25,383175
20221111,11:48:19,42442.20,25,383175
20221111,11:48:23,42442.15,50,383175
20221111,11:48:34,42442.15,50,383175
20221111,11:48:36,42442.15,25,383175
20221111,11:48:37,42442.20,25,383175
20221111,11:48:41,42442.10,125,383175
20221111,11:48:49,42443.05,25,383175
20221111,11:48:52,42443.05,25,383175
20221111,11:48:55,42444.00,25,383175
20221111,11:49:00,42445.00,25,383175
20221111,11:49:05,42443.80,25,383175
20221111,11:49:30,42445.00,100,383175
20221111,11:49:31,42445.00,125,383175
20221111,11:49:33,42447.00,125,383175
20221111,11:49:38,42450.00,200,383175
20221111,11:49:48,42450.00,1200,383175
20221111,11:49:49,42456.00,25,383175
20221111,11:49:51,42466.00,350,383175
20221111,11:49:53,42473.00,200,383175
20221111,11:49:56,42475.00,25,383175
20221111,11:49:58,42474.60,350,383175
20221111,11:50:01,42464.15,25,383175
20221111,11:50:06,42472.00,25,383175
20221111,11:50:09,42466.20,525,383175
20221111,11:50:14,42475.00,50,383175
20221111,11:50:28,42475.00,50,383175
20221111,11:50:32,42475.00,25,383175
20221111,11:50:33,42475.70,200,383175
20221111,11:50:35,42475.95,25,383175
20221111,11:50:36,42478.80,325,383175
20221111,11:50:38,42483.70,50,383175
20221111,11:50:40,42489.00,75,383175
20221111,11:50:41,42490.00,100,383175
20221111,11:50:45,42490.00,75,383175
20221111,11:50:46,42489.00,100,383175
20221111,11:50:49,42490.00,25,384825
20221111,11:50:51,42490.00,25,384825
20221111,11:50:54,42485.05,175,384825
20221111,11:50:59,42485.00,25,384825
20221111,11:51:02,42486.55,25,384825
20221111,11:51:05,42490.00,25,384825
20221111,11:51:11,42490.10,50,384825
20221111,11:51:13,42489.30,150,384825
20221111,11:51:24,42488.55,50,384825
20221111,11:51:27,42484.55,25,384825
20221111,11:51:30,42486.35,25,384825
20221111,11:51:36,42486.85,25,384825
20221111,11:51:41,42487.05,25,384825
20221111,11:51:44,42485.00,125,384825
20221111,11:51:52,42481.10,25,384825
20221111,11:51:53,42483.60,125,384825
20221111,11:51:59,42488.10,25,384825
20221111,11:52:01,42486.00,25,384825
20221111,11:52:05,42481.50,50,384825
20221111,11:52:09,42487.85,25,384825
20221111,11:52:15,42484.65,25,384825
20221111,11:52:20,42487.85,25,384825
20221111,11:52:21,42495.00,275,384825
20221111,11:52:23,42497.85,100,384825
20221111,11:52:28,42489.25,50,384825
20221111,11:52:34,42498.60,50,384825
20221111,11:52:38,42498.70,75,384825
20221111,11:52:46,42498.70,50,384825
20221111,11:52:48,42498.70,25,384825
20221111,11:52:50,42499.00,25,384825
20221111,11:52:54,42499.00,50,384825
20221111,11:53:00,42499.00,75,384825
20221111,11:53:03,42496.85,100,384825
20221111,11:53:08,42499.95,100,384825
20221111,11:53:09,42499.95,50,384825
20221111,11:53:11,42499.90,25,384825
20221111,11:53:21,42495.20,75,384825
20221111,11:53:22,42496.85,25,384825
20221111,11:53:25,42499.90,25,384825
20221111,11:53:27,42500.00,25,384825
20221111,11:53:30,42498.35,25,384825
20221111,11:53:35,42499.80,50,384825
20221111,11:53:38,42495.00,50,384825
20221111,11:53:40,42492.85,75,384825
20221111,11:53:45,42490.35,25,384825
20221111,11:53:48,42490.35,75,384825
20221111,11:53:50,42490.00,100,384825
20221111,11:53:51,42490.00,100,385825
20221111,11:53:56,42490.35,75,385825
20221111,11:53:57,42490.35,25,385825
20221111,11:53:59,42494.90,200,385825
20221111,11:54:00,42499.90,200,385825
20221111,11:54:03,42491.85,25,385825
20221111,11:54:06,42499.95,125,385825
20221111,11:54:08,42500.00,175,385825
20221111,11:54:09,42500.00,50,385825
20221111,11:54:15,42500.00,200,385825
20221111,11:54:17,42500.00,75,385825
20221111,11:54:18,42500.00,50,385825
20221111,11:54:20,42500.00,25,385825
20221111,11:54:21,42499.00,50,385825
20221111,11:54:28,42492.80,200,385825
20221111,11:54:34,42500.00,25,385825
20221111,11:54:35,42500.00,50,385825
20221111,11:54:37,42499.95,25,385825
20221111,11:54:46,42500.00,25,385825
20221111,11:54:48,42500.00,25,385825
20221111,11:54:50,42500.00,350,385825
20221111,11:54:51,42500.00,275,385825
20221111,11:54:53,42498.40,200,385825
20221111,11:54:54,42491.50,50,385825
20221111,11:55:07,42500.00,50,385825
20221111,11:55:08,42499.15,75,385825
20221111,11:55:11,42500.00,25,385825
20221111,11:55:12,42496.75,25,385825
20221111,11:55:15,42500.00,50,385825
20221111,11:55:20,42496.80,50,385825
20221111,11:55:25,42490.00,50,385825
20221111,11:55:27,42495.45,200,385825
20221111,11:55:47,42497.70,50,385825
20221111,11:55:49,42497.60,25,385825
20221111,11:55:52,42490.05,50,385825
20221111,11:55:54,42490.25,100,385825
20221111,11:55:58,42490.25,25,385825
20221111,11:56:05,42499.95,300,385825
20221111,11:56:06,42499.95,25,385825
20221111,11:56:11,42498.65,75,385825
20221111,11:56:13,42500.00,25,385825
20221111,11:56:15,42499.90,25,385825
20221111,11:56:16,42500.00,100,385825
20221111,11:56:18,42497.95,25,385825
20221111,11:56:20,42500.00,150,385825
20221111,11:56:21,42506.85,500,385825
20221111,11:56:23,42508.40,25,385825
20221111,11:56:24,42509.35,25,385825
20221111,11:56:28,42509.35,25,385825
20221111,11:56:32,42509.00,50,385825
20221111,11:56:34,42516.10,300,385825
20221111,11:56:35,42510.20,25,385825
20221111,11:56:37,42517.65,50,385825
20221111,11:56:42,42517.65,25,385825
20221111,11:56:45,42511.90,100,385825
20221111,11:56:46,42506.20,50,385825
20221111,11:56:51,42502.75,25,388125
20221111,11:56:53,42513.05,25,388125
20221111,11:57:02,42505.10,25,388125
20221111,11:57:05,42506.10,25,388125
20221111,11:57:13,42506.40,50,388125
20221111,11:57:16,42515.35,25,388125
20221111,11:57:17,42522.00,450,388125
20221111,11:57:19,42522.00,25,388125
20221111,11:57:21,42516.45,25,388125
20221111,11:57:22,42516.80,175,388125
20221111,11:57:24,42520.05,50,388125
20221111,11:57:28,42516.35,100,388125
20221111,11:57:35,42522.00,25,388125
20221111,11:57:36,42523.00,25,388125
20221111,11:57:38,42523.00,25,388125
20221111,11:57:39,42509.85,150,388125
20221111,11:57:51,42514.45,50,388125
20221111,11:57:55,42508.65,25,388125
20221111,11:57:57,42519.60,50,388125
20221111,11:58:01,42508.05,50,388125
20221111,11:58:07,42508.35,25,388125
20221111,11:58:11,42512.35,50,388125
20221111,11:58:15,42511.05,25,388125
20221111,11:58:20,42511.25,25,388125
20221111,11:58:23,42519.30,25,388125
20221111,11:58:27,42519.95,50,388125
20221111,11:58:31,42513.55,25,388125
20221111,11:58:40,42520.00,25,388125
20221111,11:58:43,42520.00,25,388125
20221111,11:58:47,42520.00,25,388125
20221111,11:58:49,42515.10,75,388125
20221111,11:58:56,42520.00,125,388125
20221111,11:58:58,42525.00,250,388125
20221111,11:59:00,42525.00,100,388125
20221111,11:59:04,42525.00,175,388125
20221111,11:59:06,42525.00,50,388125
20221111,11:59:08,42516.00,250,388125
20221111,11:59:09,42518.00,25,388125
20221111,11:59:15,42517.95,25,388125
20221111,11:59:17,42520.85,100,388125
20221111,11:59:18,42516.05,50,388125
20221111,11:59:23,42516.05,25,388125
20221111,11:59:27,42520.30,50,388125
20221111,11:59:41,42516.40,25,388125
20221111,11:59:43,42516.05,50,388125
20221111,11:59:44,42516.05,25,388125
20221111,11:59:50,42510.05,75,388125
20221111,11:59:52,42509.55,125,389375
20221111,11:59:55,42515.00,25,389375
20221111,11:59:57,42515.00,25,389375
20221111,11:59:58,42515.80,50,389375
20221111,12:00:01,42515.75,25,389375
20221111,12:00:03,42520.00,50,389375
20221111,12:00:06,42517.20,150,389375
20221111,12:00:09,42515.00,25,389375
20221111,12:00:19,42515.00,25,389375
20221111,12:00:21,42509.00,75,389375
20221111,12:00:30,42510.00,50,389375
20221111,12:00:33,42506.10,25,389375
20221111,12:00:38,42503.45,50,389375
20221111,12:00:43,42495.20,100,389375
20221111,12:00:47,42494.20,25,389375
20221111,12:00:50,42494.25,25,389375
20221111,12:00:53,42500.00,25,389375
20221111,12:00:58,42497.95,25,389375
20221111,12:01:16,42492.40,75,389375
20221111,12:01:21,42492.35,25,389375
20221111,12:01:26,42498.00,25,389375
20221111,12:01:30,42501.95,25,389375
20221111,12:01:32,42503.45,50,389375
20221111,12:01:35,42495.95,125,389375
20221111,12:01:38,42497.80,125,389375
20221111,12:01:45,42496.55,25,389375
20221111,12:01:48,42495.00,100,389375
20221111,12:02:02,42493.50,25,389375
20221111,12:02:35,42493.55,50,389375
20221111,12:02:36,42493.50,50,389375
20221111,12:02:46,42493.50,25,389375
20221111,12:03:02,42493.50,75,389900
20221111,12:03:08,42493.55,50,389900
20221111,12:03:12,42493.45,50,389900
20221111,12:03:26,42493.55,50,389900
20221111,12:03:31,42493.95,25,389900
20221111,12:03:42,42500.00,25,389900
20221111,12:03:44,42506.80,25,389900
20221111,12:03:47,42501.25,25,389900
20221111,12:03:56,42512.95,50,389900
20221111,12:04:02,42504.50,25,389900
20221111,12:04:18,42508.10,25,389900
20221111,12:04:20,42509.30,25,389900
20221111,12:04:24,42509.65,25,389900
20221111,12:04:26,42513.50,25,389900
20221111,12:04:27,42510.90,25,389900
20221111,12:04:35,42509.05,50,389900
20221111,12:04:39,42509.00,75,389900
20221111,12:04:48,42509.05,25,389900
20221111,12:04:50,42505.15,25,389900
20221111,12:04:56,42502.80,25,389900
20221111,12:05:03,42511.00,25,389900
20221111,12:05:06,42503.10,125,389900
20221111,12:05:22,42508.50,25,389900
20221111,12:05:42,42507.30,100,389900
20221111,12:05:45,42507.40,75,389900
20221111,12:05:48,42499.00,25,389900
20221111,12:06:02,42500.00,25,390375
20221111,12:06:10,42498.10,25,390375
20221111,12:06:12,42500.00,50,390375
20221111,12:06:13,42495.55,300,390375
20221111,12:06:16,42500.00,25,390375
20221111,12:06:27,42500.00,25,390375
20221111,12:06:37,42505.30,725,390375
20221111,12:06:43,42506.10,25,390375
20221111,12:07:02,42500.15,150,390375
20221111,12:07:04,42500.10,25,390375
20221111,12:07:05,42500.00,75,390375
20221111,12:07:07,42500.05,25,390375
20221111,12:07:18,42497.95,25,390375
20221111,12:07:20,42500.00,25,390375
20221111,12:07:26,42502.05,25,390375
20221111,12:07:28,42502.10,225,390375
20221111,12:07:29,42496.20,100,390375
20221111,12:07:53,42499.70,175,390375
20221111,12:08:01,42496.20,25,390375
20221111,12:08:07,42499.40,50,390375
20221111,12:08:28,42504.00,25,390375
20221111,12:08:35,42505.00,25,390375
20221111,12:08:37,42503.90,150,390375
20221111,12:08:45,42499.55,25,390375
20221111,12:08:51,42499.55,75,390375
20221111,12:08:54,42499.55,75,391025
20221111,12:08:56,42499.55,75,391025
20221111,12:08:58,42499.55,75,391025
20221111,12:09:01,42499.55,25,391025
20221111,12:09:45,42506.10,25,391025
20221111,12:09:52,42506.10,50,391025
20221111,12:09:53,42506.00,200,391025
20221111,12:10:02,42500.15,50,391025
20221111,12:10:10,42500.15,25,391025
20221111,12:10:15,42503.30,125,391025
20221111,12:10:21,42499.50,25,391025
20221111,12:10:29,42506.10,25,391025
20221111,12:10:33,42510.00,25,391025
20221111,12:10:36,42504.45,50,391025
20221111,12:10:37,42504.45,25,391025
20221111,12:10:42,42504.45,75,391025
20221111,12:10:44,42504.45,25,391025
20221111,12:10:54,42504.40,50,391025
20221111,12:11:00,42497.40,50,391025
20221111,12:11:11,42492.50,50,391025
20221111,12:11:21,42494.60,25,391025
20221111,12:11:22,42495.05,25,391025
20221111,12:11:25,42493.10,25,391025
20221111,12:11:29,42480.15,100,391025
20221111,12:11:30,42480.10,25,391025
20221111,12:11:32,42475.85,50,391025
20221111,12:11:39,42482.55,25,391025
20221111,12:11:58,42482.00,25,391850
20221111,12:12:01,42480.00,25,391850
20221111,12:12:12,42480.00,25,391850
20221111,12:12:22,42481.25,75,391850
20221111,12:12:24,42486.45,25,391850
20221111,12:12:28,42484.80,175,391850
20221111,12:12:46,42489.35,25,391850
20221111,12:13:05,42486.90,25,391850
20221111,12:13:17,42485.30,25,391850
20221111,12:13:20,42485.25,25,391850
20221111,12:13:36,42490.95,50,391850
20221111,12:13:51,42489.80,25,391850
20221111,12:14:03,42485.70,25,391850
20221111,12:14:11,42485.70,25,391850
20221111,12:14:27,42492.75,25,391850
20221111,12:14:35,42492.90,50,391850
20221111,12:14:37,42492.85,75,391850
20221111,12:14:46,42485.15,25,391850
20221111,12:14:48,42491.65,25,391850
20221111,12:15:01,42491.95,75,392250
20221111,12:15:03,42491.50,100,392250
20221111,12:15:09,42485.20,50,392250
20221111,12:15:14,42481.10,25,392250
20221111,12:15:16,42488.85,25,392250
20221111,12:15:32,42496.95,25,392250
20221111,12:15:33,42496.70,25,392250
20221111,12:15:40,42501.00,400,392250
20221111,12:15:50,42506.00,75,392250
20221111,12:15:51,42509.95,50,392250
20221111,12:15:54,42510.00,350,392250
20221111,12:15:58,42510.00,50,392250
20221111,12:16:01,42510.00,25,392250
20221111,12:16:07,42506.00,175,392250
20221111,12:16:44,42509.80,25,392250
20221111,12:16:49,42510.00,175,392250
20221111,12:16:51,42510.00,125,392250
20221111,12:16:53,42510.00,25,392250
20221111,12:16:56,42508.00,50,392250
20221111,12:16:58,42518.40,325,392250
20221111,12:16:59,42518.15,50,392250
20221111,12:17:01,42517.65,25,392250
20221111,12:17:07,42512.60,25,392250
20221111,12:17:09,42514.00,100,392250
20221111,12:17:12,42513.95,75,392250
20221111,12:17:16,42514.75,25,392250
20221111,12:17:24,42514.75,25,392250
20221111,12:17:32,42525.00,700,392250
20221111,12:17:34,42533.00,225,392250
20221111,12:17:35,42534.35,75,392250
20221111,12:17:37,42535.00,25,392250
20221111,12:17:43,42560.00,3825,392250
20221111,12:17:45,42551.05,125,392250
20221111,12:17:53,42560.75,25,392250
20221111,12:17:58,42561.00,75,393000
20221111,12:18:01,42561.00,25,393000
20221111,12:18:03,42561.00,300,393000
20221111,12:18:05,42569.00,450,393000
20221111,12:18:06,42566.00,25,393000
20221111,12:18:09,42560.85,100,393000
20221111,12:18:11,42571.45,50,393000
20221111,12:18:14,42566.00,50,393000
20221111,12:18:21,42574.10,125,393000
20221111,12:18:30,42574.10,25,393000
20221111,12:18:32,42567.30,25,393000
20221111,12:18:35,42566.00,50,393000
20221111,12:18:37,42570.90,25,393000
20221111,12:18:38,42569.10,50,393000
20221111,12:18:40,42569.75,200,393000
20221111,12:18:42,42563.85,25,393000
20221111,12:18:45,42568.00,25,393000
20221111,12:18:47,42566.85,25,393000
20221111,12:18:50,42569.30,25,393000
20221111,12:18:58,42562.10,25,393000
20221111,12:19:00,42564.55,50,393000
20221111,12:19:03,42569.30,75,393000
20221111,12:19:05,42570.00,75,393000
20221111,12:19:07,42568.05,175,393000
20221111,12:19:08,42575.00,575,393000
20221111,12:19:10,42577.00,75,393000
20221111,12:19:12,42579.00,75,393000
20221111,12:19:13,42579.30,50,393000
20221111,12:19:15,42579.90,25,393000
20221111,12:19:17,42580.00,125,393000
20221111,12:19:25,42583.50,50,393000
20221111,12:19:34,42583.00,50,393000
20221111,12:19:38,42581.90,25,393000
20221111,12:19:39,42581.55,50,393000
20221111,12:19:41,42583.00,50,393000
20221111,12:19:43,42584.40,50,393000
20221111,12:19:49,42589.90,25,393000
20221111,12:19:52,42589.90,25,393000
20221111,12:19:59,42595.00,200,393000
20221111,12:20:00,42588.45,300,393000
20221111,12:20:02,42583.15,25,393000
20221111,12:20:04,42594.65,275,393000
20221111,12:20:05,42583.85,75,393000
20221111,12:20:07,42593.70,150,393000
20221111,12:20:09,42584.45,125,393000
20221111,12:20:15,42590.30,100,393000
20221111,12:20:17,42583.00,300,393000
20221111,12:20:18,42583.00,25,393000
20221111,12:20:22,42575.00,75,393000
20221111,12:20:23,42575.80,25,393000
20221111,12:20:28,42575.70,25,393000
20221111,12:20:32,42574.75,175,393000
20221111,12:20:33,42573.40,50,393000
20221111,12:20:35,42573.70,25,393000
20221111,12:20:37,42577.50,25,393000
20221111,12:20:38,42573.65,100,393000
20221111,12:20:40,42573.80,50,393000
20221111,12:20:42,42574.60,175,393000
20221111,12:20:43,42572.30,75,393000
20221111,12:20:46,42575.15,75,393000
20221111,12:20:48,42573.85,25,393000
20221111,12:20:50,42573.85,600,393000
20221111,12:20:51,42571.20,100,393000
20221111,12:20:59,42573.85,100,395050
20221111,12:21:01,42573.85,200,395050
20221111,12:21:03,42573.85,325,395050
20221111,12:21:04,42574.70,25,395050
20221111,12:21:10,42577.15,100,395050
20221111,12:21:12,42577.15,25,395050
20221111,12:21:14,42577.15,375,395050
20221111,12:21:15,42577.15,75,395050
20221111,12:21:17,42577.15,50,395050
20221111,12:21:19,42574.70,25,395050
20221111,12:21:24,42571.00,75,395050
20221111,12:21:25,42571.15,100,395050
20221111,12:21:30,42571.00,175,395050
20221111,12:21:32,42576.50,225,395050
20221111,12:21:33,42570.00,125,395050
20221111,12:21:43,42559.80,25,395050
20221111,12:21:45,42566.30,125,395050
20221111,12:21:51,42554.65,75,395050
20221111,12:21:53,42554.65,125,395050
20221111,12:21:55,42554.65,25,395050
20221111,12:21:58,42551.00,25,395050
20221111,12:21:59,42557.00,150,395050
20221111,12:22:01,42556.90,75,395050
20221111,12:22:06,42560.00,25,395050
20221111,12:22:07,42563.40,25,395050
20221111,12:22:11,42562.05,75,395050
20221111,12:22:12,42566.30,200,395050
20221111,12:22:14,42566.30,25,395050
20221111,12:22:15,42566.30,75,395050
20221111,12:22:17,42565.25,200,395050
20221111,12:22:18,42565.80,25,395050
20221111,12:22:20,42566.30,25,395050
20221111,12:22:22,42569.05,50,395050
20221111,12:22:27,42570.50,25,395050
20221111,12:22:28,42567.90,50,395050
20221111,12:22:39,42565.35,25,395050
20221111,12:22:41,42564.35,25,395050
20221111,12:22:44,42572.45,75,395050
20221111,12:22:59,42560.15,25,395050
20221111,12:23:00,42560.00,25,395050
20221111,12:23:07,42560.10,25,395050
20221111,12:23:10,42560.00,25,395050
20221111,12:23:13,42560.00,25,395050
20221111,12:23:25,42554.65,25,395050
20221111,12:23:38,42560.00,25,395050
20221111,12:23:41,42560.00,200,395050
20221111,12:23:44,42565.00,25,395050
20221111,12:23:52,42571.90,25,395050
20221111,12:23:57,42565.00,50,395125
20221111,12:24:07,42567.25,25,395125
20221111,12:24:08,42572.00,25,395125
20221111,12:24:10,42575.00,250,395125
20221111,12:24:13,42574.30,25,395125
20221111,12:24:14,42577.00,25,395125
20221111,12:24:16,42577.65,25,395125
20221111,12:24:17,42578.05,75,395125
20221111,12:24:27,42584.60,50,395125
20221111,12:24:36,42589.25,25,395125
20221111,12:24:37,42579.20,25,395125
20221111,12:24:42,42580.10,50,395125
20221111,12:24:45,42589.85,75,395125
20221111,12:24:46,42586.60,100,395125
20221111,12:24:48,42586.60,50,395125
20221111,12:24:49,42580.30,125,395125
20221111,12:24:51,42589.20,50,395125
20221111,12:24:54,42580.40,25,395125
20221111,12:25:00,42600.00,400,395125
20221111,12:25:02,42600.00,50,395125
20221111,12:25:04,42600.00,25,395125
20221111,12:25:05,42610.00,1100,395125
20221111,12:25:12,42606.65,100,395125
20221111,12:25:13,42602.15,50,395125
20221111,12:25:20,42608.10,100,395125
20221111,12:25:21,42598.55,25,395125
20221111,12:25:25,42607.95,125,395125
20221111,12:25:26,42608.30,175,395125
20221111,12:25:28,42595.30,25,395125
20221111,12:25:31,42600.00,50,395125
20221111,12:25:33,42608.50,25,395125
20221111,12:25:36,42600.00,25,395125
20221111,12:25:39,42600.05,25,395125
20221111,12:25:41,42600.40,25,395125
20221111,12:25:44,42600.45,50,395125
20221111,12:25:46,42600.50,25,395125
20221111,12:25:48,42604.35,50,395125
20221111,12:25:49,42610.00,25,395125
20221111,12:25:51,42604.45,25,395125
20221111,12:25:53,42605.20,25,395125
20221111,12:25:54,42607.30,50,395125
20221111,12:25:56,42600.65,75,395125
20221111,12:25:58,42600.90,25,395125
20221111,12:25:59,42600.05,175,395125
20221111,12:26:01,42601.20,100,395125
20221111,12:26:03,42600.00,25,395125
20221111,12:26:04,42600.00,25,395125
20221111,12:26:09,42597.10,50,395125
20221111,12:26:11,42606.15,100,395125
20221111,12:26:12,42600.00,25,395125
20221111,12:26:21,42593.00,25,395125
20221111,12:26:22,42591.95,25,395125
20221111,12:26:29,42590.55,100,395125
20221111,12:26:32,42599.90,100,395125
20221111,12:26:37,42594.85,75,395125
20221111,12:26:39,42594.15,25,395125
20221111,12:26:40,42594.55,25,395125
20221111,12:26:42,42595.10,25,395125
20221111,12:26:47,42600.00,75,395125
20221111,12:26:50,42600.00,100,395125
20221111,12:26:52,42609.20,100,395125
20221111,12:26:55,42610.00,25,395125
20221111,12:26:58,42610.00,50,396000
20221111,12:27:05,42600.20,25,396000
20221111,12:27:09,42600.00,25,396000
20221111,12:27:11,42606.20,100,396000
20221111,12:27:16,42600.30,25,396000
20221111,12:27:22,42601.15,25,396000
20221111,12:27:25,42600.00,75,396000
20221111,12:27:30,42599.95,100,396000
20221111,12:27:32,42590.00,25,396000
20221111,12:27:33,42587.80,50,396000
20221111,12:27:40,42580.50,125,396000
20221111,12:27:46,42591.90,125,396000
20221111,12:27:48,42585.00,25,396000
20221111,12:27:49,42585.00,50,396000
20221111,12:27:51,42585.00,25,396000
20221111,12:27:53,42585.00,350,396000
20221111,12:27:56,42585.20,25,396000
20221111,12:27:57,42585.20,25,396000
20221111,12:27:59,42589.90,200,396000
20221111,12:28:01,42598.95,150,396000
20221111,12:28:02,42585.35,25,396000
20221111,12:28:07,42590.00,50,396000
20221111,12:28:09,42585.10,25,396000
20221111,12:28:10,42590.00,250,396000
20221111,12:28:15,42590.00,25,396000
20221111,12:28:17,42585.15,650,396000
20221111,12:28:20,42585.90,25,396000
20221111,12:28:24,42593.95,100,396000
20221111,12:28:26,42593.95,25,396000
20221111,12:28:28,42595.00,50,396000
20221111,12:28:40,42590.00,75,396000
20221111,12:28:42,42598.60,100,396000
20221111,12:28:43,42590.25,25,396000
20221111,12:28:47,42590.90,250,396000
20221111,12:28:48,42592.20,25,396000
20221111,12:28:51,42600.00,75,396000
20221111,12:28:53,42600.00,25,396000
20221111,12:28:59,42607.95,100,396000
20221111,12:29:06,42603.30,100,396000
20221111,12:29:07,42609.95,100,396000
20221111,12:29:09,42607.95,75,396000
20221111,12:29:13,42602.15,25,396000
20221111,12:29:18,42608.75,875,396000
20221111,12:29:23,42598.75,25,396000
20221111,12:29:24,42600.05,225,396000
20221111,12:29:26,42595.80,25,396000
20221111,12:29:31,42604.40,425,396000
20221111,12:29:32,42592.60,75,396000
20221111,12:29:34,42590.65,25,396000
20221111,12:29:42,42594.20,25,396000
20221111,12:29:45,42595.00,125,396000
20221111,12:29:46,42595.00,125,396000
20221111,12:29:54,42597.95,25,396000
20221111,12:29:58,42600.00,75,395850
20221111,12:29:59,42603.60,25,395850
20221111,12:30:01,42606.75,75,395850
20221111,12:30:07,42606.75,25,395850
20221111,12:30:09,42610.05,425,395850
20221111,12:30:10,42610.10,25,395850
20221111,12:30:12,42610.10,25,395850
20221111,12:30:13,42610.10,25,395850
20221111,12:30:16,42610.10,25,395850
20221111,12:30:18,42610.05,25,395850
20221111,12:30:21,42610.20,100,395850
20221111,12:30:22,42610.15,25,395850
20221111,12:30:24,42610.85,50,395850
20221111,12:30:27,42610.85,1025,395850
20221111,12:30:29,42608.30,150,395850
20221111,12:30:30,42604.25,25,395850
20221111,12:30:32,42604.20,50,395850
20221111,12:30:33,42604.10,25,395850
20221111,12:30:35,42604.15,25,395850
20221111,12:30:36,42604.65,25,395850
20221111,12:30:38,42604.05,50,395850
20221111,12:30:40,42606.00,700,395850
20221111,12:30:41,42604.00,100,395850
20221111,12:30:43,42604.05,25,395850
20221111,12:30:44,42604.00,125,395850
20221111,12:30:46,42604.00,100,395850
20221111,12:30:48,42604.00,50,395850
20221111,12:30:49,42604.00,300,395850
20221111,12:30:57,42609.30,25,395850
20221111,12:30:59,42606.60,25,395850
20221111,12:31:02,42605.05,100,395850
20221111,12:31:04,42605.00,50,395850
20221111,12:31:05,42605.80,50,395850
20221111,12:31:07,42605.80,25,395850
20221111,12:31:08,42605.75,25,395850
20221111,12:31:11,42605.75,50,395850
20221111,12:31:13,42604.05,125,395850
20221111,12:31:16,42604.10,50,395850
20221111,12:31:18,42604.00,75,395850
20221111,12:31:19,42604.00,75,395850
20221111,12:31:21,42604.00,100,395850
20221111,12:31:22,42604.00,75,395850
20221111,12:31:24,42604.00,75,395850
20221111,12:31:26,42604.00,25,395850
20221111,12:31:27,42600.20,50,395850
20221111,12:31:30,42606.60,150,395850
20221111,12:31:32,42604.15,25,395850
20221111,12:31:37,42604.15,25,395850
20221111,12:31:38,42604.15,25,395850
20221111,12:31:40,42604.10,75,395850
20221111,12:31:41,42604.00,100,395850
20221111,12:31:45,42604.05,25,395850
20221111,12:31:48,42604.05,50,395850
20221111,12:31:49,42604.05,25,395850
20221111,12:31:51,42604.00,300,395850
20221111,12:31:52,42604.05,150,395850
20221111,12:31:54,42604.00,150,395850
20221111,12:31:56,42604.00,75,395850
20221111,12:32:00,42604.05,25,395850
20221111,12:32:02,42604.00,50,395850
20221111,12:32:04,42601.05,25,395850
20221111,12:32:08,42607.40,50,395850
20221111,12:32:10,42600.10,25,395850
20221111,12:32:12,42600.00,125,395850
20221111,12:32:16,42600.20,25,395850
20221111,12:32:20,42600.05,50,395850
20221111,12:32:21,42600.05,50,395850
20221111,12:32:24,42600.00,625,395850
20221111,12:32:28,42598.10,50,395850
20221111,12:32:51,42594.10,25,395850
20221111,12:32:52,42594.90,25,395850
20221111,12:32:57,42596.75,25,395850
20221111,12:33:02,42590.05,50,397725
20221111,12:33:07,42590.10,25,397725
20221111,12:33:08,42590.05,25,397725
20221111,12:33:11,42590.05,25,397725
20221111,12:33:13,42590.00,100,397725
20221111,12:33:16,42594.50,50,397725
20221111,12:33:19,42601.00,50,397725
20221111,12:33:23,42598.65,25,397725
20221111,12:33:24,42607.85,25,397725
20221111,12:33:26,42601.00,25,397725
20221111,12:33:31,42598.10,350,397725
20221111,12:33:35,42607.35,25,397725
20221111,12:33:41,42601.55,75,397725
20221111,12:33:48,42607.00,225,397725
20221111,12:33:50,42611.00,125,397725
20221111,12:33:51,42620.00,125,397725
20221111,12:33:53,42620.00,100,397725
20221111,12:33:55,42627.00,50,397725
20221111,12:33:56,42627.60,100,397725
20221111,12:33:58,42629.00,25,397725
20221111,12:33:59,42629.00,125,397725
20221111,12:34:01,42620.15,25,397725
20221111,12:34:03,42617.30,25,397725
20221111,12:34:04,42627.20,400,397725
20221111,12:34:07,42619.60,100,397725
20221111,12:34:16,42621.05,50,397725
20221111,12:34:19,42620.70,25,397725
20221111,12:34:27,42620.90,25,397725
20221111,12:34:39,42626.85,25,397725
20221111,12:34:40,42626.95,50,397725
20221111,12:34:42,42622.15,25,397725
20221111,12:34:45,42614.15,50,397725
20221111,12:34:49,42617.45,25,397725
20221111,12:34:50,42617.65,25,397725
20221111,12:34:57,42618.15,25,397725
20221111,12:34:58,42618.10,50,397725
20221111,12:35:02,42615.90,25,397725
20221111,12:35:03,42615.90,50,397725
20221111,12:35:05,42615.90,50,397725
20221111,12:35:16,42614.90,75,397725
20221111,12:35:21,42609.35,75,397725
20221111,12:35:23,42601.65,25,397725
20221111,12:35:26,42601.80,25,397725
20221111,12:35:38,42600.00,25,397725
20221111,12:35:39,42598.10,25,397725
20221111,12:35:44,42595.00,25,397725
20221111,12:35:46,42592.05,25,397725
20221111,12:35:48,42595.00,25,397725
20221111,12:35:51,42598.10,25,397725
20221111,12:35:52,42598.10,50,397725
20221111,12:35:54,42598.15,50,397725
20221111,12:36:01,42604.75,25,398650
20221111,12:36:02,42604.75,25,398650
20221111,12:36:04,42596.85,450,398650
20221111,12:36:07,42606.85,300,398650
20221111,12:36:16,42597.80,50,398650
20221111,12:36:24,42597.95,25,398650
20221111,12:36:32,42603.85,75,398650
20221111,12:36:37,42603.80,25,398650
20221111,12:36:38,42603.80,25,398650
20221111,12:36:40,42603.15,125,398650
20221111,12:36:54,42597.85,25,398650
20221111,12:36:57,42597.90,25,398650
20221111,12:37:00,42597.85,25,398650
20221111,12:37:02,42597.80,50,398650
20221111,12:37:16,42600.00,25,398650
20221111,12:37:19,42603.15,150,398650
20221111,12:37:24,42602.50,50,398650
20221111,12:37:29,42609.35,25,398650
20221111,12:37:31,42607.05,25,398650
20221111,12:37:32,42609.35,25,398650
20221111,12:37:34,42618.15,200,398650
20221111,12:37:35,42606.15,150,398650
20221111,12:37:37,42600.50,50,398650
20221111,12:37:42,42614.25,175,398650
20221111,12:37:52,42608.45,25,398650
20221111,12:37:54,42608.45,50,398650
20221111,12:37:55,42605.15,25,398650
20221111,12:38:00,42605.05,125,398650
20221111,12:38:02,42599.00,25,398650
20221111,12:38:06,42604.10,50,398650
20221111,12:38:11,42605.75,25,398650
20221111,12:38:14,42611.05,25,398650
20221111,12:38:16,42614.25,25,398650
20221111,12:38:21,42616.35,50,398650
20221111,12:38:23,42615.35,50,398650
20221111,12:38:24,42615.25,25,398650
20221111,12:38:26,42616.10,25,398650
20221111,12:38:34,42616.40,25,398650
20221111,12:38:35,42620.00,25,398650
20221111,12:38:40,42616.40,50,398650
20221111,12:38:41,42616.55,50,398650
20221111,12:38:46,42616.55,25,398650
20221111,12:38:49,42617.10,100,398650
20221111,12:38:54,42620.50,100,398650
20221111,12:38:56,42616.30,400,398650
20221111,12:38:59,42616.45,150,400775
20221111,12:39:02,42610.20,25,400775
20221111,12:39:05,42612.45,25,400775
20221111,12:39:07,42607.85,175,400775
20221111,12:39:09,42614.75,150,400775
20221111,12:39:10,42613.20,25,400775
20221111,12:39:12,42613.15,50,400775
20221111,12:39:23,42619.55,75,400775
20221111,12:39:26,42618.30,50,400775
20221111,12:39:28,42622.85,25,400775
20221111,12:39:33,42621.20,125,400775
20221111,12:39:36,42616.20,25,400775
20221111,12:39:43,42625.85,375,400775
20221111,12:39:44,42626.90,50,400775
20221111,12:39:46,42626.90,75,400775
20221111,12:39:48,42625.65,200,400775
20221111,12:39:49,42623.10,200,400775
20221111,12:39:59,42618.40,50,400775
20221111,12:40:02,42618.95,175,400775
20221111,12:40:04,42615.05,125,400775
20221111,12:40:06,42615.05,50,400775
20221111,12:40:07,42615.05,25,400775
20221111,12:40:09,42615.10,50,400775
20221111,12:40:10,42615.00,1000,400775
20221111,12:40:12,42601.80,50,400775
20221111,12:40:19,42610.35,25,400775
20221111,12:40:20,42610.85,25,400775
20221111,12:40:28,42611.15,25,400775
20221111,12:40:30,42611.15,25,400775
20221111,12:40:33,42605.90,25,400775
20221111,12:40:36,42610.00,50,400775
20221111,12:40:38,42602.85,200,400775
20221111,12:40:41,42604.20,75,400775
20221111,12:40:43,42604.25,50,400775
20221111,12:40:44,42604.20,75,400775
20221111,12:40:46,42600.35,25,400775
20221111,12:40:59,42605.50,25,400775
20221111,12:41:00,42605.55,25,400775
20221111,12:41:02,42605.40,150,400775
20221111,12:41:07,42609.25,50,400775
20221111,12:41:09,42609.65,150,400775
20221111,12:41:17,42608.20,75,400775
20221111,12:41:20,42603.05,50,400775
20221111,12:41:24,42603.85,125,400775
20221111,12:41:26,42609.95,25,400775
20221111,12:41:28,42612.85,50,400775
20221111,12:41:29,42612.85,50,400775
20221111,12:41:34,42615.45,50,400775
20221111,12:41:39,42613.10,25,400775
20221111,12:41:40,42613.05,25,400775
20221111,12:41:42,42613.05,50,400775
20221111,12:41:44,42610.25,100,400775
20221111,12:41:49,42610.00,50,400775
20221111,12:41:53,42610.25,50,400775
20221111,12:41:57,42610.15,25,400775
20221111,12:41:58,42610.25,50,400775
20221111,12:42:00,42614.85,75,404100
20221111,12:42:01,42614.75,125,404100
20221111,12:42:03,42609.05,25,404100
20221111,12:42:05,42609.05,25,404100
20221111,12:42:06,42609.05,100,404100
20221111,12:42:11,42607.25,25,404100
20221111,12:42:12,42607.25,75,404100
20221111,12:42:14,42600.15,25,404100
20221111,12:42:19,42600.75,25,404100
20221111,12:42:20,42599.60,50,404100
20221111,12:42:34,42597.75,75,404100
20221111,12:42:38,42599.60,100,404100
20221111,12:42:41,42600.00,25,404100
20221111,12:42:44,42600.25,25,404100
20221111,12:42:46,42600.25,25,404100
20221111,12:42:49,42600.20,25,404100
20221111,12:42:52,42600.20,25,404100
20221111,12:42:55,42603.00,25,404100
20221111,12:42:58,42605.00,25,404100
20221111,12:43:01,42610.00,25,404100
20221111,12:43:06,42608.25,25,404100
20221111,12:43:20,42608.60,75,404100
20221111,12:43:33,42610.00,50,404100
20221111,12:43:36,42611.20,150,404100
20221111,12:43:44,42607.10,25,404100
20221111,12:43:47,42609.95,50,404100
20221111,12:43:50,42607.35,25,404100
20221111,12:43:56,42607.40,25,404100
20221111,12:44:00,42607.60,25,404100
20221111,12:44:01,42607.55,200,404100
20221111,12:44:03,42601.10,25,404100
20221111,12:44:06,42601.20,25,404100
20221111,12:44:09,42601.20,25,404100
20221111,12:44:11,42601.20,50,404100
20221111,12:44:12,42601.20,75,404100
20221111,12:44:14,42601.20,50,404100
20221111,12:44:15,42600.05,75,404100
20221111,12:44:23,42604.10,75,404100
20221111,12:44:25,42604.10,25,404100
20221111,12:44:27,42604.10,75,404100
20221111,12:44:30,42601.35,25,404100
20221111,12:44:33,42604.00,50,404100
20221111,12:44:35,42607.70,25,404100
20221111,12:44:36,42606.60,25,404100
20221111,12:44:40,42607.30,50,404100
20221111,12:44:43,42607.25,100,404100
20221111,12:44:44,42607.25,25,404100
20221111,12:44:49,42607.25,50,404100
20221111,12:44:51,42607.25,75,404100
20221111,12:44:57,42601.35,50,404100
20221111,12:45:06,42598.05,50,405750
20221111,12:45:07,42598.00,25,405750
20221111,12:45:18,42590.00,150,405750
20221111,12:45:20,42585.20,100,405750
20221111,12:45:39,42580.15,75,405750
20221111,12:45:44,42588.70,25,405750
20221111,12:45:45,42580.35,25,405750
20221111,12:45:47,42587.90,25,405750
20221111,12:45:50,42587.95,25,405750
20221111,12:45:57,42590.45,25,405750
20221111,12:46:02,42590.85,50,405750
20221111,12:46:03,42586.55,225,405750
20221111,12:46:11,42588.20,75,405750
20221111,12:46:27,42593.10,50,405750
20221111,12:46:31,42586.05,50,405750
20221111,12:46:42,42599.00,100,405750
20221111,12:46:59,42587.00,25,405750
20221111,12:47:16,42590.05,25,405750
20221111,12:47:21,42590.05,25,405750
20221111,12:47:24,42590.55,25,405750
20221111,12:47:30,42590.55,50,405750
20221111,12:47:36,42591.30,50,405750
20221111,12:47:41,42590.55,25,405750
20221111,12:47:46,42590.50,25,405750
20221111,12:47:52,42586.10,25,405750
20221111,12:48:16,42580.00,50,406400
20221111,12:48:25,42587.05,100,406400
20221111,12:48:26,42576.05,25,406400
20221111,12:48:29,42576.10,25,406400
20221111,12:48:34,42575.05,25,406400
20221111,12:48:40,42582.85,25,406400
20221111,12:48:45,42577.45,25,406400
20221111,12:48:49,42582.85,25,406400
20221111,12:49:01,42575.00,50,406400
20221111,12:49:07,42565.05,150,406400
20221111,12:49:15,42565.55,25,406400
20221111,12:49:17,42565.25,25,406400
20221111,12:49:20,42573.95,25,406400
20221111,12:49:30,42565.00,25,406400
20221111,12:49:33,42565.10,25,406400
20221111,12:49:47,42575.00,25,406400
20221111,12:49:55,42575.00,25,406400
20221111,12:49:59,42574.20,25,406400
20221111,12:50:11,42580.00,50,406400
20221111,12:50:16,42585.95,100,406400
20221111,12:50:18,42582.05,25,406400
20221111,12:50:29,42591.00,50,406400
20221111,12:50:53,42595.00,75,406400
20221111,12:50:58,42599.00,175,406400
20221111,12:51:01,42598.85,25,406400
20221111,12:51:06,42596.90,50,406550
20221111,12:51:07,42588.50,25,406550
