20221111,09:15:00,18500.05,1,296600
20221111,09:15:00,18500.00,450,296600
20221111,09:15:01,18467.05,450,296600
20221111,09:15:02,18470.80,250,296600
20221111,09:15:03,18471.65,650,296600
20221111,09:15:04,18472.15,800,296600
20221111,09:15:05,18474.55,1250,296600
20221111,09:15:06,18476.90,50,296600
20221111,09:15:07,18476.95,100,296600
20221111,09:15:08,18472.25,150,296600
20221111,09:15:09,18472.30,50,296600
20221111,09:15:10,18480.00,250,296600
20221111,09:15:11,18473.10,150,296600
20221111,09:15:12,18473.10,200,296600
20221111,09:15:13,18479.60,150,296600
20221111,09:15:14,18472.15,700,296600
20221111,09:15:15,18467.40,100,296600
20221111,09:15:16,18476.95,50,296600
20221111,09:15:17,18467.80,50,296600
20221111,09:15:19,18464.05,300,296600
20221111,09:15:20,18474.55,400,296600
20221111,09:15:21,18476.95,150,296600
20221111,09:15:22,18473.05,200,296600
20221111,09:15:23,18466.55,1450,296600
20221111,09:15:25,18470.05,100,296600
20221111,09:15:26,18466.60,1000,296600
20221111,09:15:27,18466.65,200,296600
20221111,09:15:28,18467.80,100,296600
20221111,09:15:29,18475.95,100,296600
20221111,09:15:30,18470.05,100,296600
20221111,09:15:31,18476.00,400,296600
20221111,09:15:32,18470.05,100,296600
20221111,09:15:36,18470.25,100,296600
20221111,09:15:38,18470.00,150,296600
20221111,09:15:39,18468.65,50,296600
20221111,09:15:40,18470.05,250,296600
20221111,09:15:41,18471.40,150,296600
20221111,09:15:42,18470.00,150,296600
20221111,09:15:43,18470.90,200,296600
20221111,09:15:44,18471.75,150,296600
20221111,09:15:45,18471.55,200,296600
20221111,09:15:46,18470.05,50,296600
20221111,09:15:47,18474.65,100,296600
20221111,09:15:48,18473.60,400,296600
20221111,09:15:49,18471.30,50,296600
20221111,09:15:50,18471.20,50,296600
20221111,09:15:51,18474.95,50,296600
20221111,09:15:52,18470.95,150,296600
20221111,09:15:53,18470.95,350,296600
20221111,09:15:54,18471.00,50,296600
20221111,09:15:55,18470.95,50,296600
20221111,09:15:57,18470.10,300,296600
20221111,09:15:59,18473.00,350,296600
20221111,09:16:01,18472.00,150,296600
20221111,09:16:03,18473.40,50,296600
20221111,09:16:04,18473.45,1850,296600
20221111,09:16:05,18474.05,350,296600
20221111,09:16:06,18474.85,800,296600
20221111,09:16:08,18475.95,50,296600
20221111,09:16:09,18475.00,50,296600
20221111,09:16:10,18476.95,600,296600
20221111,09:16:11,18475.05,250,296600
20221111,09:16:16,18476.00,50,296600
20221111,09:16:17,18475.90,50,296600
20221111,09:16:20,18476.90,50,296600
20221111,09:16:21,18479.00,100,296600
20221111,09:16:23,18477.55,50,296600
20221111,09:16:24,18479.00,300,296600
20221111,09:16:25,18479.00,100,296600
20221111,09:16:26,18480.00,250,296600
20221111,09:16:27,18480.00,500,296600
20221111,09:16:32,18484.00,50,296600
20221111,09:16:33,18480.25,50,296600
20221111,09:16:36,18480.20,100,296600
20221111,09:16:37,18480.10,50,296600
20221111,09:16:38,18483.00,50,296600
20221111,09:16:40,18479.70,400,296600
20221111,09:16:43,18483.85,150,296600
20221111,09:16:46,18485.90,1000,296600
20221111,09:16:47,18480.80,100,296600
20221111,09:16:48,18480.80,50,296600
20221111,09:16:52,18483.10,50,296600
20221111,09:16:56,18480.05,50,296600
20221111,09:16:58,18483.00,100,296600
20221111,09:17:01,18479.05,100,296600
20221111,09:17:08,18480.00,50,296600
20221111,09:17:10,18479.00,50,296600
20221111,09:17:14,18480.00,250,296600
20221111,09:17:15,18479.00,50,296600
20221111,09:17:16,18478.95,150,296600
20221111,09:17:18,18474.45,150,288900
20221111,09:17:22,18475.40,300,288900
20221111,09:17:24,18476.95,300,288900
20221111,09:17:26,18479.05,50,288900
20221111,09:17:27,18479.95,150,288900
20221111,09:17:28,18480.00,200,288900
20221111,09:17:30,18477.70,50,288900
20221111,09:17:31,18480.00,50,288900
20221111,09:17:32,18480.00,200,288900
20221111,09:17:34,18480.00,200,288900
20221111,09:17:35,18480.00,50,288900
20221111,09:17:36,18480.00,50,288900
20221111,09:17:37,18480.00,600,288900
20221111,09:17:38,18480.00,50,288900
20221111,09:17:39,18478.65,150,288900
20221111,09:17:40,18480.00,250,288900
20221111,09:17:41,18480.00,50,288900
20221111,09:17:42,18480.00,200,288900
20221111,09:17:43,18479.80,50,288900
20221111,09:17:48,18482.95,100,288900
20221111,09:17:50,18482.95,50,288900
20221111,09:17:51,18478.60,300,288900
20221111,09:17:52,18479.90,150,288900
20221111,09:17:54,18480.00,50,288900
20221111,09:17:55,18480.00,50,288900
20221111,09:17:56,18483.00,350,288900
20221111,09:17:57,18480.70,150,288900
20221111,09:18:02,18481.75,200,288900
20221111,09:18:03,18482.90,150,288900
20221111,09:18:04,18485.00,50,288900
20221111,09:18:05,18485.00,1200,288900
20221111,09:18:09,18485.00,50,288900
20221111,09:18:11,18486.00,200,288900
20221111,09:18:13,18486.50,100,288900
20221111,09:18:15,18486.50,100,288900
20221111,09:18:16,18486.50,150,288900
20221111,09:18:17,18486.00,50,288900
20221111,09:18:18,18487.00,150,288900
20221111,09:18:22,18487.40,300,288900
20221111,09:18:24,18485.00,50,288900
20221111,09:18:26,18483.95,100,288900
20221111,09:18:37,18485.00,400,288900
20221111,09:18:38,18486.10,50,288900
20221111,09:18:39,18483.95,150,288900
20221111,09:18:42,18483.25,50,288900
20221111,09:18:44,18482.65,100,288900
20221111,09:18:45,18483.25,50,288900
20221111,09:18:51,18485.00,50,288900
20221111,09:18:52,18485.00,50,288900
20221111,09:18:59,18485.00,300,288900
20221111,09:19:05,18486.50,100,288900
20221111,09:19:06,18486.00,350,288900
20221111,09:19:07,18486.10,50,288900
20221111,09:19:08,18486.10,200,288900
20221111,09:19:09,18486.95,250,288900
20221111,09:19:11,18486.75,50,288900
20221111,09:19:14,18486.10,50,288900
20221111,09:19:15,18486.00,1550,288900
20221111,09:19:31,18481.30,250,288900
20221111,09:19:35,18484.55,100,288900
20221111,09:19:44,18485.00,50,288900
20221111,09:19:56,18482.80,50,288900
20221111,09:19:57,18482.80,50,288900
20221111,09:20:00,18485.00,300,288900
20221111,09:20:03,18486.00,100,288900
20221111,09:20:03,18486.00,150,288900
20221111,09:20:05,18488.00,100,288900
20221111,09:20:06,18489.95,150,288900
20221111,09:20:07,18488.15,100,288900
20221111,09:20:08,18490.00,150,288900
20221111,09:20:10,18487.75,50,288900
20221111,09:20:10,18490.00,350,288900
20221111,09:20:11,18490.00,250,288900
20221111,09:20:12,18491.00,100,288900
20221111,09:20:13,18490.65,250,288900
20221111,09:20:16,18492.00,200,288900
20221111,09:20:17,18491.30,150,288900
20221111,09:20:18,18492.00,50,286900
20221111,09:20:22,18491.50,50,286900
20221111,09:20:23,18492.00,300,286900
20221111,09:20:24,18492.00,450,286900
20221111,09:20:26,18495.10,250,286900
20221111,09:20:28,18495.00,50,286900
20221111,09:20:36,18497.00,50,286900
20221111,09:20:37,18498.00,100,286900
20221111,09:20:44,18499.95,400,286900
20221111,09:20:46,18498.75,50,286900
20221111,09:20:49,18499.00,50,286900
20221111,09:20:50,18500.00,350,286900
20221111,09:20:52,18499.85,650,286900
20221111,09:20:53,18500.00,200,286900
20221111,09:20:54,18500.00,1000,286900
20221111,09:20:55,18500.00,3250,286900
20221111,09:20:56,18504.00,2650,286900
20221111,09:21:02,18509.00,250,286900
20221111,09:21:05,18507.40,50,286900
20221111,09:21:08,18510.00,150,286900
20221111,09:21:09,18510.00,100,286900
20221111,09:21:12,18513.70,50,286900
20221111,09:21:13,18513.75,50,286900
20221111,09:21:14,18513.75,150,286900
20221111,09:21:16,18513.90,150,286900
20221111,09:21:20,18510.85,50,286900
20221111,09:21:25,18513.00,50,286900
20221111,09:21:27,18510.85,50,286900
20221111,09:21:30,18510.85,100,286900
20221111,09:21:31,18511.10,50,286900
20221111,09:21:32,18509.80,100,286900
20221111,09:21:36,18509.10,50,286900
20221111,09:21:37,18508.00,50,286900
20221111,09:21:48,18509.00,400,286900
20221111,09:21:52,18507.00,50,286900
20221111,09:21:55,18508.00,50,286900
20221111,09:21:56,18507.00,50,286900
20221111,09:21:57,18507.00,50,286900
20221111,09:21:59,18507.00,50,286900
20221111,09:22:01,18501.85,50,286900
20221111,09:22:03,18502.40,50,286900
20221111,09:22:07,18500.20,450,286900
20221111,09:22:11,18500.35,100,286900
20221111,09:22:13,18501.85,400,286900
20221111,09:22:14,18500.85,150,286900
20221111,09:22:15,18501.85,400,286900
20221111,09:22:18,18501.85,150,286900
20221111,09:22:19,18501.85,50,286900
20221111,09:22:20,18501.85,300,286900
20221111,09:22:21,18501.85,550,286900
20221111,09:22:22,18501.75,600,286900
20221111,09:22:24,18501.00,50,286900
20221111,09:22:32,18502.00,100,286900
20221111,09:22:33,18500.00,200,286900
20221111,09:22:39,18502.00,50,286900
20221111,09:22:40,18501.10,150,286900
20221111,09:22:41,18501.05,50,286900
20221111,09:22:49,18504.05,50,286900
20221111,09:22:52,18501.20,50,286900
20221111,09:22:53,18501.05,100,286900
20221111,09:22:55,18504.90,150,286900
20221111,09:22:56,18502.15,50,286900
20221111,09:22:57,18501.05,1800,286900
20221111,09:23:00,18504.95,100,286900
20221111,09:23:01,18505.00,100,286900
20221111,09:23:02,18503.85,400,286900
20221111,09:23:05,18504.10,50,286900
20221111,09:23:09,18507.00,1000,286900
20221111,09:23:11,18502.90,200,286900
20221111,09:23:17,18505.05,50,286900
20221111,09:23:18,18505.30,50,278150
20221111,09:23:22,18509.25,1000,278150
20221111,09:23:23,18505.10,50,278150
20221111,09:23:27,18505.35,50,278150
20221111,09:23:28,18505.50,50,278150
20221111,09:23:29,18508.00,100,278150
20221111,09:23:30,18508.90,50,278150
20221111,09:23:44,18506.00,100,278150
20221111,09:23:45,18506.75,100,278150
20221111,09:23:48,18505.00,50,278150
20221111,09:23:58,18502.00,50,278150
20221111,09:24:01,18506.90,50,278150
20221111,09:24:02,18508.00,50,278150
20221111,09:24:03,18507.10,50,278150
20221111,09:24:04,18508.00,300,278150
20221111,09:24:05,18515.85,1550,278150
20221111,09:24:15,18515.85,200,278150
20221111,09:24:19,18515.85,50,278150
20221111,09:24:20,18515.00,100,278150
20221111,09:24:21,18515.30,50,278150
20221111,09:24:29,18520.00,100,278150
20221111,09:24:32,18520.00,150,278150
20221111,09:24:33,18517.05,50,278150
20221111,09:24:34,18519.90,300,278150
20221111,09:24:35,18519.95,50,278150
20221111,09:24:38,18516.60,50,278150
20221111,09:24:40,18516.85,50,278150
20221111,09:24:41,18520.00,150,278150
20221111,09:24:42,18520.00,50,278150
20221111,09:24:43,18520.30,50,278150
20221111,09:24:45,18524.85,50,278150
20221111,09:24:48,18524.85,50,278150
20221111,09:24:49,18524.30,150,278150
20221111,09:24:57,18524.35,300,278150
20221111,09:24:59,18520.50,50,278150
20221111,09:25:10,18520.50,100,278150
20221111,09:25:12,18524.05,50,278150
20221111,09:25:13,18520.50,50,278150
20221111,09:25:22,18524.15,50,278150
20221111,09:25:24,18520.00,50,278150
20221111,09:25:26,18523.05,50,278150
20221111,09:25:28,18520.00,50,278150
20221111,09:25:29,18520.00,100,278150
20221111,09:25:35,18517.25,100,278150
20221111,09:25:49,18516.00,100,278150
20221111,09:25:51,18517.25,50,278150
20221111,09:25:52,18519.55,100,278150
20221111,09:25:55,18517.25,50,278150
20221111,09:25:56,18518.40,50,278150
20221111,09:25:57,18520.00,1850,278150
20221111,09:26:05,18520.00,100,278150
20221111,09:26:06,18520.50,50,278150
20221111,09:26:10,18522.00,50,278150
20221111,09:26:11,18520.60,50,278150
20221111,09:26:15,18520.50,100,278150
20221111,09:26:18,18520.00,50,278150
20221111,09:26:21,18520.00,50,276500
20221111,09:26:23,18520.15,50,276500
20221111,09:26:24,18520.10,50,276500
20221111,09:26:26,18519.60,50,276500
20221111,09:26:28,18520.15,50,276500
20221111,09:26:30,18520.30,100,276500
20221111,09:26:31,18520.35,50,276500
20221111,09:26:33,18523.00,850,276500
20221111,09:26:34,18523.00,100,276500
20221111,09:26:35,18520.35,200,276500
20221111,09:26:36,18521.70,50,276500
20221111,09:26:38,18521.70,50,276500
20221111,09:26:40,18524.00,50,276500
20221111,09:26:44,18522.00,100,276500
20221111,09:26:45,18522.00,100,276500
20221111,09:26:51,18523.00,50,276500
20221111,09:26:56,18522.00,50,276500
20221111,09:26:59,18522.00,50,276500
20221111,09:27:05,18521.95,50,276500
20221111,09:27:09,18525.00,3000,276500
20221111,09:27:10,18520.10,50,276500
20221111,09:27:16,18520.00,100,276500
20221111,09:27:31,18520.10,1100,276500
20221111,09:27:40,18518.30,50,276500
20221111,09:27:43,18517.80,50,276500
20221111,09:27:44,18527.95,1000,276500
20221111,09:27:45,18527.95,900,276500
20221111,09:27:51,18516.50,100,276500
20221111,09:27:58,18528.65,1050,276500
20221111,09:28:00,18521.75,50,276500
20221111,09:28:04,18517.60,200,276500
20221111,09:28:16,18519.00,100,276500
20221111,09:28:17,18518.65,200,276500
20221111,09:28:18,18517.05,400,276500
20221111,09:28:20,18517.80,50,276500
20221111,09:28:26,18515.75,50,276500
20221111,09:28:34,18520.00,200,276500
20221111,09:28:36,18515.65,50,276500
20221111,09:28:47,18515.05,50,276500
20221111,09:28:51,18512.60,300,276500
20221111,09:29:00,18510.00,100,276500
20221111,09:29:08,18510.00,200,276500
20221111,09:29:16,18508.05,200,276500
20221111,09:29:22,18509.10,50,274050
20221111,09:29:23,18508.05,50,274050
20221111,09:29:26,18508.00,50,274050
20221111,09:29:32,18506.70,50,274050
20221111,09:29:34,18505.75,50,274050
20221111,09:29:35,18505.75,50,274050
20221111,09:29:36,18507.00,100,274050
20221111,09:29:37,18508.00,50,274050
20221111,09:29:37,18506.65,50,274050
20221111,09:29:41,18506.10,50,274050
20221111,09:29:45,18510.00,150,274050
20221111,09:29:46,18509.95,300,274050
20221111,09:29:50,18510.00,850,274050
20221111,09:29:53,18510.15,150,274050
20221111,09:29:54,18510.00,50,274050
20221111,09:29:55,18510.00,50,274050
20221111,09:30:00,18510.35,50,274050
20221111,09:30:01,18510.70,100,274050
20221111,09:30:02,18512.60,50,274050
20221111,09:30:04,18511.80,50,274050
20221111,09:30:05,18513.00,900,274050
20221111,09:30:06,18513.20,50,274050
20221111,09:30:09,18513.05,50,274050
20221111,09:30:12,18513.05,50,274050
20221111,09:30:13,18513.00,50,274050
20221111,09:30:18,18513.15,50,274050
20221111,09:30:19,18512.45,200,274050
20221111,09:30:23,18513.15,50,274050
20221111,09:30:34,18515.00,100,274050
20221111,09:30:38,18516.55,100,274050
20221111,09:30:39,18516.40,50,274050
20221111,09:30:41,18516.80,50,274050
20221111,09:30:47,18518.75,50,274050
20221111,09:30:49,18519.95,50,274050
20221111,09:30:50,18520.00,200,274050
20221111,09:30:53,18524.80,50,274050
20221111,09:30:57,18526.80,300,274050
20221111,09:30:57,18527.25,50,274050
20221111,09:31:00,18527.40,50,274050
20221111,09:31:07,18526.50,100,274050
20221111,09:31:09,18530.00,150,274050
20221111,09:31:10,18530.00,100,274050
20221111,09:31:10,18530.00,50,274050
20221111,09:31:11,18528.00,150,274050
20221111,09:31:13,18529.95,50,274050
20221111,09:31:15,18531.80,1000,274050
20221111,09:31:17,18531.80,50,274050
20221111,09:31:18,18533.30,50,274050
20221111,09:31:22,18534.60,100,274050
20221111,09:31:25,18534.60,50,274050
20221111,09:31:30,18530.00,150,274050
20221111,09:31:30,18530.00,50,274050
20221111,09:31:33,18530.95,50,274050
20221111,09:31:34,18527.35,200,274050
20221111,09:31:35,18527.45,250,274050
20221111,09:31:37,18527.60,50,274050
20221111,09:31:39,18530.00,50,274050
20221111,09:31:43,18530.00,100,274050
20221111,09:31:49,18530.00,150,274050
20221111,09:31:50,18529.90,50,274050
20221111,09:31:57,18529.90,50,274050
20221111,09:32:02,18527.35,150,274050
20221111,09:32:03,18530.00,50,274050
20221111,09:32:05,18531.00,100,274050
20221111,09:32:06,18531.30,50,274050
20221111,09:32:07,18530.00,50,274050
20221111,09:32:12,18530.00,50,274050
20221111,09:32:17,18531.00,50,274050
20221111,09:32:19,18531.30,200,274050
20221111,09:32:20,18532.80,50,274050
20221111,09:32:31,18532.80,50,270300
20221111,09:32:38,18530.15,50,270300
20221111,09:32:42,18530.90,100,270300
20221111,09:32:43,18531.00,50,270300
20221111,09:32:48,18532.80,50,270300
20221111,09:32:51,18532.80,50,270300
20221111,09:32:55,18532.00,150,270300
20221111,09:33:00,18532.00,50,270300
20221111,09:33:09,18530.05,50,270300
20221111,09:33:11,18530.10,50,270300
20221111,09:33:12,18532.00,50,270300
20221111,09:33:17,18532.00,100,270300
20221111,09:33:20,18532.00,50,270300
20221111,09:33:21,18530.10,50,270300
20221111,09:33:25,18530.00,500,270300
20221111,09:33:43,18525.15,250,270300
20221111,09:33:46,18528.55,100,270300
20221111,09:33:48,18526.05,100,270300
20221111,09:33:57,18528.00,150,270300
20221111,09:33:59,18528.35,50,270300
20221111,09:34:00,18525.25,200,270300
20221111,09:34:08,18525.25,100,270300
20221111,09:34:13,18525.30,150,270300
20221111,09:34:14,18528.35,50,270300
20221111,09:34:15,18525.30,50,270300
20221111,09:34:16,18525.00,400,270300
20221111,09:34:18,18525.05,100,270300
20221111,09:34:19,18528.85,50,270300
20221111,09:34:33,18526.45,100,270300
20221111,09:34:35,18522.30,200,270300
20221111,09:34:37,18524.45,100,270300
20221111,09:34:43,18524.35,200,270300
20221111,09:34:45,18521.05,100,270300
20221111,09:34:49,18521.05,50,270300
20221111,09:34:56,18522.55,50,270300
20221111,09:34:57,18522.55,50,270300
20221111,09:35:09,18520.35,100,270300
20221111,09:35:14,18520.00,50,270300
20221111,09:35:21,18519.35,50,269800
20221111,09:35:33,18519.35,50,269800
20221111,09:35:38,18518.10,50,269800
20221111,09:35:39,18518.10,100,269800
20221111,09:35:42,18516.90,50,269800
20221111,09:35:44,18516.95,150,269800
20221111,09:35:57,18519.00,50,269800
20221111,09:36:06,18515.00,250,269800
20221111,09:36:08,18515.00,50,269800
20221111,09:36:10,18515.00,50,269800
20221111,09:36:15,18516.70,200,269800
20221111,09:36:33,18518.95,250,269800
20221111,09:36:44,18518.00,50,269800
20221111,09:36:49,18519.00,100,269800
20221111,09:36:51,18520.30,250,269800
20221111,09:36:54,18519.00,50,269800
20221111,09:37:02,18516.05,50,269800
20221111,09:37:15,18520.05,250,269800
20221111,09:37:16,18517.20,50,269800
20221111,09:37:35,18523.95,250,269800
20221111,09:37:37,18520.40,50,269800
20221111,09:37:38,18521.85,150,269800
20221111,09:37:40,18522.15,50,269800
20221111,09:37:45,18522.15,50,269800
20221111,09:37:52,18524.00,50,269800
20221111,09:37:54,18525.00,50,269800
20221111,09:37:59,18527.65,250,269800
20221111,09:38:06,18524.60,50,269800
20221111,09:38:11,18529.00,100,269800
20221111,09:38:16,18529.80,250,269800
20221111,09:38:24,18525.20,50,270700
20221111,09:38:25,18525.05,50,270700
20221111,09:38:32,18527.70,250,270700
20221111,09:38:37,18525.00,50,270700
20221111,09:38:51,18524.95,250,270700
20221111,09:39:07,18520.10,250,270700
20221111,09:39:12,18520.00,50,270700
20221111,09:39:28,18520.10,200,270700
20221111,09:39:32,18519.15,50,270700
20221111,09:39:36,18520.00,50,270700
20221111,09:39:42,18520.00,350,270700
20221111,09:39:58,18520.75,300,270700
20221111,09:40:20,18517.20,50,270700
20221111,09:40:30,18517.05,50,270700
20221111,09:40:40,18518.00,250,270700
20221111,09:40:41,18515.35,500,270700
20221111,09:41:00,18514.90,250,270700
20221111,09:41:06,18515.85,50,270700
20221111,09:41:19,18514.00,300,270700
20221111,09:41:23,18514.00,50,270950
20221111,09:41:28,18514.00,50,270950
20221111,09:41:29,18512.00,50,270950
20221111,09:41:42,18510.00,50,270950
20221111,09:41:45,18510.00,50,270950
20221111,09:41:47,18510.00,50,270950
20221111,09:41:52,18508.15,50,270950
20221111,09:42:01,18511.05,250,270950
20221111,09:42:08,18510.10,100,270950
20221111,09:42:10,18511.00,50,270950
20221111,09:42:19,18510.05,50,270950
20221111,09:42:26,18515.00,150,270950
20221111,09:42:27,18515.25,50,270950
20221111,09:42:29,18515.15,50,270950
20221111,09:42:30,18515.25,50,270950
20221111,09:42:37,18515.00,100,270950
20221111,09:42:50,18519.00,650,270950
20221111,09:42:55,18520.00,100,270950
20221111,09:42:56,18519.00,50,270950
20221111,09:43:04,18519.00,100,270950
20221111,09:43:15,18519.00,250,270950
20221111,09:43:18,18518.20,500,270950
20221111,09:43:20,18518.20,50,270950
20221111,09:43:27,18519.00,50,270950
20221111,09:44:29,18510.00,250,271900
20221111,09:44:38,18510.00,50,271900
20221111,09:44:41,18510.05,50,271900
20221111,09:44:46,18510.00,100,271900
20221111,09:44:53,18510.50,100,271900
20221111,09:45:06,18510.00,250,271900
20221111,09:45:15,18510.00,50,271900
20221111,09:45:21,18511.60,100,271900
20221111,09:45:24,18514.00,150,271900
20221111,09:45:34,18515.00,100,271900
20221111,09:45:38,18515.00,100,271900
20221111,09:45:39,18513.45,50,271900
20221111,09:45:51,18517.40,50,271900
20221111,09:45:52,18514.20,50,271900
20221111,09:45:58,18517.30,150,271900
20221111,09:46:08,18517.00,600,271900
20221111,09:46:24,18515.85,100,271900
20221111,09:46:29,18515.00,50,271900
20221111,09:47:23,18515.00,150,271900
20221111,09:47:29,18516.40,50,271600
20221111,09:47:59,18510.15,50,271600
20221111,09:48:02,18510.05,50,271600
20221111,09:48:05,18505.30,200,271600
20221111,09:48:06,18508.45,50,271600
20221111,09:48:10,18508.45,100,271600
20221111,09:48:15,18508.00,350,271600
20221111,09:48:16,18505.10,50,271600
20221111,09:48:36,18509.15,100,271600
20221111,09:48:49,18507.15,50,271600
20221111,09:48:54,18508.40,50,271600
20221111,09:48:56,18508.40,50,271600
20221111,09:49:06,18510.00,100,271600
20221111,09:49:08,18509.00,50,271600
20221111,09:49:11,18507.25,100,271600
20221111,09:49:13,18509.95,50,271600
20221111,09:49:17,18510.00,50,271600
20221111,09:49:17,18509.65,300,271600
20221111,09:49:24,18515.00,50,271600
20221111,09:49:25,18514.30,100,271600
20221111,09:49:26,18515.00,250,271600
20221111,09:49:31,18518.15,100,271600
20221111,09:49:33,18519.00,350,271600
20221111,09:49:36,18520.75,150,271600
20221111,09:49:41,18520.75,50,271600
20221111,09:49:44,18518.75,100,271600
20221111,09:49:46,18520.05,100,271600
20221111,09:49:56,18524.05,100,271600
20221111,09:50:00,18520.75,100,271600
20221111,09:50:16,18520.40,50,271600
20221111,09:50:19,18520.45,50,271600
20221111,09:50:20,18523.85,50,271600
20221111,09:50:42,18523.00,100,271750
20221111,09:50:44,18520.85,500,271750
20221111,09:50:45,18520.50,100,271750
20221111,09:50:47,18523.00,50,271750
20221111,09:50:52,18523.00,100,271750
20221111,09:50:56,18523.85,100,271750
20221111,09:51:02,18523.85,50,271750
20221111,09:51:03,18523.00,500,271750
20221111,09:51:07,18525.00,300,271750
20221111,09:51:13,18525.00,50,271750
20221111,09:51:16,18525.00,100,271750
20221111,09:51:27,18528.00,50,271750
20221111,09:51:32,18528.00,50,271750
20221111,09:51:34,18527.95,50,271750
20221111,09:51:42,18526.85,50,271750
20221111,09:51:48,18524.65,50,271750
20221111,09:51:52,18524.65,50,271750
20221111,09:51:56,18524.05,50,271750
20221111,09:52:00,18523.95,100,271750
20221111,09:52:09,18522.85,50,271750
20221111,09:52:11,18520.00,150,271750
20221111,09:52:12,18520.00,50,271750
20221111,09:52:13,18520.00,150,271750
20221111,09:52:14,18520.00,100,271750
20221111,09:52:14,18520.00,50,271750
20221111,09:52:19,18520.00,50,271750
20221111,09:52:45,18518.55,50,271750
20221111,09:52:49,18518.40,50,271750
20221111,09:52:55,18517.00,100,271750
20221111,09:53:05,18519.80,250,271750
20221111,09:53:10,18519.00,50,271750
20221111,09:53:11,18519.80,50,271750
20221111,09:53:42,18518.00,100,271750
20221111,09:53:46,18518.95,50,270400
20221111,09:53:59,18519.00,50,270400
20221111,09:54:14,18520.00,50,270400
20221111,09:54:22,18520.00,50,270400
20221111,09:54:32,18520.00,50,270400
20221111,09:54:33,18521.95,50,270400
20221111,09:54:36,18522.00,200,270400
20221111,09:54:46,18519.15,50,270400
20221111,09:55:13,18519.15,50,270400
20221111,09:55:32,18519.00,50,270400
20221111,09:55:37,18519.15,50,270400
20221111,09:55:55,18517.80,50,270400
20221111,09:56:09,18515.00,200,270400
20221111,09:56:15,18515.05,50,270400
20221111,09:56:19,18515.00,100,270400
20221111,09:56:25,18517.15,50,270450
20221111,09:56:28,18513.15,50,270450
20221111,09:56:36,18513.50,50,270450
20221111,09:56:57,18512.80,50,270450
20221111,09:57:12,18510.40,50,270450
20221111,09:57:30,18511.45,50,270450
20221111,09:57:38,18510.55,50,270450
20221111,09:57:42,18514.00,50,270450
20221111,09:57:47,18513.00,100,270450
20221111,09:57:57,18512.35,100,270450
20221111,09:58:03,18512.30,50,270450
20221111,09:58:05,18515.35,500,270450
20221111,09:58:17,18511.40,100,270450
20221111,09:58:51,18511.40,50,270450
20221111,09:58:53,18510.15,100,270450
20221111,09:58:54,18510.00,100,270450
20221111,09:59:03,18507.10,50,270450
20221111,09:59:09,18511.20,50,270450
20221111,09:59:33,18511.15,100,270100
20221111,10:00:02,18512.00,100,270100
20221111,10:00:08,18511.15,50,270100
20221111,10:00:09,18513.20,300,270100
20221111,10:00:26,18513.70,50,270100
20221111,10:00:27,18511.70,50,270100
20221111,10:00:46,18510.00,100,270100
20221111,10:00:55,18510.00,650,270100
20221111,10:00:56,18510.00,1150,270100
20221111,10:01:13,18515.00,100,270100
20221111,10:02:04,18515.00,150,270100
20221111,10:03:37,18510.05,50,270100
20221111,10:03:55,18510.00,50,270700
20221111,10:04:17,18507.75,50,270700
20221111,10:04:59,18510.00,50,270700
20221111,10:05:08,18510.05,50,270700
20221111,10:05:30,18515.00,100,270650
20221111,10:05:42,18511.00,150,270650
20221111,10:06:15,18516.50,100,270650
20221111,10:06:24,18516.00,50,270650
20221111,10:07:08,18514.05,50,270650
20221111,10:07:10,18512.35,150,270650
20221111,10:07:14,18512.20,250,270650
20221111,10:07:14,18511.70,50,270650
20221111,10:08:07,18510.65,50,270650
20221111,10:08:12,18510.05,50,270650
20221111,10:08:24,18510.05,250,270650
20221111,10:08:36,18510.20,50,270100
20221111,10:09:04,18510.00,100,270100
20221111,10:09:19,18510.00,50,270100
20221111,10:09:22,18507.05,100,270100
20221111,10:09:42,18507.10,50,270100
20221111,10:10:00,18510.00,50,270100
20221111,10:10:06,18509.95,200,270100
20221111,10:10:07,18510.00,100,270100
20221111,10:10:09,18510.00,450,270100
20221111,10:10:15,18510.00,50,270100
20221111,10:10:25,18508.00,50,270100
20221111,10:10:26,18506.70,500,270100
20221111,10:10:36,18510.00,300,270100
20221111,10:10:38,18510.00,50,270100
20221111,10:10:39,18510.00,300,270100
20221111,10:10:40,18510.00,250,270100
20221111,10:10:42,18510.00,50,270100
20221111,10:10:44,18510.00,200,270100
20221111,10:10:49,18510.00,150,270100
20221111,10:10:58,18513.00,50,270100
20221111,10:11:42,18513.00,150,269550
20221111,10:12:15,18515.00,50,269550
20221111,10:12:16,18515.00,250,269550
20221111,10:12:20,18515.15,50,269550
20221111,10:12:27,18516.90,50,269550
20221111,10:13:07,18520.00,1250,269550
20221111,10:13:27,18516.30,50,269550
20221111,10:13:52,18516.00,50,269550
20221111,10:13:53,18516.00,200,269550
20221111,10:13:56,18516.00,50,269550
20221111,10:14:11,18513.45,100,269550
20221111,10:14:12,18516.00,50,269550
20221111,10:14:16,18516.00,100,269550
20221111,10:14:18,18515.60,50,269550
20221111,10:14:21,18518.60,50,269550
20221111,10:14:48,18519.75,50,270100
20221111,10:14:54,18518.80,50,270100
20221111,10:15:21,18519.95,50,270100
20221111,10:15:34,18519.80,50,270100
20221111,10:15:44,18519.95,50,270100
20221111,10:15:47,18520.00,50,270100
20221111,10:15:49,18520.00,150,270100
20221111,10:16:04,18521.45,50,270100
20221111,10:16:11,18520.00,100,270100
20221111,10:16:12,18520.00,50,270100
20221111,10:16:14,18520.00,50,270100
20221111,10:16:19,18521.45,50,270100
20221111,10:16:29,18522.00,50,270100
20221111,10:16:32,18522.00,50,270100
20221111,10:16:33,18520.65,50,270100
20221111,10:16:37,18523.35,50,270100
20221111,10:17:17,18522.05,50,270100
20221111,10:17:22,18521.45,50,270100
20221111,10:17:48,18521.95,100,270100
20221111,10:18:47,18518.45,50,270100
20221111,10:19:29,18517.00,50,270100
20221111,10:19:31,18516.20,50,270100
20221111,10:19:59,18518.55,100,270100
20221111,10:20:10,18518.55,50,270100
20221111,10:20:45,18517.25,50,270100
20221111,10:20:56,18519.00,50,270000
20221111,10:21:13,18515.50,50,270000
20221111,10:21:25,18515.00,100,270000
20221111,10:22:02,18510.00,50,270000
20221111,10:22:06,18510.80,50,270000
20221111,10:22:19,18510.75,150,270000
20221111,10:22:55,18515.00,100,270000
20221111,10:23:48,18515.00,100,269900
20221111,10:24:06,18514.65,50,269900
20221111,10:24:51,18518.00,50,269900
20221111,10:25:01,18516.65,100,269900
20221111,10:25:55,18518.90,50,269900
20221111,10:26:29,18516.25,100,269850
20221111,10:27:00,18515.00,250,269850
20221111,10:27:01,18515.00,250,269850
20221111,10:27:02,18515.00,500,269850
20221111,10:27:39,18512.35,50,269850
20221111,10:27:44,18513.25,50,269850
20221111,10:28:17,18512.90,50,269850
20221111,10:28:38,18513.55,50,269850
20221111,10:29:10,18513.00,150,269850
20221111,10:29:22,18510.15,100,269850
20221111,10:29:34,18510.00,50,270150
20221111,10:30:02,18510.00,50,270150
20221111,10:30:15,18510.45,50,270150
20221111,10:30:16,18509.00,50,270150
20221111,10:30:26,18508.00,50,270150
20221111,10:30:27,18510.70,50,270150
20221111,10:30:33,18508.05,50,270150
20221111,10:30:47,18508.00,100,270150
20221111,10:30:53,18510.00,100,270150
20221111,10:31:03,18508.00,50,270150
20221111,10:31:07,18505.00,150,270150
20221111,10:31:16,18503.75,100,270150
20221111,10:31:28,18505.00,50,270150
20221111,10:31:46,18504.05,100,270150
20221111,10:31:48,18504.40,50,270150
20221111,10:31:56,18503.75,50,270150
20221111,10:32:09,18503.75,50,270150
20221111,10:32:10,18503.00,50,270150
20221111,10:32:16,18500.00,500,270150
20221111,10:32:22,18500.05,50,270150
20221111,10:32:32,18500.05,100,269700
20221111,10:32:38,18500.05,550,269700
20221111,10:32:44,18503.00,50,269700
20221111,10:32:46,18500.20,100,269700
20221111,10:33:17,18500.00,100,269700
20221111,10:33:22,18501.10,100,269700
20221111,10:33:38,18504.10,50,269700
20221111,10:33:49,18505.00,100,269700
20221111,10:33:51,18504.15,150,269700
20221111,10:33:55,18504.15,50,269700
20221111,10:34:16,18503.80,50,269700
20221111,10:34:29,18505.05,50,269700
20221111,10:34:49,18506.05,50,269700
20221111,10:35:17,18505.60,100,269700
20221111,10:35:34,18506.95,100,269700
20221111,10:35:49,18506.80,50,269300
20221111,10:36:34,18506.00,50,269300
20221111,10:36:43,18509.80,50,269300
20221111,10:37:35,18505.25,50,269300
20221111,10:38:32,18504.55,150,269300
20221111,10:40:05,18500.00,50,269300
20221111,10:40:12,18500.00,50,269300
20221111,10:40:21,18500.45,100,269300
20221111,10:41:30,18500.80,50,269300
20221111,10:41:38,18500.80,50,269400
20221111,10:41:39,18500.80,50,269400
20221111,10:42:02,18505.55,200,269400
20221111,10:42:16,18504.00,50,269400
20221111,10:43:06,18501.00,50,269400
20221111,10:44:25,18500.05,200,269400
20221111,10:44:33,18502.00,250,269400
20221111,10:45:02,18501.00,50,269400
20221111,10:45:08,18500.00,100,269400
20221111,10:46:00,18495.85,100,269400
20221111,10:46:14,18500.00,50,269400
20221111,10:46:27,18497.80,50,269400
20221111,10:47:16,18497.50,50,269400
20221111,10:47:29,18500.00,250,269400
20221111,10:47:52,18500.70,50,269550
20221111,10:47:59,18503.95,50,269550
20221111,10:48:18,18500.35,50,269550
20221111,10:48:20,18503.95,50,269550
20221111,10:48:21,18503.95,50,269550
20221111,10:48:57,18505.95,100,269550
20221111,10:49:01,18503.20,50,269550
20221111,10:49:45,18504.30,100,269550
20221111,10:49:59,18505.00,50,269550
20221111,10:50:11,18503.80,50,269550
20221111,10:50:20,18502.95,50,269550
20221111,10:50:57,18502.95,50,269550
20221111,10:51:38,18505.00,50,269550
20221111,10:51:54,18505.00,50,269550
20221111,10:52:31,18502.10,50,269550
20221111,10:54:30,18505.90,50,269600
20221111,10:54:48,18510.00,50,269600
20221111,10:55:18,18508.75,300,269600
20221111,10:55:34,18508.45,50,269600
20221111,10:56:05,18510.00,50,269600
20221111,10:56:35,18511.00,50,269650
20221111,10:56:55,18511.00,50,269650
20221111,10:57:20,18511.00,100,269650
20221111,10:57:26,18511.00,50,269650
20221111,10:57:28,18510.00,50,269650
20221111,10:57:41,18506.10,50,269650
20221111,10:57:51,18506.30,100,269650
20221111,10:58:15,18507.00,50,269650
20221111,10:58:26,18510.00,50,269650
20221111,10:58:28,18510.00,50,269650
20221111,10:58:48,18510.05,50,269650
20221111,10:59:42,18514.05,50,269650
20221111,10:59:52,18515.00,200,269950
20221111,11:00:16,18514.05,50,269950
20221111,11:00:52,18518.00,100,269950
20221111,11:00:58,18519.45,50,269950
20221111,11:01:03,18514.70,250,269950
20221111,11:01:12,18516.35,50,269950
20221111,11:01:45,18517.00,50,269950
20221111,11:01:53,18517.00,50,269950
20221111,11:01:57,18518.00,250,269950
20221111,11:02:27,18518.00,50,269950
20221111,11:02:30,18518.00,50,269950
20221111,11:02:35,18517.00,200,269950
20221111,11:02:46,18517.95,50,269900
20221111,11:02:47,18518.70,150,269900
20221111,11:04:22,18519.00,50,269900
20221111,11:06:22,18518.95,50,270000
20221111,11:07:50,18515.00,50,270000
20221111,11:08:02,18515.00,50,270000
20221111,11:08:06,18514.95,50,270000
20221111,11:08:16,18516.50,50,270000
20221111,11:08:21,18514.90,50,270000
20221111,11:08:29,18516.00,100,270000
20221111,11:08:58,18516.00,100,269950
20221111,11:09:06,18515.00,50,269950
20221111,11:09:49,18518.00,1100,269950
20221111,11:10:08,18519.00,50,269950
20221111,11:10:22,18521.00,1750,269950
20221111,11:10:24,18521.00,1100,269950
20221111,11:10:25,18521.00,100,269950
20221111,11:10:26,18521.00,150,269950
20221111,11:10:45,18521.00,50,269950
20221111,11:10:48,18521.00,50,269950
20221111,11:10:50,18520.00,50,269950
20221111,11:10:59,18520.00,100,269950
20221111,11:11:08,18520.00,100,269950
20221111,11:11:40,18522.00,150,274100
20221111,11:11:50,18524.05,50,274100
20221111,11:11:52,18522.10,50,274100
20221111,11:12:18,18520.00,50,274100
20221111,11:12:21,18520.10,50,274100
20221111,11:12:29,18520.05,50,274100
20221111,11:12:42,18520.00,150,274100
20221111,11:12:43,18520.00,50,274100
20221111,11:12:43,18520.05,150,274100
20221111,11:12:44,18520.00,1400,274100
20221111,11:12:46,18520.00,2350,274100
20221111,11:12:47,18520.00,2100,274100
20221111,11:13:19,18518.00,50,274100
20221111,11:13:43,18519.35,50,274100
20221111,11:13:59,18520.00,50,274100
20221111,11:14:50,18520.00,50,279800
20221111,11:15:03,18521.00,50,279800
20221111,11:15:19,18521.00,50,279800
20221111,11:15:44,18520.20,50,279800
20221111,11:16:02,18521.00,150,279800
20221111,11:16:13,18521.00,50,279800
20221111,11:16:49,18521.00,100,279800
20221111,11:17:17,18521.05,50,279800
20221111,11:18:09,18521.05,100,280050
20221111,11:18:16,18522.95,50,280050
20221111,11:18:25,18521.00,300,280050
20221111,11:18:44,18521.00,100,280050
20221111,11:19:44,18521.05,50,280050
20221111,11:20:03,18521.00,250,280050
20221111,11:20:30,18521.00,50,280050
20221111,11:20:41,18521.00,100,280250
20221111,11:20:52,18521.00,50,280250
20221111,11:20:53,18521.00,6550,280250
20221111,11:20:54,18521.00,2200,280250
20221111,11:20:55,18521.00,300,280250
20221111,11:21:09,18520.20,100,280250
20221111,11:21:33,18520.20,400,280250
20221111,11:21:39,18520.20,100,280250
20221111,11:21:40,18520.20,50,280250
20221111,11:21:42,18520.20,50,280250
20221111,11:21:43,18520.20,250,280250
20221111,11:23:00,18520.00,100,280250
20221111,11:23:12,18520.00,50,280250
20221111,11:23:16,18520.20,50,280250
20221111,11:23:22,18518.00,50,280250
20221111,11:24:41,18522.65,400,289900
20221111,11:24:44,18517.65,200,289900
20221111,11:26:07,18519.80,50,289900
20221111,11:26:30,18519.30,50,289900
20221111,11:26:33,18519.30,50,289900
20221111,11:26:39,18519.15,50,289900
20221111,11:27:40,18518.40,50,289300
20221111,11:28:16,18516.95,50,289300
20221111,11:30:40,18518.00,50,289300
20221111,11:30:56,18519.00,50,289300
20221111,11:31:21,18519.20,100,289300
20221111,11:31:58,18519.20,50,289300
20221111,11:32:23,18517.90,100,289300
20221111,11:32:34,18518.10,50,289300
20221111,11:33:20,18519.15,50,289300
20221111,11:33:27,18518.10,200,289250
20221111,11:34:06,18519.00,250,289250
20221111,11:34:08,18519.00,100,289250
20221111,11:34:20,18519.00,250,289250
20221111,11:34:22,18519.00,400,289250
20221111,11:34:48,18519.00,200,289250
20221111,11:35:12,18519.00,200,289250
20221111,11:35:27,18519.95,250,289250
20221111,11:35:29,18522.00,50,289250
20221111,11:35:40,18522.95,50,289250
20221111,11:35:49,18523.95,100,289850
20221111,11:35:50,18524.95,250,289850
20221111,11:35:53,18525.00,100,289850
20221111,11:35:55,18524.95,50,289850
20221111,11:36:15,18524.85,50,289850
20221111,11:36:29,18525.00,150,289850
20221111,11:36:34,18525.00,100,289850
20221111,11:36:38,18524.00,100,289850
20221111,11:36:39,18525.00,50,289850
20221111,11:36:43,18524.90,50,289850
20221111,11:37:24,18523.00,50,289850
20221111,11:37:27,18522.95,50,289850
20221111,11:37:50,18523.00,50,289850
20221111,11:38:05,18523.50,50,289850
20221111,11:38:06,18524.95,50,289850
20221111,11:38:42,18524.95,50,290000
20221111,11:38:44,18524.85,50,290000
20221111,11:38:51,18525.00,50,290000
20221111,11:39:12,18525.00,500,290000
20221111,11:39:13,18525.00,50,290000
20221111,11:39:49,18525.00,50,290000
20221111,11:40:04,18521.95,50,290000
20221111,11:40:26,18524.60,50,290000
20221111,11:41:07,18525.00,800,290000
20221111,11:41:18,18525.00,50,290000
20221111,11:41:23,18524.05,100,290000
20221111,11:41:33,18526.00,100,290000
20221111,11:41:45,18524.00,50,289700
20221111,11:41:46,18526.00,350,289700
20221111,11:42:34,18527.65,50,289700
20221111,11:44:07,18530.00,1850,289700
20221111,11:44:14,18530.05,100,289700
20221111,11:44:15,18530.00,350,289700
20221111,11:44:49,18530.00,250,292100
20221111,11:44:59,18530.05,50,292100
20221111,11:45:01,18530.05,50,292100
20221111,11:45:30,18530.30,550,292100
20221111,11:46:11,18530.00,100,292100
20221111,11:46:13,18530.00,300,292100
20221111,11:46:16,18530.00,100,292100
20221111,11:46:17,18530.00,150,292100
20221111,11:46:18,18530.00,500,292100
20221111,11:46:24,18530.00,50,292100
20221111,11:46:30,18530.00,50,292100
20221111,11:46:34,18530.00,50,292100
20221111,11:46:41,18530.30,50,292100
20221111,11:46:42,18530.30,50,292100
20221111,11:46:49,18530.00,50,292100
20221111,11:46:58,18530.00,50,292100
20221111,11:46:59,18530.00,50,292100
20221111,11:47:01,18530.05,350,292100
20221111,11:47:02,18530.05,100,292100
20221111,11:47:05,18533.00,200,292100
20221111,11:47:23,18530.00,100,292100
20221111,11:47:54,18531.00,50,294350
20221111,11:47:57,18530.40,50,294350
20221111,11:48:02,18533.00,100,294350
20221111,11:48:31,18533.00,50,294350
20221111,11:49:29,18533.00,1050,294350
20221111,11:49:35,18533.00,150,294350
20221111,11:49:36,18533.00,1350,294350
20221111,11:49:52,18534.00,150,294350
20221111,11:50:05,18535.00,50,294350
20221111,11:50:37,18535.00,150,294350
20221111,11:51:18,18533.00,50,294350
20221111,11:51:24,18533.00,50,295900
20221111,11:51:25,18533.00,50,295900
20221111,11:51:26,18533.00,100,295900
20221111,11:51:31,18533.00,100,295900
20221111,11:51:34,18533.00,50,295900
20221111,11:51:38,18533.00,100,295900
20221111,11:51:40,18533.00,300,295900
20221111,11:51:47,18533.00,50,295900
20221111,11:51:48,18533.00,150,295900
20221111,11:51:49,18533.00,50,295900
20221111,11:51:50,18533.00,200,295900
20221111,11:52:01,18533.00,100,295900
20221111,11:52:36,18535.00,50,295900
20221111,11:52:40,18536.00,1350,295900
20221111,11:53:00,18536.00,50,295900
20221111,11:53:01,18536.00,500,295900
20221111,11:53:04,18536.00,50,295900
20221111,11:53:06,18535.35,50,295900
20221111,11:53:13,18533.00,50,295900
20221111,11:53:47,18530.30,150,297550
20221111,11:54:00,18533.00,100,297550
20221111,11:54:04,18530.75,200,297550
20221111,11:54:16,18530.10,50,297550
20221111,11:54:31,18530.10,50,297550
20221111,11:54:40,18533.00,50,297550
20221111,11:54:52,18534.65,500,297550
20221111,11:54:53,18532.55,50,297550
20221111,11:55:00,18530.10,50,297550
20221111,11:55:27,18530.00,250,297550
20221111,11:55:28,18531.40,50,297550
20221111,11:55:30,18531.10,50,297550
20221111,11:55:52,18530.10,100,297550
20221111,11:55:59,18532.25,200,297550
20221111,11:56:04,18532.00,50,297550
20221111,11:56:20,18534.10,50,297550
20221111,11:56:29,18534.00,50,297550
20221111,11:57:20,18531.50,50,298150
20221111,11:57:59,18529.05,100,298150
20221111,11:58:41,18530.30,50,298150
20221111,11:58:42,18531.00,50,298150
20221111,11:58:58,18531.00,50,298150
20221111,11:59:35,18531.05,50,298150
20221111,11:59:53,18531.00,50,298250
20221111,12:00:07,18531.00,50,298250
20221111,12:00:45,18531.00,400,298250
20221111,12:00:53,18530.00,300,298250
20221111,12:01:35,18528.05,200,298250
20221111,12:01:39,18528.00,100,298250
20221111,12:01:49,18528.00,50,298250
20221111,12:02:13,18528.00,50,298250
20221111,12:02:56,18528.00,50,298050
20221111,12:03:53,18529.50,150,298050
20221111,12:04:37,18528.05,50,298050
20221111,12:04:46,18528.00,50,298050
20221111,12:05:02,18529.00,50,298050
20221111,12:05:14,18529.50,50,298050
20221111,12:05:38,18528.05,50,298050
20221111,12:06:03,18528.00,50,298000
20221111,12:06:09,18529.50,50,298000
20221111,12:06:18,18528.05,50,298000
20221111,12:07:09,18528.00,50,298000
20221111,12:07:21,18528.05,50,298000
20221111,12:07:30,18530.00,50,298000
20221111,12:08:14,18530.00,50,298000
20221111,12:08:54,18529.50,100,298100
20221111,12:09:08,18528.00,100,298100
20221111,12:09:27,18528.00,50,298100
20221111,12:09:33,18528.00,100,298100
20221111,12:09:47,18528.00,50,298100
20221111,12:09:58,18528.00,50,298100
20221111,12:10:48,18528.40,50,298100
20221111,12:11:36,18528.00,50,298100
20221111,12:11:39,18528.00,450,298100
20221111,12:12:13,18525.30,50,298800
20221111,12:12:47,18526.00,50,298800
20221111,12:13:00,18529.35,50,298800
20221111,12:13:19,18525.00,100,298800
20221111,12:15:19,18525.00,50,298800
20221111,12:15:32,18527.00,50,298700
20221111,12:15:39,18528.00,50,298700
20221111,12:15:47,18529.00,50,298700
20221111,12:16:07,18529.00,50,298700
20221111,12:16:38,18527.35,50,298700
20221111,12:16:49,18529.00,50,298700
20221111,12:16:51,18530.00,100,298700
20221111,12:16:52,18530.00,50,298700
20221111,12:17:49,18530.70,50,298800
20221111,12:17:52,18534.35,50,298800
20221111,12:18:04,18538.60,350,298800
20221111,12:18:05,18539.00,500,298800
20221111,12:18:10,18536.95,100,298800
20221111,12:18:13,18538.35,50,298800
20221111,12:18:19,18538.90,50,298800
20221111,12:18:20,18538.85,50,298800
20221111,12:18:42,18538.00,50,298800
20221111,12:18:43,18538.00,50,298800
20221111,12:19:14,18537.65,50,298800
20221111,12:19:17,18539.00,50,298800
20221111,12:19:32,18537.65,50,298800
20221111,12:20:15,18535.00,50,298800
20221111,12:20:40,18534.05,50,298800
20221111,12:21:24,18535.10,50,299100
20221111,12:21:31,18534.00,50,299100
20221111,12:22:11,18536.20,150,299100
20221111,12:22:21,18539.90,50,299100
20221111,12:22:47,18539.95,50,299100
20221111,12:22:48,18539.95,200,299100
20221111,12:22:55,18539.90,50,299100
20221111,12:23:05,18539.90,50,299100
20221111,12:23:35,18538.75,50,299100
20221111,12:24:00,18539.95,50,299200
20221111,12:24:25,18540.00,150,299200
20221111,12:24:28,18540.00,50,299200
20221111,12:25:00,18540.00,200,299200
20221111,12:25:02,18540.00,150,299200
20221111,12:25:04,18541.00,1000,299200
20221111,12:25:07,18542.00,50,299200
20221111,12:25:16,18544.00,250,299200
20221111,12:25:22,18544.00,50,299200
20221111,12:25:23,18544.00,250,299200
20221111,12:25:37,18543.95,100,299200
20221111,12:25:55,18543.85,50,299200
20221111,12:26:11,18543.85,100,299200
20221111,12:26:20,18543.85,50,299200
20221111,12:26:27,18543.00,100,299200
20221111,12:27:03,18540.20,50,298850
20221111,12:27:13,18542.95,100,298850
20221111,12:27:41,18540.00,50,298850
20221111,12:27:44,18542.70,100,298850
20221111,12:27:56,18540.00,200,298850
20221111,12:28:12,18540.00,250,298850
20221111,12:28:27,18540.00,200,298850
20221111,12:28:29,18540.00,100,298850
20221111,12:28:32,18540.00,100,298850
20221111,12:28:34,18539.00,50,298850
20221111,12:28:44,18540.00,50,298850
20221111,12:28:50,18540.00,300,298850
20221111,12:28:51,18540.00,100,298850
20221111,12:28:53,18540.00,50,298850
20221111,12:29:03,18540.00,50,298850
20221111,12:29:28,18540.80,200,298850
20221111,12:29:33,18540.00,50,298850
20221111,12:30:06,18540.40,50,298650
20221111,12:30:18,18540.65,50,298650
20221111,12:30:27,18543.00,50,298650
20221111,12:30:32,18543.00,50,298650
20221111,12:30:49,18540.00,50,298650
20221111,12:30:58,18540.00,50,298650
20221111,12:31:30,18540.85,50,298650
20221111,12:31:48,18540.90,50,298650
20221111,12:31:57,18542.00,50,298650
20221111,12:31:58,18540.00,50,298650
20221111,12:32:00,18540.10,50,298650
20221111,12:32:00,18540.15,50,298650
20221111,12:32:23,18542.30,150,298650
20221111,12:32:32,18542.00,50,298650
20221111,12:32:33,18542.00,200,298650
20221111,12:32:36,18541.20,100,298650
20221111,12:32:43,18542.00,150,298650
20221111,12:33:18,18542.00,100,298800
20221111,12:33:20,18542.00,400,298800
20221111,12:33:28,18541.40,50,298800
20221111,12:33:32,18542.00,50,298800
20221111,12:33:35,18542.00,150,298800
20221111,12:33:53,18543.00,50,298800
20221111,12:33:56,18544.00,350,298800
20221111,12:33:58,18544.00,150,298800
20221111,12:33:59,18544.00,50,298800
20221111,12:34:00,18544.00,100,298800
20221111,12:34:02,18545.00,50,298800
20221111,12:34:13,18545.20,250,298800
20221111,12:34:24,18545.20,50,298800
20221111,12:34:32,18546.95,100,298800
20221111,12:34:37,18547.00,50,298800
20221111,12:34:45,18547.00,50,298800
20221111,12:35:06,18547.00,100,298800
20221111,12:35:22,18545.00,350,298800
20221111,12:35:23,18545.00,100,298800
20221111,12:35:24,18545.00,100,298800
20221111,12:35:25,18545.00,50,298800
20221111,12:35:26,18545.00,400,298800
20221111,12:35:30,18545.00,50,298800
20221111,12:35:39,18545.00,200,298800
20221111,12:35:42,18545.00,50,298800
20221111,12:35:43,18545.00,50,298800
20221111,12:35:44,18542.35,450,298800
20221111,12:36:00,18545.00,50,299100
20221111,12:36:01,18545.00,50,299100
20221111,12:37:12,18540.75,700,299100
20221111,12:39:11,18544.00,50,298750
20221111,12:39:43,18544.20,50,298750
20221111,12:39:59,18544.00,50,298750
20221111,12:40:03,18544.00,50,298750
20221111,12:40:34,18544.00,50,298750
20221111,12:40:38,18544.00,100,298750
20221111,12:40:57,18543.00,100,298750
20221111,12:41:07,18542.00,150,298750
20221111,12:41:22,18544.75,100,298750
20221111,12:41:23,18545.90,200,298750
20221111,12:41:52,18543.05,50,298750
20221111,12:42:04,18543.00,50,298600
20221111,12:42:06,18543.05,50,298600
20221111,12:43:04,18545.00,50,298600
20221111,12:43:23,18543.55,150,298600
20221111,12:43:24,18543.55,150,298600
20221111,12:44:19,18544.00,50,298600
20221111,12:44:40,18547.35,400,298600
20221111,12:44:52,18547.35,50,298600
20221111,12:45:11,18544.00,50,298600
20221111,12:45:14,18544.75,100,299000
20221111,12:45:26,18544.00,150,299000
20221111,12:45:41,18544.00,50,299000
20221111,12:45:42,18544.00,50,299000
20221111,12:45:45,18544.00,50,299000
20221111,12:45:50,18546.00,1200,299000
20221111,12:45:51,18546.00,50,299000
20221111,12:46:03,18547.50,1000,299000
20221111,12:46:11,18547.50,50,299000
20221111,12:46:21,18547.50,50,299000
20221111,12:46:36,18544.05,50,299000
20221111,12:46:41,18547.50,50,299000
20221111,12:46:42,18547.50,100,299000
20221111,12:47:48,18548.00,2500,299000
20221111,12:47:52,18548.00,50,299000
20221111,12:47:56,18548.00,300,302900
20221111,12:47:58,18548.00,300,302900
20221111,12:48:00,18548.00,200,302900
20221111,12:48:13,18548.00,100,302900
20221111,12:48:14,18548.00,450,302900
20221111,12:48:15,18548.00,850,302900
20221111,12:48:16,18548.00,100,302900
20221111,12:48:17,18548.00,150,302900
20221111,12:48:18,18548.00,150,302900
20221111,12:48:20,18548.00,300,302900
20221111,12:48:28,18548.00,300,302900
20221111,12:48:40,18548.00,300,302900
20221111,12:48:41,18548.00,100,302900
20221111,12:48:45,18548.00,50,302900
20221111,12:48:54,18549.00,500,302900
20221111,12:48:56,18548.00,50,302900
20221111,12:48:58,18548.00,200,302900
20221111,12:48:59,18548.00,50,302900
20221111,12:49:01,18548.00,750,302900
20221111,12:49:03,18548.00,50,302900
20221111,12:49:51,18547.00,50,302900
20221111,12:50:31,18545.30,200,302900
20221111,12:50:54,18548.00,50,302900
20221111,12:51:08,18548.95,50,307400
20221111,12:51:47,18548.95,50,307400
20221111,12:52:38,18548.95,50,307400
20221111,12:53:36,18547.15,50,307400
20221111,12:53:40,18544.00,950,307400
20221111,12:53:41,18542.00,700,307400
20221111,12:53:47,18540.05,50,307400
20221111,12:53:48,18540.00,100,307400
20221111,12:53:49,18540.00,950,307400
20221111,12:54:23,18537.35,500,310100
20221111,12:55:00,18537.35,450,310100
20221111,12:55:14,18537.35,100,310100
20221111,12:55:15,18537.35,50,310100
20221111,12:55:16,18537.35,900,310100
20221111,12:55:17,18537.35,350,310100
20221111,12:55:18,18537.35,400,310100
20221111,12:55:29,18536.00,50,310100
20221111,12:55:30,18536.00,50,310100
20221111,12:55:31,18536.00,150,310100
20221111,12:55:34,18536.00,200,310100
20221111,12:55:38,18536.00,550,310100
20221111,12:55:51,18534.30,150,310100
20221111,12:56:01,18534.35,100,310100
20221111,12:56:16,18534.50,50,310100
20221111,12:56:25,18537.00,50,310100
20221111,12:56:26,18537.00,50,310100
20221111,12:57:01,18536.00,50,311950
20221111,12:57:03,18534.35,50,311950
20221111,12:57:10,18536.00,50,311950
20221111,12:57:18,18534.35,50,311950
20221111,12:57:22,18534.00,100,311950
20221111,12:57:29,18533.00,50,311950
20221111,12:57:32,18533.00,50,311950
20221111,12:57:33,18534.55,50,311950
20221111,12:57:41,18534.80,50,311950
20221111,12:57:54,18533.20,50,311950
20221111,12:58:09,18533.00,50,311950
20221111,12:58:33,18536.00,50,311950
20221111,12:58:34,18534.50,50,311950
20221111,12:59:04,18533.00,50,311950
20221111,12:59:16,18533.00,50,311950
20221111,12:59:54,18530.70,50,311950
20221111,13:00:00,18530.25,50,312300
20221111,13:00:37,18530.25,500,312300
20221111,13:00:51,18530.25,750,312300
20221111,13:01:03,18530.70,100,312300
20221111,13:01:33,18530.70,50,312300
20221111,13:01:42,18530.00,150,312300
20221111,13:01:51,18525.05,50,312300
20221111,13:01:55,18525.05,50,312300
20221111,13:02:01,18525.00,50,312300
20221111,13:02:02,18525.00,50,312300
20221111,13:02:12,18526.55,200,312300
20221111,13:03:26,18530.00,100,313750
20221111,13:03:31,18530.00,150,313750
20221111,13:03:40,18531.00,1250,313750
20221111,13:03:41,18531.00,600,313750
20221111,13:03:42,18531.00,150,313750
20221111,13:03:46,18531.00,500,313750
20221111,13:03:49,18531.00,150,313750
20221111,13:03:50,18531.00,1550,313750
20221111,13:03:51,18531.00,50,313750
20221111,13:03:52,18531.00,250,313750
20221111,13:03:55,18531.00,150,313750
20221111,13:03:58,18531.00,300,313750
20221111,13:04:01,18531.00,150,313750
20221111,13:04:09,18531.05,50,313750
20221111,13:04:20,18531.00,150,313750
20221111,13:04:25,18531.00,100,313750
20221111,13:04:29,18531.00,450,313750
20221111,13:04:31,18531.00,50,313750
20221111,13:04:32,18531.00,100,313750
20221111,13:04:38,18531.00,50,313750
20221111,13:04:45,18531.00,250,313750
20221111,13:04:48,18531.00,50,313750
20221111,13:04:55,18531.00,150,313750
20221111,13:04:58,18531.00,150,313750
20221111,13:05:01,18531.00,950,313750
20221111,13:05:02,18531.00,250,313750
20221111,13:05:04,18531.00,100,313750
20221111,13:05:09,18531.00,100,313750
20221111,13:05:10,18531.00,50,313750
20221111,13:05:11,18531.00,50,313750
20221111,13:05:13,18531.00,50,313750
20221111,13:05:15,18531.00,50,313750
20221111,13:05:19,18531.00,450,313750
20221111,13:05:20,18531.00,50,313750
20221111,13:05:21,18531.05,50,313750
20221111,13:05:44,18531.10,50,313750
20221111,13:05:46,18531.00,150,313750
20221111,13:06:17,18531.20,50,322100
20221111,13:06:59,18532.40,50,322100
20221111,13:07:32,18537.00,50,322100
20221111,13:07:38,18540.00,100,322100
20221111,13:08:07,18544.60,50,322100
20221111,13:08:09,18544.05,50,322100
20221111,13:08:15,18545.00,1250,322100
20221111,13:08:17,18545.00,50,322100
20221111,13:09:00,18543.00,50,322650
20221111,13:09:18,18544.00,50,322650
20221111,13:09:20,18545.00,100,322650
20221111,13:09:29,18548.00,50,322650
20221111,13:09:38,18548.25,50,322650
20221111,13:09:43,18548.40,50,322650
20221111,13:10:11,18545.20,50,322650
20221111,13:10:25,18545.20,50,322650
20221111,13:10:40,18545.00,50,322650
20221111,13:10:47,18546.25,50,322650
20221111,13:10:51,18548.00,200,322650
20221111,13:10:54,18546.80,50,322650
20221111,13:11:01,18547.00,50,322650
20221111,13:11:22,18547.70,50,322650
20221111,13:11:23,18547.00,50,322650
20221111,13:11:40,18547.00,50,322650
20221111,13:11:47,18547.00,50,322650
20221111,13:11:59,18547.00,50,323100
20221111,13:12:23,18547.00,50,323100
20221111,13:12:26,18547.00,50,323100
20221111,13:13:00,18543.70,50,323100
20221111,13:13:32,18541.25,50,323100
20221111,13:13:40,18541.80,50,323100
20221111,13:13:44,18540.80,50,323100
20221111,13:13:58,18541.00,50,323100
20221111,13:13:59,18543.40,50,323100
20221111,13:14:06,18540.05,150,323100
20221111,13:14:13,18540.20,100,323100
20221111,13:14:18,18540.20,50,323100
20221111,13:14:35,18540.75,50,323100
20221111,13:14:52,18540.05,50,323100
20221111,13:15:31,18540.00,50,323300
20221111,13:15:43,18543.70,50,323300
20221111,13:15:53,18548.85,350,323300
20221111,13:16:41,18545.80,50,323300
20221111,13:17:37,18543.30,500,323300
20221111,13:18:19,18547.00,50,323750
20221111,13:18:21,18548.85,50,323750
20221111,13:18:26,18548.85,500,323750
20221111,13:18:33,18548.85,50,323750
20221111,13:18:51,18548.70,50,323750
20221111,13:19:17,18546.95,50,323750
20221111,13:19:27,18548.20,50,323750
20221111,13:19:35,18546.00,50,323750
20221111,13:19:48,18545.95,50,323750
20221111,13:20:01,18547.80,50,323750
20221111,13:20:04,18543.65,50,323750
20221111,13:20:36,18549.00,200,323750
20221111,13:20:40,18549.10,100,323750
20221111,13:20:48,18549.20,50,323750
20221111,13:20:56,18549.50,200,323750
20221111,13:21:11,18549.50,50,323050
20221111,13:21:17,18549.50,600,323050
20221111,13:21:35,18550.00,800,323050
20221111,13:21:42,18550.00,150,323050
20221111,13:21:47,18550.00,200,323050
20221111,13:21:49,18550.00,100,323050
20221111,13:21:50,18550.00,250,323050
20221111,13:21:53,18550.50,50,323050
20221111,13:21:58,18550.50,50,323050
20221111,13:22:04,18551.95,100,323050
20221111,13:22:13,18551.95,50,323050
20221111,13:22:34,18555.00,1050,323050
20221111,13:24:35,18555.00,50,324800
20221111,13:24:48,18550.05,50,324800
20221111,13:25:38,18550.00,50,324800
20221111,13:26:36,18550.30,50,324800
20221111,13:26:42,18553.00,100,324800
20221111,13:26:59,18550.00,50,324800
20221111,13:27:02,18548.55,50,324750
20221111,13:27:12,18546.70,50,324750
20221111,13:27:25,18547.25,300,324750
20221111,13:27:31,18551.55,50,324750
20221111,13:27:42,18548.45,200,324750
20221111,13:28:11,18547.80,50,324750
20221111,13:28:20,18546.70,100,324750
20221111,13:28:30,18545.00,50,324750
20221111,13:28:45,18544.90,50,324750
20221111,13:29:00,18542.95,50,324750
20221111,13:29:32,18542.95,50,324750
20221111,13:29:51,18541.05,50,324750
20221111,13:30:34,18540.90,50,324750
20221111,13:30:41,18542.00,50,324750
20221111,13:30:42,18542.00,50,324750
20221111,13:31:05,18542.00,50,324750
20221111,13:31:30,18540.00,50,324750
20221111,13:31:46,18540.00,150,324750
20221111,13:32:19,18540.05,50,324750
20221111,13:32:20,18535.70,50,324750
20221111,13:32:36,18535.00,50,324750
20221111,13:32:37,18535.00,50,324750
20221111,13:33:08,18532.05,50,324750
20221111,13:33:09,18535.80,500,324750
20221111,13:33:20,18535.75,50,324750
20221111,13:34:37,18535.80,250,324750
20221111,13:35:45,18539.65,50,324750
20221111,13:36:03,18533.80,50,324650
20221111,13:36:07,18537.65,50,324650
20221111,13:36:17,18536.50,150,324650
20221111,13:37:16,18534.50,50,324650
20221111,13:37:18,18534.30,50,324650
20221111,13:37:30,18532.70,50,324650
20221111,13:37:50,18532.70,50,324650
20221111,13:38:17,18533.95,100,324650
20221111,13:38:22,18532.05,50,324650
20221111,13:38:35,18537.35,100,324650
20221111,13:38:39,18537.20,100,324650
20221111,13:38:47,18537.05,50,324650
20221111,13:38:48,18537.05,50,324650
20221111,13:39:24,18535.15,50,324650
20221111,13:39:39,18538.35,50,324850
20221111,13:40:12,18536.00,50,324850
20221111,13:40:24,18537.30,50,324850
20221111,13:40:33,18540.00,50,324850
20221111,13:40:34,18540.00,100,324850
20221111,13:41:59,18540.50,150,324850
20221111,13:42:03,18536.05,50,324850
20221111,13:42:19,18539.35,100,324850
20221111,13:42:44,18536.00,50,324850
20221111,13:44:23,18540.00,50,324850
20221111,13:44:34,18540.00,50,324850
20221111,13:44:37,18537.05,50,324850
20221111,13:44:53,18540.00,50,324850
20221111,13:45:10,18537.05,50,324850
20221111,13:45:37,18541.90,200,324850
20221111,13:46:39,18543.10,50,324850
20221111,13:46:51,18545.95,50,324850
20221111,13:47:40,18540.65,400,324850
20221111,13:50:22,18540.00,200,325000
20221111,13:50:23,18540.00,100,325000
20221111,13:50:31,18540.00,50,325000
20221111,13:50:32,18540.00,650,325000
20221111,13:52:14,18540.00,200,325400
20221111,13:52:24,18541.10,50,325400
20221111,13:52:45,18537.45,50,325400
20221111,13:52:50,18541.55,50,325400
20221111,13:52:56,18541.55,50,325400
20221111,13:53:37,18539.95,50,325400
20221111,13:53:39,18537.15,50,325400
20221111,13:53:42,18537.50,50,325400
20221111,13:53:54,18541.55,50,325400
20221111,13:54:10,18541.75,250,325400
20221111,13:54:29,18543.20,50,325400
20221111,13:55:06,18535.70,50,325400
20221111,13:55:37,18540.00,50,325400
20221111,13:56:22,18544.00,100,325400
20221111,13:56:38,18540.45,50,325400
20221111,13:57:05,18544.00,50,325400
20221111,13:57:18,18544.00,50,325550
20221111,13:57:56,18545.00,100,325550
20221111,13:58:07,18551.00,150,325550
20221111,13:58:08,18555.00,50,325550
20221111,13:58:12,18555.00,1950,325550
20221111,13:58:14,18555.55,50,325550
20221111,13:58:15,18557.00,400,325550
20221111,13:58:16,18557.95,50,325550
20221111,13:58:17,18558.00,50,325550
20221111,13:58:18,18558.20,150,325550
20221111,13:58:39,18558.75,100,325550
20221111,13:58:41,18558.75,50,325550
20221111,13:59:42,18555.60,50,325550
20221111,13:59:58,18556.65,50,325550
20221111,14:00:04,18558.15,50,325550
20221111,14:00:09,18558.35,50,325550
20221111,14:00:46,18559.95,100,325100
20221111,14:00:47,18559.95,50,325100
20221111,14:00:54,18560.00,550,325100
20221111,14:00:55,18560.00,50,325100
20221111,14:01:21,18559.00,50,325100
20221111,14:01:29,18557.40,50,325100
20221111,14:01:30,18553.60,50,325100
20221111,14:01:37,18558.90,50,325100
20221111,14:02:12,18547.00,50,325100
20221111,14:02:42,18550.00,50,325100
20221111,14:02:59,18550.00,50,325100
20221111,14:04:34,18545.05,50,324850
20221111,14:04:44,18547.90,50,324850
20221111,14:04:46,18550.00,50,324850
20221111,14:04:55,18550.00,50,324850
20221111,14:05:02,18550.00,100,324850
20221111,14:05:07,18555.50,50,324850
20221111,14:05:15,18553.80,50,324850
20221111,14:05:57,18554.00,50,324850
20221111,14:06:00,18549.95,50,324850
20221111,14:06:03,18550.00,50,324850
20221111,14:06:07,18553.25,50,324850
20221111,14:06:39,18552.05,50,325150
20221111,14:06:47,18550.50,50,325150
20221111,14:07:30,18551.05,50,325150
20221111,14:07:37,18552.00,50,325150
20221111,14:08:16,18555.00,300,325150
20221111,14:08:17,18555.10,100,325150
20221111,14:08:36,18553.65,50,325150
20221111,14:09:04,18551.00,50,325150
20221111,14:10:16,18555.00,50,325400
20221111,14:10:51,18555.00,50,325400
20221111,14:11:44,18555.00,100,325400
20221111,14:11:52,18552.15,50,325400
20221111,14:13:07,18554.00,100,325500
20221111,14:13:19,18555.00,50,325500
20221111,14:13:51,18551.55,50,325500
20221111,14:14:04,18551.90,50,325500
20221111,14:14:35,18553.05,50,325500
20221111,14:14:50,18556.90,50,325500
20221111,14:14:51,18557.00,50,325500
20221111,14:14:58,18558.00,50,325500
20221111,14:15:00,18558.95,300,325500
20221111,14:15:04,18557.00,50,325500
20221111,14:15:10,18555.90,50,325500
20221111,14:15:16,18557.00,100,325500
20221111,14:15:28,18556.50,50,325500
20221111,14:15:45,18557.00,50,325500
20221111,14:15:46,18557.00,150,325500
20221111,14:15:49,18557.00,50,325500
20221111,14:15:55,18555.10,50,325500
20221111,14:16:04,18557.00,150,325500
20221111,14:16:06,18557.00,100,325500
20221111,14:16:10,18557.00,50,325500
20221111,14:16:53,18557.00,50,325500
20221111,14:16:55,18555.30,50,325500
20221111,14:17:22,18559.00,100,325500
20221111,14:17:23,18561.00,150,325500
20221111,14:17:24,18561.45,100,325500
20221111,14:17:38,18563.75,850,325500
20221111,14:17:48,18563.75,50,325500
20221111,14:19:26,18559.15,50,324850
20221111,14:20:47,18559.40,100,324850
20221111,14:20:50,18559.05,50,324850
20221111,14:21:10,18559.05,50,324850
20221111,14:21:23,18562.00,50,324950
20221111,14:21:37,18559.15,50,324950
20221111,14:21:38,18559.10,50,324950
20221111,14:22:34,18561.75,50,324950
20221111,14:22:40,18563.45,50,324950
20221111,14:22:43,18566.00,1300,324950
20221111,14:22:48,18569.00,150,324950
20221111,14:22:51,18569.85,150,324950
20221111,14:22:52,18574.50,1450,324950
20221111,14:23:32,18574.50,50,324950
20221111,14:23:36,18567.95,50,324950
20221111,14:23:41,18569.15,50,324950
20221111,14:23:48,18568.40,50,324950
20221111,14:24:01,18566.00,50,324950
20221111,14:24:24,18565.80,50,325200
20221111,14:24:32,18562.25,50,325200
20221111,14:24:46,18566.95,50,325200
20221111,14:25:18,18564.00,50,325200
20221111,14:25:28,18566.20,50,325200
20221111,14:26:44,18564.00,50,325200
20221111,14:27:49,18564.00,50,325250
20221111,14:28:22,18566.00,50,325250
20221111,14:28:27,18566.95,50,325250
20221111,14:29:48,18563.10,50,325250
20221111,14:29:55,18561.00,50,325250
20221111,14:29:59,18560.05,50,325250
20221111,14:30:00,18560.05,50,325250
20221111,14:30:01,18560.05,100,325250
20221111,14:30:11,18558.00,50,325250
20221111,14:31:22,18558.00,100,325250
20221111,14:31:33,18556.15,50,325450
20221111,14:31:54,18560.00,50,325450
20221111,14:32:02,18560.20,50,325450
20221111,14:32:31,18556.25,100,325450
20221111,14:33:12,18560.00,50,325450
20221111,14:33:38,18560.20,50,325450
20221111,14:33:43,18560.60,50,325450
20221111,14:33:48,18563.65,50,325450
20221111,14:34:38,18564.45,50,325450
20221111,14:35:06,18566.00,50,325450
20221111,14:35:18,18566.00,150,325450
20221111,14:35:30,18566.00,50,325450
20221111,14:35:40,18566.00,50,325450
20221111,14:37:27,18561.75,100,325550
20221111,14:37:48,18561.60,500,325550
20221111,14:37:49,18561.60,550,325550
20221111,14:38:34,18561.00,100,325550
20221111,14:39:04,18560.00,50,325550
20221111,14:39:05,18560.00,50,325550
20221111,14:39:31,18558.30,50,326150
20221111,14:39:47,18558.25,50,326150
20221111,14:40:06,18559.20,50,326150
20221111,14:40:31,18561.00,100,326150
20221111,14:40:53,18565.00,50,326150
20221111,14:40:56,18566.00,100,326150
20221111,14:42:05,18562.00,150,326150
20221111,14:42:17,18565.85,50,326050
20221111,14:42:49,18564.25,50,326050
20221111,14:42:51,18563.95,50,326050
20221111,14:43:04,18562.00,50,326050
20221111,14:43:22,18561.95,100,326050
20221111,14:44:11,18561.95,50,326050
20221111,14:44:15,18562.00,150,326050
20221111,14:44:16,18561.95,100,326050
20221111,14:44:30,18561.95,150,326050
20221111,14:44:39,18560.05,50,326050
20221111,14:44:42,18560.00,50,326050
20221111,14:45:02,18560.00,50,326050
20221111,14:45:04,18564.15,50,326050
20221111,14:45:25,18560.00,50,326250
20221111,14:45:43,18558.90,50,326250
20221111,14:46:01,18556.25,50,326250
20221111,14:46:02,18556.15,50,326250
20221111,14:46:05,18555.00,50,326250
20221111,14:46:25,18556.00,100,326250
20221111,14:47:12,18556.00,100,326250
20221111,14:47:18,18553.40,50,326250
20221111,14:47:31,18556.00,50,326250
20221111,14:47:48,18555.85,50,326250
20221111,14:48:42,18554.00,50,326250
20221111,14:48:44,18555.70,50,326250
20221111,14:48:51,18555.85,50,326250
20221111,14:48:52,18556.00,50,326250
20221111,14:48:54,18555.80,50,326250
20221111,14:48:56,18556.00,350,326250
20221111,14:49:08,18561.35,100,326250
20221111,14:49:12,18559.05,50,326250
20221111,14:49:28,18560.00,50,326250
20221111,14:50:05,18560.00,50,326250
20221111,14:51:29,18560.00,50,325750
20221111,14:51:45,18559.00,50,325750
20221111,14:52:05,18553.80,50,325750
20221111,14:52:07,18554.15,50,325750
20221111,14:53:03,18559.10,50,325750
20221111,14:53:33,18560.05,50,325750
20221111,14:53:49,18558.15,50,325750
20221111,14:54:10,18558.40,50,325750
20221111,14:54:12,18559.10,100,325750
20221111,14:54:35,18562.00,50,325700
20221111,14:55:04,18560.00,100,325700
20221111,14:55:13,18560.00,100,325700
20221111,14:55:41,18560.00,50,325700
20221111,14:55:59,18560.00,50,325700
20221111,14:56:02,18560.30,100,325700
20221111,14:56:47,18560.00,100,325700
20221111,14:56:59,18559.90,50,325700
20221111,14:57:20,18562.05,150,326000
20221111,14:57:22,18559.90,50,326000
20221111,14:57:32,18558.00,50,326000
20221111,14:58:13,18560.00,50,326000
20221111,14:58:28,18562.00,50,326000
20221111,14:58:31,18561.30,50,326000
20221111,14:58:38,18562.00,50,326000
20221111,14:58:39,18560.00,50,326000
20221111,14:58:42,18561.90,100,326000
20221111,14:59:01,18562.00,50,326000
20221111,14:59:22,18560.05,50,326000
20221111,14:59:30,18559.55,50,326000
20221111,14:59:35,18560.00,50,326000
20221111,15:00:04,18565.95,200,326000
20221111,15:00:06,18579.00,1550,326000
20221111,15:00:07,18579.95,250,326000
20221111,15:00:09,18580.00,650,326000
20221111,15:00:11,18580.00,50,326000
20221111,15:00:26,18571.65,50,325900
20221111,15:00:30,18571.45,50,325900
20221111,15:00:36,18569.30,50,325900
20221111,15:00:55,18569.30,200,325900
20221111,15:01:10,18572.00,50,325900
20221111,15:01:32,18573.60,50,325900
20221111,15:01:41,18572.00,50,325900
20221111,15:01:51,18574.35,50,325900
20221111,15:02:00,18572.00,150,325900
20221111,15:02:26,18570.00,100,325900
20221111,15:02:35,18573.85,1000,325900
20221111,15:03:22,18572.00,50,325900
20221111,15:03:38,18572.00,50,326450
20221111,15:04:01,18572.00,50,326450
20221111,15:04:48,18572.00,50,326450
20221111,15:05:16,18570.35,250,326450
20221111,15:05:20,18569.35,150,326450
20221111,15:05:36,18568.35,50,326450
20221111,15:05:47,18567.15,50,326450
20221111,15:07:23,18568.00,50,326250
20221111,15:07:27,18570.00,50,326250
20221111,15:07:30,18568.10,200,326250
20221111,15:07:34,18569.00,50,326250
20221111,15:07:41,18571.10,150,326250
20221111,15:08:17,18571.10,50,326250
20221111,15:08:58,18573.00,50,326250
20221111,15:09:19,18573.65,500,326250
20221111,15:09:20,18572.05,50,326250
20221111,15:09:22,18574.95,50,326650
20221111,15:10:12,18572.85,50,326650
20221111,15:10:35,18567.05,100,326650
20221111,15:10:39,18567.25,50,326650
20221111,15:10:47,18568.45,50,326650
20221111,15:10:55,18569.75,50,326650
20221111,15:11:07,18567.20,100,326650
20221111,15:11:25,18567.00,50,326650
20221111,15:11:32,18565.55,100,326650
20221111,15:11:38,18565.50,50,326650
20221111,15:11:55,18565.00,50,326650
20221111,15:12:00,18565.00,50,326650
20221111,15:12:01,18563.00,100,326650
20221111,15:12:05,18561.95,100,326650
20221111,15:12:16,18561.95,50,326650
20221111,15:12:18,18560.85,50,326650
20221111,15:12:35,18561.60,100,326650
20221111,15:12:38,18561.25,50,326650
20221111,15:12:48,18563.00,50,326650
20221111,15:13:38,18564.45,100,326650
20221111,15:14:13,18571.80,100,326650
20221111,15:14:52,18571.00,50,326650
20221111,15:14:56,18571.50,50,326650
20221111,15:15:13,18566.40,300,326650
20221111,15:15:30,18565.95,100,327050
20221111,15:15:38,18566.85,300,327050
20221111,15:15:41,18567.00,300,327050
20221111,15:15:47,18567.20,50,327050
20221111,15:15:58,18568.25,50,327050
20221111,15:16:02,18567.00,50,327050
20221111,15:16:17,18566.35,50,327050
20221111,15:16:19,18567.00,50,327050
20221111,15:16:24,18566.35,50,327050
20221111,15:16:40,18565.60,50,327050
20221111,15:16:45,18565.55,50,327050
20221111,15:17:03,18566.00,150,327050
20221111,15:17:19,18565.40,50,327050
20221111,15:17:21,18566.00,100,327050
20221111,15:17:24,18565.45,50,327050
20221111,15:17:25,18565.45,50,327050
20221111,15:17:27,18565.35,50,327050
20221111,15:17:40,18566.00,350,327050
20221111,15:17:41,18566.00,50,327050
20221111,15:17:47,18566.00,50,327050
20221111,15:17:50,18566.00,50,327050
20221111,15:17:59,18566.15,50,327050
20221111,15:18:00,18563.70,500,327050
20221111,15:18:07,18567.20,50,327050
20221111,15:18:22,18569.85,200,326800
20221111,15:18:53,18569.85,50,326800
20221111,15:19:15,18569.00,100,326800
20221111,15:19:42,18570.00,50,326800
20221111,15:19:57,18572.00,50,326800
20221111,15:20:03,18570.10,50,326800
20221111,15:20:06,18572.00,50,326800
20221111,15:20:17,18570.00,50,326800
20221111,15:20:46,18570.00,50,326800
20221111,15:20:56,18572.00,50,326800
20221111,15:20:59,18570.05,50,326800
20221111,15:21:03,18572.00,50,326800
20221111,15:21:08,18573.00,50,326800
20221111,15:21:29,18572.00,50,326750
20221111,15:21:34,18573.00,100,326750
20221111,15:21:43,18573.00,100,326750
20221111,15:21:48,18573.00,150,326750
20221111,15:21:51,18573.00,50,326750
20221111,15:21:53,18573.00,50,326750
20221111,15:21:54,18573.00,50,326750
20221111,15:21:55,18573.00,50,326750
20221111,15:21:57,18573.00,50,326750
20221111,15:22:15,18574.40,100,326750
20221111,15:22:16,18573.05,50,326750
20221111,15:22:17,18574.95,50,326750
20221111,15:22:23,18575.00,50,326750
20221111,15:22:25,18574.30,250,326750
20221111,15:22:27,18575.00,100,326750
20221111,15:22:29,18575.00,650,326750
20221111,15:22:32,18574.40,250,326750
20221111,15:22:39,18575.00,150,326750
20221111,15:22:42,18575.50,450,326750
20221111,15:22:59,18579.65,1000,326750
20221111,15:23:04,18577.50,50,326750
20221111,15:23:34,18579.15,150,326750
20221111,15:23:44,18577.55,100,326750
20221111,15:23:52,18577.00,50,326750
20221111,15:24:00,18579.15,50,326750
20221111,15:24:14,18579.10,50,326750
20221111,15:24:27,18579.10,100,326350
20221111,15:24:32,18578.00,150,326350
20221111,15:24:35,18577.00,50,326350
20221111,15:24:39,18579.10,50,326350
20221111,15:24:40,18577.00,50,326350
20221111,15:24:55,18577.00,200,326350
20221111,15:24:56,18577.00,100,326350
20221111,15:24:59,18578.00,50,326350
20221111,15:25:00,18579.00,50,326350
20221111,15:25:07,18579.95,100,326350
20221111,15:25:26,18579.00,50,326350
20221111,15:25:31,18579.95,50,326350
20221111,15:25:33,18579.95,50,326350
20221111,15:25:36,18580.00,200,326350
20221111,15:25:44,18580.00,50,326350
20221111,15:25:48,18580.00,50,326350
20221111,15:25:52,18579.15,50,326350
20221111,15:25:53,18580.00,50,326350
20221111,15:25:57,18579.15,50,326350
20221111,15:26:01,18580.00,50,326350
20221111,15:26:04,18580.00,50,326350
20221111,15:26:09,18580.00,50,326350
20221111,15:26:10,18580.00,100,326350
20221111,15:26:11,18580.00,50,326350
20221111,15:26:16,18580.00,450,326350
20221111,15:26:20,18579.25,50,326350
20221111,15:26:21,18581.00,50,326350
20221111,15:26:29,18581.00,50,326350
20221111,15:26:30,18581.00,50,326350
20221111,15:26:45,18582.40,50,326350
20221111,15:26:51,18584.00,100,326350
20221111,15:26:52,18584.00,1000,326350
20221111,15:26:53,18584.95,100,326350
20221111,15:26:56,18585.00,300,326350
20221111,15:26:57,18585.00,100,326350
20221111,15:27:00,18585.80,50,326350
20221111,15:27:10,18585.80,50,326350
20221111,15:27:27,18585.85,50,326350
20221111,15:27:29,18588.75,100,326000
20221111,15:27:31,18589.10,50,326000
20221111,15:27:47,18589.75,250,326000
20221111,15:27:50,18589.75,50,326000
20221111,15:27:52,18589.85,150,326000
20221111,15:27:57,18589.85,50,326000
20221111,15:28:00,18589.90,50,326000
20221111,15:28:17,18589.90,50,326000
20221111,15:28:20,18589.90,300,326000
20221111,15:28:22,18589.00,300,326000
20221111,15:28:26,18589.00,50,326000
20221111,15:28:28,18588.85,50,326000
20221111,15:28:47,18586.00,50,326000
20221111,15:28:48,18586.00,50,326000
20221111,15:28:51,18586.35,100,326000
20221111,15:28:54,18586.05,50,326000
20221111,15:28:57,18587.00,100,326000
20221111,15:29:06,18588.00,300,326000
20221111,15:29:08,18588.00,50,326000
20221111,15:29:12,18588.00,50,326000
20221111,15:29:14,18588.00,300,326000
20221111,15:29:15,18588.85,50,326000
20221111,15:29:16,18588.85,50,326000
20221111,15:29:19,18589.00,150,326000
20221111,15:29:24,18589.80,50,326000
20221111,15:29:25,18589.80,50,326000
20221111,15:29:26,18589.00,100,326000
20221111,15:29:29,18589.00,50,326000
20221111,15:29:30,18589.00,150,326000
20221111,15:29:32,18589.00,200,326000
20221111,15:29:34,18588.95,50,326000
20221111,15:29:36,18588.95,50,326000
20221111,15:29:38,18588.20,100,326000
20221111,15:29:46,18588.95,50,326000
20221111,15:29:47,18589.00,200,326000
20221111,15:29:49,18589.00,50,326000
20221111,15:29:51,18589.75,350,326000
20221111,15:29:54,18589.80,400,326000
20221111,15:29:59,18589.80,100,326000
