20221111,09:15:00,18332.55,1,12154050
20221111,09:15:00,18372.50,1,12154050
20221111,09:15:00,18331.30,1,12154050
20221111,09:15:00,18335.90,25000,12154050
20221111,09:15:00,18330.00,15200,12154050
20221111,09:15:01,18344.95,15050,12154050
20221111,09:15:02,18340.00,20900,12154050
20221111,09:15:03,18348.40,44350,12154050
20221111,09:15:04,18348.00,23600,12154050
20221111,09:15:05,18341.15,37000,12154050
20221111,09:15:06,18341.15,34600,12154050
20221111,09:15:07,18335.40,25450,12154050
20221111,09:15:08,18337.00,30800,12154050
20221111,09:15:09,18336.00,28750,12154050
20221111,09:15:10,18333.85,28950,12154050
20221111,09:15:11,18330.65,30350,12154050
20221111,09:15:12,18333.00,27400,12154050
20221111,09:15:13,18331.85,20050,12154050
20221111,09:15:14,18326.10,24300,12154050
20221111,09:15:15,18325.00,15750,12154050
20221111,09:15:16,18324.30,21500,12154050
20221111,09:15:17,18323.30,22000,12154050
20221111,09:15:18,18325.10,8850,12154050
20221111,09:15:19,18321.00,17650,12154050
20221111,09:15:20,18328.25,13450,12154050
20221111,09:15:21,18330.10,7900,12154050
20221111,09:15:22,18330.60,19950,12154050
20221111,09:15:23,18330.30,11300,12154050
20221111,09:15:24,18329.95,7200,12154050
20221111,09:15:25,18326.45,14000,12154050
20221111,09:15:26,18329.95,12850,12154050
20221111,09:15:27,18325.00,7300,12154050
20221111,09:15:28,18329.00,14200,12154050
20221111,09:15:29,18323.60,7500,12154050
20221111,09:15:30,18325.00,9300,12154050
20221111,09:15:31,18323.75,5500,12154050
20221111,09:15:32,18325.15,5650,12154050
20221111,09:15:33,18325.00,4800,12154050
20221111,09:15:34,18320.00,19650,12154050
20221111,09:15:35,18323.20,6400,12154050
20221111,09:15:36,18325.55,8950,12154050
20221111,09:15:37,18320.25,14850,12154050
20221111,09:15:38,18320.55,7200,12154050
20221111,09:15:39,18323.10,12950,12154050
20221111,09:15:40,18324.05,4500,12154050
20221111,09:15:41,18324.00,5150,12154050
20221111,09:15:42,18328.00,6100,12154050
20221111,09:15:43,18328.00,3850,12154050
20221111,09:15:44,18325.25,11200,12154050
20221111,09:15:45,18328.95,9950,12154050
20221111,09:15:46,18324.35,6300,12154050
20221111,09:15:47,18328.45,7900,12154050
20221111,09:15:48,18328.30,9700,12154050
20221111,09:15:49,18329.60,5800,12154050
20221111,09:15:50,18326.45,9650,12154050
20221111,09:15:51,18327.00,6950,12154050
20221111,09:15:52,18328.20,9850,12154050
20221111,09:15:53,18330.00,7400,12154050
20221111,09:15:54,18328.00,4000,12154050
20221111,09:15:55,18329.75,11300,12154050
20221111,09:15:56,18327.20,5150,12154050
20221111,09:15:57,18329.55,7600,12154050
20221111,09:15:58,18327.00,4850,12154050
20221111,09:15:59,18330.00,5450,12154050
20221111,09:16:00,18329.30,4950,12154050
20221111,09:16:01,18327.25,9300,12154050
20221111,09:16:02,18329.25,4050,12154050
20221111,09:16:03,18327.90,6150,12154050
20221111,09:16:04,18327.00,15050,12154050
20221111,09:16:05,18328.30,2550,12154050
20221111,09:16:06,18330.10,12300,12154050
20221111,09:16:07,18331.05,5950,12154050
20221111,09:16:08,18330.85,8200,12154050
20221111,09:16:09,18330.80,5800,12154050
20221111,09:16:10,18332.00,5100,12154050
20221111,09:16:11,18330.00,11300,12154050
20221111,09:16:12,18330.05,3650,12154050
20221111,09:16:13,18331.90,2800,12154050
20221111,09:16:14,18330.45,6400,12154050
20221111,09:16:15,18333.75,5850,12154050
20221111,09:16:16,18333.65,3550,12154050
20221111,09:16:17,18334.85,10400,12154050
20221111,09:16:18,18334.40,10200,12154050
20221111,09:16:19,18332.00,4600,12154050
20221111,09:16:20,18334.95,5750,12154050
20221111,09:16:21,18334.00,5950,12154050
20221111,09:16:22,18336.25,1500,12154050
20221111,09:16:23,18336.65,8450,12154050
20221111,09:16:24,18336.90,4800,12154050
20221111,09:16:25,18336.65,3900,12154050
20221111,09:16:26,18339.00,6400,12154050
20221111,09:16:27,18338.10,5200,12154050
20221111,09:16:28,18339.00,4350,12154050
20221111,09:16:29,18336.20,4150,12154050
20221111,09:16:30,18338.00,7100,12154050
20221111,09:16:31,18338.00,3700,12154050
20221111,09:16:32,18339.00,5700,12154050
20221111,09:16:33,18337.85,10750,12154050
20221111,09:16:34,18338.95,2950,12154050
20221111,09:16:35,18340.50,23500,12154050
20221111,09:16:36,18339.40,3200,12154050
20221111,09:16:37,18336.30,11600,12154050
20221111,09:16:38,18338.55,4300,12154050
20221111,09:16:39,18335.45,2000,12154050
20221111,09:16:40,18338.95,12600,12154050
20221111,09:16:41,18335.75,6950,12154050
20221111,09:16:42,18337.60,5000,12154050
20221111,09:16:43,18335.75,4200,12154050
20221111,09:16:44,18339.65,6500,12154050
20221111,09:16:45,18339.15,1900,12154050
20221111,09:16:46,18338.45,3450,12154050
20221111,09:16:47,18336.15,4100,12154050
20221111,09:16:48,18336.10,5550,12154050
20221111,09:16:49,18338.85,2650,12154050
20221111,09:16:50,18335.00,4400,12154050
20221111,09:16:51,18335.50,4250,12154050
20221111,09:16:52,18334.20,20250,12154050
20221111,09:16:53,18334.50,3550,12154050
20221111,09:16:54,18334.30,5450,12154050
20221111,09:16:55,18336.65,4300,12154050
20221111,09:16:56,18335.50,1600,12154050
20221111,09:16:57,18337.00,1900,12154050
20221111,09:16:58,18336.00,2850,12154050
20221111,09:16:59,18336.00,1900,12154050
20221111,09:17:00,18333.10,3000,12154050
20221111,09:17:01,18335.00,10950,12154050
20221111,09:17:02,18335.00,2250,12154050
20221111,09:17:03,18334.20,4900,12154050
20221111,09:17:04,18334.20,1900,12154050
20221111,09:17:05,18332.40,3100,12154050
20221111,09:17:06,18334.25,3000,12154050
20221111,09:17:07,18336.00,1850,12154050
20221111,09:17:08,18334.35,1200,12154050
20221111,09:17:09,18334.20,1600,12154050
20221111,09:17:10,18333.05,2900,12154050
20221111,09:17:11,18334.20,2300,12154050
20221111,09:17:12,18331.40,3400,12154050
20221111,09:17:13,18333.90,650,12154050
20221111,09:17:14,18331.05,1400,12154050
20221111,09:17:15,18332.30,1000,12154050
20221111,09:17:16,18330.00,7450,12154050
20221111,09:17:17,18328.90,3550,12154050
20221111,09:17:18,18330.20,800,12154050
20221111,09:17:19,18329.95,1800,11975800
20221111,09:17:20,18331.00,9150,11975800
20221111,09:17:21,18330.40,2450,11975800
20221111,09:17:22,18333.85,5800,11975800
20221111,09:17:23,18333.10,5700,11975800
20221111,09:17:24,18335.00,3800,11975800
20221111,09:17:25,18336.10,12650,11975800
20221111,09:17:26,18335.05,950,11975800
20221111,09:17:27,18337.70,8550,11975800
20221111,09:17:28,18334.00,6550,11975800
20221111,09:17:29,18337.05,2150,11975800
20221111,09:17:30,18335.10,7100,11975800
20221111,09:17:31,18335.60,6000,11975800
20221111,09:17:32,18337.95,2050,11975800
20221111,09:17:33,18337.90,4450,11975800
20221111,09:17:34,18334.75,1050,11975800
20221111,09:17:35,18335.00,2550,11975800
20221111,09:17:37,18339.00,4050,11975800
20221111,09:17:37,18337.95,6300,11975800
20221111,09:17:38,18335.05,2700,11975800
20221111,09:17:40,18335.70,2100,11975800
20221111,09:17:40,18337.00,1600,11975800
20221111,09:17:42,18335.00,3700,11975800
20221111,09:17:42,18337.85,3250,11975800
20221111,09:17:43,18335.80,2100,11975800
20221111,09:17:45,18337.15,2850,11975800
20221111,09:17:45,18335.75,300,11975800
20221111,09:17:46,18334.45,1300,11975800
20221111,09:17:48,18337.10,2100,11975800
20221111,09:17:48,18336.95,1450,11975800
20221111,09:17:49,18335.70,2100,11975800
20221111,09:17:51,18335.60,700,11975800
20221111,09:17:51,18336.40,1250,11975800
20221111,09:17:52,18334.10,1850,11975800
20221111,09:17:54,18333.40,3500,11975800
20221111,09:17:54,18335.20,3650,11975800
20221111,09:17:56,18337.40,10200,11975800
20221111,09:17:56,18339.95,1350,11975800
20221111,09:17:57,18340.00,2800,11975800
20221111,09:17:59,18340.00,5350,11975800
20221111,09:17:59,18339.75,2500,11975800
20221111,09:18:01,18337.15,1600,11975800
20221111,09:18:01,18339.00,1550,11975800
20221111,09:18:02,18341.95,10800,11975800
20221111,09:18:04,18341.55,4350,11975800
20221111,09:18:04,18343.30,2200,11975800
20221111,09:18:05,18340.00,2250,11975800
20221111,09:18:07,18338.10,2200,11975800
20221111,09:18:07,18339.20,750,11975800
20221111,09:18:09,18340.95,2650,11975800
20221111,09:18:09,18339.05,2050,11975800
20221111,09:18:10,18339.15,1550,11975800
20221111,09:18:12,18340.00,1750,11975800
20221111,09:18:12,18340.05,1100,11975800
20221111,09:18:13,18341.40,2700,11975800
20221111,09:18:15,18340.80,2250,11975800
20221111,09:18:15,18338.15,250,11975800
20221111,09:18:16,18337.40,2950,11975800
20221111,09:18:18,18338.25,800,11975800
20221111,09:18:18,18338.95,1500,11975800
20221111,09:18:19,18337.50,750,11975800
20221111,09:18:21,18337.55,1250,11975800
20221111,09:18:21,18337.40,300,11975800
20221111,09:18:23,18338.00,1950,11975800
20221111,09:18:23,18340.00,1450,11975800
20221111,09:18:24,18337.90,1450,11975800
20221111,09:18:26,18338.95,1850,11975800
20221111,09:18:26,18338.95,600,11975800
20221111,09:18:27,18339.95,2050,11975800
20221111,09:18:29,18338.50,1800,11975800
20221111,09:18:29,18338.50,900,11975800
20221111,09:18:31,18338.05,4900,11975800
20221111,09:18:31,18338.35,100,11975800
20221111,09:18:32,18338.50,2900,11975800
20221111,09:18:33,18338.05,800,11975800
20221111,09:18:34,18338.35,1750,11975800
20221111,09:18:36,18340.00,3650,11975800
20221111,09:18:36,18340.10,2600,11975800
20221111,09:18:38,18341.80,4700,11975800
20221111,09:18:38,18341.85,1100,11975800
20221111,09:18:39,18341.15,2350,11975800
20221111,09:18:41,18342.00,1550,11975800
20221111,09:18:41,18341.95,1400,11975800
20221111,09:18:42,18340.80,1150,11975800
20221111,09:18:44,18341.35,1850,11975800
20221111,09:18:44,18341.40,750,11975800
20221111,09:18:46,18340.95,2100,11975800
20221111,09:18:46,18341.25,550,11975800
20221111,09:18:47,18341.60,2650,11975800
20221111,09:18:49,18340.90,2400,11975800
20221111,09:18:49,18340.90,2650,11975800
20221111,09:18:51,18340.10,1100,11975800
20221111,09:18:51,18340.90,550,11975800
20221111,09:18:52,18340.00,2950,11975800
20221111,09:18:54,18340.40,1900,11975800
20221111,09:18:55,18338.95,1800,11975800
20221111,09:18:55,18340.40,800,11975800
20221111,09:18:56,18338.35,1150,11975800
20221111,09:18:58,18338.90,1200,11975800
20221111,09:18:58,18337.55,650,11975800
20221111,09:19:00,18338.25,1400,11975800
20221111,09:19:00,18338.05,2950,11975800
20221111,09:19:01,18340.35,7550,11975800
20221111,09:19:03,18342.95,9800,11975800
20221111,09:19:03,18342.05,1500,11975800
20221111,09:19:04,18340.50,1300,11975800
20221111,09:19:06,18341.30,1300,11975800
20221111,09:19:06,18341.00,1050,11975800
20221111,09:19:08,18339.90,4400,11975800
20221111,09:19:08,18340.75,450,11975800
20221111,09:19:09,18341.65,3500,11975800
20221111,09:19:11,18339.90,950,11975800
20221111,09:19:11,18339.05,1100,11975800
20221111,09:19:12,18339.10,1050,11975800
20221111,09:19:14,18339.10,500,11975800
20221111,09:19:14,18337.95,1050,11975800
20221111,09:19:16,18340.00,2800,11975800
20221111,09:19:16,18338.30,500,11975800
20221111,09:19:17,18338.30,900,11975800
20221111,09:19:18,18337.60,1300,11975800
20221111,09:19:19,18337.90,550,11975800
20221111,09:19:21,18337.55,1000,11975800
20221111,09:19:21,18337.60,750,11975800
20221111,09:19:23,18336.85,1850,11975800
20221111,09:19:23,18337.90,700,11975800
20221111,09:19:24,18338.30,1750,11975800
20221111,09:19:26,18338.35,1100,11975800
20221111,09:19:26,18338.50,1250,11975800
20221111,09:19:27,18338.85,1350,11975800
20221111,09:19:29,18338.35,3150,11975800
20221111,09:19:29,18337.90,900,11975800
20221111,09:19:31,18337.70,2050,11975800
20221111,09:19:31,18337.90,850,11975800
20221111,09:19:32,18336.80,900,11975800
20221111,09:19:34,18337.70,1900,11975800
20221111,09:19:34,18339.40,3600,11975800
20221111,09:19:36,18339.55,2050,11975800
20221111,09:19:36,18339.50,900,11975800
20221111,09:19:37,18339.50,1200,11975800
20221111,09:19:39,18338.30,2400,11975800
20221111,09:19:39,18338.20,3050,11975800
20221111,09:19:41,18338.10,1850,11975800
20221111,09:19:41,18339.00,100,11975800
20221111,09:19:42,18339.05,1650,11975800
20221111,09:19:44,18340.00,2150,11975800
20221111,09:19:44,18339.00,800,11975800
20221111,09:19:46,18338.05,1750,11975800
20221111,09:19:46,18338.95,650,11975800
20221111,09:19:48,18339.00,2350,11975800
20221111,09:19:49,18339.30,3150,11975800
20221111,09:19:50,18339.00,650,11975800
20221111,09:19:51,18339.00,750,11975800
20221111,09:19:52,18338.85,2000,11975800
20221111,09:19:52,18340.00,2200,11975800
20221111,09:19:54,18339.45,1550,11975800
20221111,09:19:54,18339.35,1200,11975800
20221111,09:19:55,18339.35,1750,11975800
20221111,09:19:57,18338.80,1200,11975800
20221111,09:19:57,18339.20,1900,11975800
20221111,09:19:58,18340.00,1750,11975800
20221111,09:20:00,18340.50,13500,11975800
20221111,09:20:01,18341.95,2950,11975800
20221111,09:20:02,18343.15,2800,11975800
20221111,09:20:03,18344.05,1700,11975800
20221111,09:20:03,18344.60,2050,11975800
20221111,09:20:05,18345.45,7100,11975800
20221111,09:20:06,18346.75,2850,11975800
20221111,09:20:07,18347.10,5150,11975800
20221111,09:20:08,18347.95,2200,11975800
20221111,09:20:09,18347.30,3050,11975800
20221111,09:20:10,18347.00,3500,11975800
20221111,09:20:11,18348.00,2850,11975800
20221111,09:20:12,18348.30,5850,11975800
20221111,09:20:13,18348.00,1950,11975800
20221111,09:20:14,18348.95,1300,11975800
20221111,09:20:14,18349.40,3200,11975800
20221111,09:20:16,18350.00,3250,11975800
20221111,09:20:17,18349.40,3100,11975800
20221111,09:20:18,18349.95,5050,11975800
20221111,09:20:19,18349.40,2000,11890450
20221111,09:20:20,18349.40,5300,11890450
20221111,09:20:20,18348.45,50,11890450
20221111,09:20:22,18349.35,1200,11890450
20221111,09:20:23,18349.35,1400,11890450
20221111,09:20:24,18350.00,4550,11890450
20221111,09:20:25,18350.55,6600,11890450
20221111,09:20:25,18350.95,350,11890450
20221111,09:20:26,18352.05,3900,11890450
20221111,09:20:28,18351.05,1550,11890450
20221111,09:20:29,18354.80,1500,11890450
20221111,09:20:30,18354.75,3950,11890450
20221111,09:20:31,18353.70,1950,11890450
20221111,09:20:31,18352.95,150,11890450
20221111,09:20:32,18353.95,1300,11890450
20221111,09:20:34,18354.90,3050,11890450
20221111,09:20:35,18353.55,3300,11890450
20221111,09:20:36,18353.40,3700,11890450
20221111,09:20:37,18355.55,9350,11890450
20221111,09:20:37,18355.10,450,11890450
20221111,09:20:39,18355.10,2000,11890450
20221111,09:20:40,18355.55,1600,11890450
20221111,09:20:41,18354.45,2300,11890450
20221111,09:20:42,18354.00,2600,11890450
20221111,09:20:43,18354.40,1200,11890450
20221111,09:20:43,18354.55,250,11890450
20221111,09:20:44,18356.10,3500,11890450
20221111,09:20:46,18356.10,1600,11890450
20221111,09:20:47,18356.10,1150,11890450
20221111,09:20:48,18356.15,1250,11890450
20221111,09:20:49,18356.85,2400,11890450
20221111,09:20:50,18358.95,2800,11890450
20221111,09:20:50,18357.95,150,11890450
20221111,09:20:52,18357.20,1850,11890450
20221111,09:20:53,18358.00,1450,11890450
20221111,09:20:54,18359.00,1950,11890450
20221111,09:20:55,18359.00,15200,11890450
20221111,09:20:56,18362.95,18400,11890450
20221111,09:20:56,18363.10,150,11890450
20221111,09:20:58,18365.95,8050,11890450
20221111,09:20:59,18366.60,2150,11890450
20221111,09:21:00,18366.45,2000,11890450
20221111,09:21:01,18364.85,5950,11890450
20221111,09:21:02,18368.55,7050,11890450
20221111,09:21:02,18368.55,1300,11890450
20221111,09:21:03,18367.15,4250,11890450
20221111,09:21:05,18366.65,2800,11890450
20221111,09:21:06,18366.60,4700,11890450
20221111,09:21:07,18365.00,2000,11890450
20221111,09:21:08,18368.00,2250,11890450
20221111,09:21:09,18368.20,2700,11890450
20221111,09:21:09,18368.05,950,11890450
20221111,09:21:10,18369.95,5900,11890450
20221111,09:21:12,18369.00,2150,11890450
20221111,09:21:13,18368.95,1600,11890450
20221111,09:21:14,18368.00,1150,11890450
20221111,09:21:15,18368.55,3250,11890450
20221111,09:21:16,18367.95,1800,11890450
20221111,09:21:16,18367.95,250,11890450
20221111,09:21:18,18370.00,3650,11890450
20221111,09:21:19,18369.50,3750,11890450
20221111,09:21:20,18368.00,1150,11890450
20221111,09:21:21,18367.60,3150,11890450
20221111,09:21:21,18367.95,150,11890450
20221111,09:21:23,18369.00,1800,11890450
20221111,09:21:24,18369.35,4200,11890450
20221111,09:21:25,18368.25,2900,11890450
20221111,09:21:26,18366.80,2500,11890450
20221111,09:21:26,18367.30,800,11890450
20221111,09:21:28,18368.35,1850,11890450
20221111,09:21:29,18366.00,1850,11890450
20221111,09:21:30,18365.00,4050,11890450
20221111,09:21:31,18364.05,2150,11890450
20221111,09:21:32,18362.60,2850,11890450
20221111,09:21:32,18362.60,150,11890450
20221111,09:21:34,18361.50,1350,11890450
20221111,09:21:35,18363.60,1850,11890450
20221111,09:21:36,18362.80,3450,11890450
20221111,09:21:37,18362.00,1100,11890450
20221111,09:21:37,18361.75,350,11890450
20221111,09:21:39,18362.40,1700,11890450
20221111,09:21:40,18363.00,3150,11890450
20221111,09:21:41,18363.35,1000,11890450
20221111,09:21:42,18362.60,800,11890450
20221111,09:21:42,18362.50,100,11890450
20221111,09:21:44,18362.00,1950,11890450
20221111,09:21:45,18362.60,1700,11890450
20221111,09:21:46,18362.85,2050,11890450
20221111,09:21:47,18363.00,3200,11890450
20221111,09:21:48,18362.60,2050,11890450
20221111,09:21:48,18362.00,50,11890450
20221111,09:21:50,18361.10,1400,11890450
20221111,09:21:51,18361.25,2500,11890450
20221111,09:21:52,18360.90,2500,11890450
20221111,09:21:53,18360.65,1750,11890450
20221111,09:21:53,18360.20,650,11890450
20221111,09:21:55,18360.20,1550,11890450
20221111,09:21:56,18360.40,1400,11890450
20221111,09:21:57,18360.45,2550,11890450
20221111,09:21:58,18360.40,1650,11890450
20221111,09:21:59,18360.20,4200,11890450
20221111,09:21:59,18360.00,850,11890450
20221111,09:22:01,18357.90,6950,11890450
20221111,09:22:02,18357.85,2500,11890450
20221111,09:22:03,18358.00,1100,11890450
20221111,09:22:04,18357.60,2300,11890450
20221111,09:22:04,18358.45,50,11890450
20221111,09:22:06,18357.05,1450,11890450
20221111,09:22:07,18357.15,250,11890450
20221111,09:22:08,18357.35,1000,11890450
20221111,09:22:09,18357.05,1900,11890450
20221111,09:22:09,18357.10,550,11890450
20221111,09:22:11,18357.55,2800,11890450
20221111,09:22:12,18356.90,2800,11890450
20221111,09:22:13,18358.50,2100,11890450
20221111,09:22:14,18358.35,2600,11890450
20221111,09:22:15,18359.25,850,11890450
20221111,09:22:16,18358.40,1050,11890450
20221111,09:22:17,18359.30,3600,11890450
20221111,09:22:18,18358.35,4000,11890450
20221111,09:22:19,18359.00,50,11890450
20221111,09:22:20,18359.65,4100,11890450
20221111,09:22:21,18360.30,2050,11890450
20221111,09:22:22,18360.40,1750,11890450
20221111,09:22:23,18360.95,2100,11890450
20221111,09:22:24,18360.25,250,11890450
20221111,09:22:25,18360.00,400,11890450
20221111,09:22:26,18358.55,2400,11890450
20221111,09:22:27,18359.85,1350,11890450
20221111,09:22:28,18360.10,1350,11890450
20221111,09:22:29,18361.00,2150,11890450
20221111,09:22:30,18360.60,50,11890450
20221111,09:22:31,18360.00,1000,11890450
20221111,09:22:32,18359.25,1400,11890450
20221111,09:22:33,18361.00,6150,11890450
20221111,09:22:34,18361.00,1250,11890450
20221111,09:22:35,18362.75,2900,11890450
20221111,09:22:36,18362.95,1850,11890450
20221111,09:22:37,18362.40,1300,11890450
20221111,09:22:38,18360.95,1900,11890450
20221111,09:22:39,18360.95,800,11890450
20221111,09:22:40,18360.65,1150,11890450
20221111,09:22:41,18362.30,2750,11890450
20221111,09:22:42,18361.80,200,11890450
20221111,09:22:43,18361.25,1050,11890450
20221111,09:22:44,18360.45,700,11890450
20221111,09:22:45,18360.00,350,11890450
20221111,09:22:46,18359.50,3050,11890450
20221111,09:22:47,18359.15,750,11890450
20221111,09:22:48,18359.85,1150,11890450
20221111,09:22:49,18359.90,1700,11890450
20221111,09:22:50,18359.70,150,11890450
20221111,09:22:51,18359.55,1300,11890450
20221111,09:22:52,18360.30,2000,11890450
20221111,09:22:53,18359.80,1250,11890450
20221111,09:22:54,18361.40,4150,11890450
20221111,09:22:55,18361.60,900,11890450
20221111,09:22:56,18362.40,3300,11890450
20221111,09:22:57,18363.70,950,11890450
20221111,09:22:58,18363.75,2450,11890450
20221111,09:22:59,18364.85,2550,11890450
20221111,09:23:00,18365.00,3000,11890450
20221111,09:23:01,18364.05,2750,11890450
20221111,09:23:02,18364.35,3350,11890450
20221111,09:23:03,18364.90,800,11890450
20221111,09:23:04,18364.40,2350,11890450
20221111,09:23:05,18363.00,150,11890450
20221111,09:23:06,18363.70,700,11890450
20221111,09:23:07,18364.40,1650,11890450
20221111,09:23:08,18363.60,850,11890450
20221111,09:23:09,18363.95,400,11890450
20221111,09:23:10,18363.80,600,11890450
20221111,09:23:11,18363.75,800,11890450
20221111,09:23:13,18363.60,1400,11890450
20221111,09:23:14,18364.70,2500,11890450
20221111,09:23:15,18364.95,4150,11890450
20221111,09:23:16,18365.60,1600,11890450
20221111,09:23:17,18365.95,1550,11890450
20221111,09:23:18,18365.25,500,11890450
20221111,09:23:19,18365.25,2250,11890450
20221111,09:23:20,18364.75,1100,11812300
20221111,09:23:21,18365.05,900,11812300
20221111,09:23:22,18365.55,13150,11812300
20221111,09:23:23,18369.95,10100,11812300
20221111,09:23:24,18368.00,4900,11812300
20221111,09:23:25,18365.25,350,11812300
20221111,09:23:26,18365.30,750,11812300
20221111,09:23:27,18366.60,2300,11812300
20221111,09:23:28,18365.95,900,11812300
20221111,09:23:29,18365.95,150,11812300
20221111,09:23:30,18366.60,1100,11812300
20221111,09:23:31,18367.85,1350,11812300
20221111,09:23:32,18366.70,850,11812300
20221111,09:23:33,18366.00,800,11812300
20221111,09:23:34,18365.85,300,11812300
20221111,09:23:35,18366.00,1400,11812300
20221111,09:23:36,18365.00,7250,11812300
20221111,09:23:37,18364.00,2550,11812300
20221111,09:23:38,18364.00,1050,11812300
20221111,09:23:39,18363.95,200,11812300
20221111,09:23:40,18363.40,650,11812300
20221111,09:23:41,18363.30,200,11812300
20221111,09:23:42,18362.90,1450,11812300
20221111,09:23:43,18363.10,1500,11812300
20221111,09:23:44,18363.40,300,11812300
20221111,09:23:45,18362.30,1200,11812300
20221111,09:23:46,18362.65,850,11812300
20221111,09:23:47,18361.70,2050,11812300
20221111,09:23:48,18361.20,2250,11812300
20221111,09:23:49,18361.15,50,11812300
20221111,09:23:50,18361.50,500,11812300
20221111,09:23:51,18361.30,450,11812300
20221111,09:23:52,18360.90,1300,11812300
20221111,09:23:53,18360.60,850,11812300
20221111,09:23:54,18360.75,50,11812300
20221111,09:23:55,18360.30,1050,11812300
20221111,09:23:56,18360.80,1950,11812300
20221111,09:23:57,18360.75,1500,11812300
20221111,09:23:58,18361.60,2950,11812300
20221111,09:23:59,18360.95,50,11812300
20221111,09:24:00,18364.00,4950,11812300
20221111,09:24:01,18366.20,8050,11812300
20221111,09:24:02,18368.75,1200,11812300
20221111,09:24:03,18369.00,2150,11812300
20221111,09:24:04,18368.50,400,11812300
20221111,09:24:05,18368.50,3450,11812300
20221111,09:24:06,18377.40,50850,11812300
20221111,09:24:07,18377.80,3800,11812300
20221111,09:24:08,18375.20,1950,11812300
20221111,09:24:09,18374.40,2300,11812300
20221111,09:24:10,18377.95,2650,11812300
20221111,09:24:11,18376.00,2300,11812300
20221111,09:24:12,18374.80,1500,11812300
20221111,09:24:13,18375.80,2100,11812300
20221111,09:24:14,18379.70,7350,11812300
20221111,09:24:15,18379.80,3750,11812300
20221111,09:24:16,18376.75,1850,11812300
20221111,09:24:17,18375.65,1750,11812300
20221111,09:24:18,18375.65,1300,11812300
20221111,09:24:19,18376.10,3050,11812300
20221111,09:24:20,18376.80,1550,11812300
20221111,09:24:21,18376.40,500,11812300
20221111,09:24:22,18375.00,3250,11812300
20221111,09:24:23,18376.70,650,11812300
20221111,09:24:24,18378.15,2550,11812300
20221111,09:24:25,18378.95,4650,11812300
20221111,09:24:26,18378.85,2500,11812300
20221111,09:24:27,18379.95,2800,11812300
20221111,09:24:28,18382.90,12600,11812300
20221111,09:24:29,18381.75,2000,11812300
20221111,09:24:31,18379.80,3600,11812300
20221111,09:24:32,18378.80,1450,11812300
20221111,09:24:33,18379.60,900,11812300
20221111,09:24:33,18379.85,150,11812300
20221111,09:24:34,18377.15,900,11812300
20221111,09:24:35,18377.45,3400,11812300
20221111,09:24:36,18379.55,1050,11812300
20221111,09:24:37,18377.90,1100,11812300
20221111,09:24:38,18377.80,1000,11812300
20221111,09:24:39,18379.65,2800,11812300
20221111,09:24:41,18379.85,6050,11812300
20221111,09:24:41,18381.85,1400,11812300
20221111,09:24:42,18382.15,4150,11812300
20221111,09:24:43,18383.80,2500,11812300
20221111,09:24:44,18384.90,4650,11812300
20221111,09:24:45,18384.95,1350,11812300
20221111,09:24:46,18382.15,1250,11812300
20221111,09:24:47,18382.10,1250,11812300
20221111,09:24:48,18383.15,2500,11812300
20221111,09:24:49,18383.05,400,11812300
20221111,09:24:50,18382.50,900,11812300
20221111,09:24:51,18382.00,950,11812300
20221111,09:24:52,18381.85,1450,11812300
20221111,09:24:53,18381.85,2500,11812300
20221111,09:24:54,18381.85,1500,11812300
20221111,09:24:55,18381.80,2350,11812300
20221111,09:24:56,18381.85,1800,11812300
20221111,09:24:58,18381.80,3400,11812300
20221111,09:24:58,18381.80,300,11812300
20221111,09:24:59,18382.95,2500,11812300
20221111,09:25:00,18382.65,2250,11812300
20221111,09:25:01,18385.00,13500,11812300
20221111,09:25:02,18385.00,3800,11812300
20221111,09:25:03,18386.00,6650,11812300
20221111,09:25:04,18384.80,2050,11812300
20221111,09:25:06,18382.45,2500,11812300
20221111,09:25:06,18383.85,200,11812300
20221111,09:25:07,18382.80,550,11812300
20221111,09:25:08,18382.00,2000,11812300
20221111,09:25:09,18380.80,1750,11812300
20221111,09:25:11,18381.55,2700,11812300
20221111,09:25:11,18381.15,50,11812300
20221111,09:25:12,18381.15,1750,11812300
20221111,09:25:13,18381.15,1150,11812300
20221111,09:25:14,18380.10,800,11812300
20221111,09:25:15,18380.95,700,11812300
20221111,09:25:17,18380.10,400,11812300
20221111,09:25:17,18380.60,600,11812300
20221111,09:25:18,18381.20,2750,11812300
20221111,09:25:19,18380.80,3450,11812300
20221111,09:25:20,18380.80,1200,11812300
20221111,09:25:21,18382.30,2200,11812300
20221111,09:25:23,18380.80,1450,11812300
20221111,09:25:24,18380.00,2150,11812300
20221111,09:25:25,18380.00,6250,11812300
20221111,09:25:26,18380.00,1000,11812300
20221111,09:25:28,18379.30,550,11812300
20221111,09:25:28,18378.85,700,11812300
20221111,09:25:29,18378.85,2050,11812300
20221111,09:25:30,18378.85,2250,11812300
20221111,09:25:31,18378.80,1950,11812300
20221111,09:25:32,18379.65,3600,11812300
20221111,09:25:34,18378.10,2300,11812300
20221111,09:25:34,18379.00,1150,11812300
20221111,09:25:35,18378.70,1950,11812300
20221111,09:25:36,18377.70,3200,11812300
20221111,09:25:37,18377.70,200,11812300
20221111,09:25:39,18378.45,1350,11812300
20221111,09:25:39,18377.75,1250,11812300
20221111,09:25:40,18377.85,1900,11812300
20221111,09:25:41,18377.60,1000,11812300
20221111,09:25:42,18376.05,1500,11812300
20221111,09:25:44,18377.70,1350,11812300
20221111,09:25:44,18377.65,450,11812300
20221111,09:25:45,18375.05,1250,11812300
20221111,09:25:46,18375.00,2000,11812300
20221111,09:25:47,18376.10,500,11812300
20221111,09:25:48,18375.00,1700,11812300
20221111,09:25:50,18375.00,1500,11812300
20221111,09:25:50,18375.05,150,11812300
20221111,09:25:51,18376.20,2750,11812300
20221111,09:25:52,18378.10,3000,11812300
20221111,09:25:53,18376.60,1500,11812300
20221111,09:25:54,18376.70,700,11812300
20221111,09:25:56,18377.75,1150,11812300
20221111,09:25:56,18378.00,800,11812300
20221111,09:25:57,18378.55,3500,11812300
20221111,09:25:58,18378.45,750,11812300
20221111,09:25:59,18378.60,900,11812300
20221111,09:26:01,18377.50,1600,11812300
20221111,09:26:01,18378.60,750,11812300
20221111,09:26:02,18379.00,1150,11812300
20221111,09:26:03,18379.30,850,11812300
20221111,09:26:04,18379.65,1600,11812300
20221111,09:26:05,18380.25,3450,11812300
20221111,09:26:07,18380.65,4450,11812300
20221111,09:26:07,18380.65,150,11812300
20221111,09:26:08,18381.80,600,11812300
20221111,09:26:09,18381.95,700,11812300
20221111,09:26:10,18382.10,1700,11812300
20221111,09:26:12,18382.00,1350,11812300
20221111,09:26:12,18380.45,800,11812300
20221111,09:26:13,18381.20,1800,11812300
20221111,09:26:14,18380.65,650,11812300
20221111,09:26:15,18381.60,150,11812300
20221111,09:26:16,18380.75,350,11812300
20221111,09:26:17,18381.45,1550,11812300
20221111,09:26:18,18381.60,450,11812300
20221111,09:26:19,18378.70,2700,11800350
20221111,09:26:20,18380.70,2200,11800350
20221111,09:26:21,18381.05,1600,11800350
20221111,09:26:23,18381.20,1200,11800350
20221111,09:26:23,18381.45,450,11800350
20221111,09:26:24,18381.45,1150,11800350
20221111,09:26:25,18382.05,450,11800350
20221111,09:26:26,18381.50,850,11800350
20221111,09:26:27,18381.75,950,11800350
20221111,09:26:28,18381.85,600,11800350
20221111,09:26:30,18381.85,1100,11800350
20221111,09:26:30,18382.10,150,11800350
20221111,09:26:31,18381.85,650,11800350
20221111,09:26:32,18381.60,300,11800350
20221111,09:26:33,18381.85,2100,11800350
20221111,09:26:35,18385.00,5050,11800350
20221111,09:26:35,18383.20,150,11800350
20221111,09:26:36,18384.30,900,11800350
20221111,09:26:37,18383.55,2400,11800350
20221111,09:26:38,18384.35,1350,11800350
20221111,09:26:40,18387.00,4800,11800350
20221111,09:26:40,18384.80,150,11800350
20221111,09:26:41,18385.20,1150,11800350
20221111,09:26:42,18384.80,3200,11800350
20221111,09:26:43,18381.80,2700,11800350
20221111,09:26:45,18382.05,650,11800350
20221111,09:26:46,18382.75,1400,11800350
20221111,09:26:46,18384.80,1000,11800350
20221111,09:26:47,18382.80,500,11800350
20221111,09:26:48,18383.20,1750,11800350
20221111,09:26:50,18384.15,1600,11800350
20221111,09:26:51,18381.55,1250,11800350
20221111,09:26:51,18381.00,400,11800350
20221111,09:26:52,18382.50,1400,11800350
20221111,09:26:53,18382.50,200,11800350
20221111,09:26:55,18383.15,1800,11800350
20221111,09:26:56,18382.85,2650,11800350
20221111,09:26:56,18382.75,250,11800350
20221111,09:26:57,18383.25,1550,11800350
20221111,09:26:58,18383.90,1400,11800350
20221111,09:27:00,18383.95,550,11800350
20221111,09:27:01,18384.55,1300,11800350
20221111,09:27:01,18382.90,50,11800350
20221111,09:27:02,18384.40,1950,11800350
20221111,09:27:03,18383.80,1550,11800350
20221111,09:27:05,18382.70,1500,11800350
20221111,09:27:06,18382.25,550,11800350
20221111,09:27:06,18381.90,100,11800350
20221111,09:27:07,18380.00,700,11800350
20221111,09:27:08,18380.00,650,11800350
20221111,09:27:09,18380.00,550,11800350
20221111,09:27:11,18378.90,3050,11800350
20221111,09:27:12,18377.05,900,11800350
20221111,09:27:12,18377.45,150,11800350
20221111,09:27:13,18377.45,450,11800350
20221111,09:27:14,18376.45,1600,11800350
20221111,09:27:16,18376.50,450,11800350
20221111,09:27:17,18376.30,950,11800350
20221111,09:27:17,18376.20,450,11800350
20221111,09:27:18,18376.20,2100,11800350
20221111,09:27:19,18376.70,4400,11800350
20221111,09:27:20,18376.60,1500,11800350
20221111,09:27:22,18377.10,1200,11800350
20221111,09:27:23,18377.50,1200,11800350
20221111,09:27:23,18377.95,50,11800350
20221111,09:27:24,18377.20,700,11800350
20221111,09:27:25,18377.15,3500,11800350
20221111,09:27:27,18377.30,1300,11800350
20221111,09:27:28,18377.00,900,11800350
20221111,09:27:29,18376.90,1300,11800350
20221111,09:27:29,18376.00,100,11800350
20221111,09:27:30,18376.25,2050,11800350
20221111,09:27:31,18374.60,4900,11800350
20221111,09:27:33,18375.50,1550,11800350
20221111,09:27:34,18375.60,2550,11800350
20221111,09:27:34,18375.80,200,11800350
20221111,09:27:35,18377.35,1050,11800350
20221111,09:27:36,18376.90,850,11800350
20221111,09:27:37,18377.25,350,11800350
20221111,09:27:39,18377.10,750,11800350
20221111,09:27:40,18377.70,1100,11800350
20221111,09:27:40,18377.70,50,11800350
20221111,09:27:41,18376.95,750,11800350
20221111,09:27:42,18376.55,1500,11800350
20221111,09:27:44,18375.50,1350,11800350
20221111,09:27:45,18375.65,3000,11800350
20221111,09:27:45,18375.65,200,11800350
20221111,09:27:46,18376.20,1100,11800350
20221111,09:27:47,18377.00,1500,11800350
20221111,09:27:48,18376.60,2850,11800350
20221111,09:27:50,18376.00,1000,11800350
20221111,09:27:51,18375.10,500,11800350
20221111,09:27:52,18375.70,1150,11800350
20221111,09:27:53,18375.05,300,11800350
20221111,09:27:55,18375.15,850,11800350
20221111,09:27:56,18375.00,3450,11800350
20221111,09:27:56,18375.75,400,11800350
20221111,09:27:57,18376.40,600,11800350
20221111,09:27:58,18375.00,1450,11800350
20221111,09:27:59,18375.80,700,11800350
20221111,09:28:01,18375.65,1550,11800350
20221111,09:28:02,18375.90,1050,11800350
20221111,09:28:02,18375.90,1700,11800350
20221111,09:28:03,18375.40,850,11800350
20221111,09:28:04,18375.20,950,11800350
20221111,09:28:05,18375.80,500,11800350
20221111,09:28:07,18377.00,3000,11800350
20221111,09:28:08,18377.50,900,11800350
20221111,09:28:08,18376.20,150,11800350
20221111,09:28:09,18376.70,150,11800350
20221111,09:28:10,18375.80,350,11800350
20221111,09:28:12,18376.15,950,11800350
20221111,09:28:13,18376.10,1450,11800350
20221111,09:28:13,18375.20,500,11800350
20221111,09:28:14,18376.20,1100,11800350
20221111,09:28:15,18376.20,650,11800350
20221111,09:28:16,18376.80,1600,11800350
20221111,09:28:17,18375.75,1100,11800350
20221111,09:28:18,18376.15,2300,11800350
20221111,09:28:19,18376.20,2000,11800350
20221111,09:28:20,18375.70,1250,11800350
20221111,09:28:22,18375.00,900,11800350
20221111,09:28:23,18375.55,900,11800350
20221111,09:28:23,18375.65,50,11800350
20221111,09:28:24,18375.20,1750,11800350
20221111,09:28:25,18375.00,1550,11800350
20221111,09:28:26,18375.00,1050,11800350
20221111,09:28:28,18375.15,3100,11800350
20221111,09:28:29,18374.05,900,11800350
20221111,09:28:30,18373.90,600,11800350
20221111,09:28:31,18373.80,600,11800350
20221111,09:28:31,18373.95,150,11800350
20221111,09:28:32,18373.60,950,11800350
20221111,09:28:33,18373.20,5000,11800350
20221111,09:28:35,18373.10,2250,11800350
20221111,09:28:35,18373.10,100,11800350
20221111,09:28:37,18372.00,400,11800350
20221111,09:28:38,18372.40,350,11800350
20221111,09:28:38,18372.50,350,11800350
20221111,09:28:39,18373.00,2650,11800350
20221111,09:28:40,18373.50,1750,11800350
20221111,09:28:41,18372.55,700,11800350
20221111,09:28:42,18373.10,200,11800350
20221111,09:28:43,18372.00,1200,11800350
20221111,09:28:45,18372.50,250,11800350
20221111,09:28:46,18372.50,200,11800350
20221111,09:28:46,18372.55,200,11800350
20221111,09:28:47,18371.10,1750,11800350
20221111,09:28:48,18371.55,850,11800350
20221111,09:28:49,18370.70,300,11800350
20221111,09:28:51,18370.80,2050,11800350
20221111,09:28:52,18371.05,400,11800350
20221111,09:28:52,18370.80,50,11800350
20221111,09:28:53,18370.10,350,11800350
20221111,09:28:54,18369.00,3850,11800350
20221111,09:28:55,18369.05,450,11800350
20221111,09:28:56,18369.05,450,11800350
20221111,09:28:58,18367.40,800,11800350
20221111,09:28:59,18367.10,1050,11800350
20221111,09:28:59,18366.80,300,11800350
20221111,09:29:00,18366.85,1750,11800350
20221111,09:29:01,18368.00,1050,11800350
20221111,09:29:03,18365.80,3700,11800350
20221111,09:29:04,18366.20,2450,11800350
20221111,09:29:05,18366.00,4500,11800350
20221111,09:29:05,18365.95,750,11800350
20221111,09:29:06,18367.10,2550,11800350
20221111,09:29:07,18368.05,2350,11800350
20221111,09:29:09,18368.10,1750,11800350
20221111,09:29:10,18366.50,500,11800350
20221111,09:29:11,18366.60,1300,11800350
20221111,09:29:12,18366.85,3600,11800350
20221111,09:29:12,18367.35,650,11800350
20221111,09:29:13,18368.35,850,11800350
20221111,09:29:14,18368.00,650,11800350
20221111,09:29:15,18368.00,700,11800350
20221111,09:29:17,18368.35,1800,11800350
20221111,09:29:18,18368.10,1300,11800350
20221111,09:29:19,18368.25,1450,11800350
20221111,09:29:19,18368.75,100,11800350
20221111,09:29:20,18368.70,250,11800350
20221111,09:29:22,18368.55,200,11813600
20221111,09:29:23,18368.50,850,11813600
20221111,09:29:24,18368.10,750,11813600
20221111,09:29:25,18368.10,850,11813600
20221111,09:29:25,18368.10,450,11813600
20221111,09:29:26,18367.95,1100,11813600
20221111,09:29:28,18368.05,700,11813600
20221111,09:29:29,18368.00,650,11813600
20221111,09:29:30,18367.80,1150,11813600
20221111,09:29:31,18367.75,500,11813600
20221111,09:29:33,18367.05,500,11813600
20221111,09:29:34,18366.95,650,11813600
20221111,09:29:35,18367.50,2750,11813600
20221111,09:29:35,18367.55,450,11813600
20221111,09:29:36,18368.00,1250,11813600
20221111,09:29:38,18367.95,1000,11813600
20221111,09:29:39,18367.40,2900,11813600
20221111,09:29:40,18367.10,800,11813600
20221111,09:29:40,18368.00,100,11813600
20221111,09:29:41,18367.95,700,11813600
20221111,09:29:42,18368.15,2200,11813600
20221111,09:29:44,18368.90,1500,11813600
20221111,09:29:45,18369.55,1800,11813600
20221111,09:29:46,18368.50,1050,11813600
20221111,09:29:46,18369.60,500,11813600
20221111,09:29:47,18369.40,800,11813600
20221111,09:29:49,18370.80,5450,11813600
20221111,09:29:50,18371.00,1800,11813600
20221111,09:29:51,18372.45,1050,11813600
20221111,09:29:51,18372.35,600,11813600
20221111,09:29:52,18372.15,1700,11813600
20221111,09:29:54,18372.15,1100,11813600
20221111,09:29:55,18370.40,1200,11813600
20221111,09:29:56,18371.65,450,11813600
20221111,09:29:56,18370.90,50,11813600
20221111,09:29:57,18371.35,1200,11813600
20221111,09:29:59,18370.45,1250,11813600
20221111,09:30:00,18373.00,2000,11813600
20221111,09:30:01,18374.00,2300,11813600
20221111,09:30:02,18374.15,3000,11813600
20221111,09:30:03,18375.00,4150,11813600
20221111,09:30:05,18375.45,3850,11813600
20221111,09:30:06,18375.95,1100,11813600
20221111,09:30:07,18376.05,500,11813600
20221111,09:30:08,18376.05,400,11813600
20221111,09:30:10,18375.00,800,11813600
20221111,09:30:11,18375.75,2350,11813600
20221111,09:30:12,18375.60,500,11813600
20221111,09:30:12,18375.00,1550,11813600
20221111,09:30:13,18375.85,300,11813600
20221111,09:30:15,18375.05,500,11813600
20221111,09:30:16,18375.00,500,11813600
20221111,09:30:16,18375.00,1050,11813600
20221111,09:30:17,18375.55,350,11813600
20221111,09:30:19,18375.05,600,11813600
20221111,09:30:20,18375.45,350,11813600
20221111,09:30:21,18376.00,2100,11813600
20221111,09:30:22,18376.05,1800,11813600
20221111,09:30:22,18376.05,50,11813600
20221111,09:30:23,18375.50,1150,11813600
20221111,09:30:25,18375.95,450,11813600
20221111,09:30:26,18376.75,650,11813600
20221111,09:30:27,18375.35,1100,11813600
20221111,09:30:27,18376.10,50,11813600
20221111,09:30:28,18376.00,250,11813600
20221111,09:30:30,18375.90,650,11813600
20221111,09:30:31,18376.25,550,11813600
20221111,09:30:32,18377.80,1800,11813600
20221111,09:30:33,18378.05,900,11813600
20221111,09:30:33,18378.05,150,11813600
20221111,09:30:34,18377.75,850,11813600
20221111,09:30:36,18377.80,600,11813600
20221111,09:30:37,18378.80,1550,11813600
20221111,09:30:38,18378.75,2600,11813600
20221111,09:30:38,18379.10,550,11813600
20221111,09:30:39,18379.50,1100,11813600
20221111,09:30:41,18380.00,3250,11813600
20221111,09:30:42,18381.00,5050,11813600
20221111,09:30:43,18381.05,1000,11813600
20221111,09:30:43,18381.00,50,11813600
20221111,09:30:44,18380.25,3000,11813600
20221111,09:30:46,18381.20,500,11813600
20221111,09:30:47,18381.35,500,11813600
20221111,09:30:48,18382.10,350,11813600
20221111,09:30:49,18383.00,2850,11813600
20221111,09:30:49,18382.00,350,11813600
20221111,09:30:50,18383.30,1100,11813600
20221111,09:30:52,18384.00,1150,11813600
20221111,09:30:53,18385.00,500,11813600
20221111,09:30:54,18384.40,2000,11813600
20221111,09:30:54,18383.40,50,11813600
20221111,09:30:55,18385.00,2050,11813600
20221111,09:30:56,18385.20,3950,11813600
20221111,09:30:58,18392.00,32250,11813600
20221111,09:30:59,18390.60,900,11813600
20221111,09:31:00,18390.20,1350,11813600
20221111,09:31:01,18390.15,550,11813600
20221111,09:31:02,18392.85,2600,11813600
20221111,09:31:03,18390.90,2750,11813600
20221111,09:31:04,18392.00,850,11813600
20221111,09:31:05,18390.40,3050,11813600
20221111,09:31:06,18390.20,1050,11813600
20221111,09:31:06,18390.20,100,11813600
20221111,09:31:07,18392.30,1450,11813600
20221111,09:31:09,18392.35,1250,11813600
20221111,09:31:09,18390.95,1350,11813600
20221111,09:31:11,18393.00,2150,11813600
20221111,09:31:12,18392.00,750,11813600
20221111,09:31:13,18392.70,450,11813600
20221111,09:31:13,18391.40,150,11813600
20221111,09:31:14,18395.00,10850,11813600
20221111,09:31:16,18392.00,1200,11813600
20221111,09:31:17,18393.10,800,11813600
20221111,09:31:18,18395.00,3600,11813600
20221111,09:31:19,18395.80,2700,11813600
20221111,09:31:19,18395.00,50,11813600
20221111,09:31:21,18396.10,5800,11813600
20221111,09:31:22,18395.00,2650,11813600
20221111,09:31:23,18395.00,1100,11813600
20221111,09:31:24,18394.20,1300,11813600
20221111,09:31:25,18394.20,1300,11813600
20221111,09:31:25,18392.75,1600,11813600
20221111,09:31:27,18392.00,350,11813600
20221111,09:31:28,18392.50,600,11813600
20221111,09:31:29,18393.50,1200,11813600
20221111,09:31:30,18392.50,1050,11813600
20221111,09:31:31,18391.95,600,11813600
20221111,09:31:32,18390.00,750,11813600
20221111,09:31:32,18390.00,150,11813600
20221111,09:31:34,18390.00,300,11813600
20221111,09:31:35,18393.40,3100,11813600
20221111,09:31:36,18390.10,750,11813600
20221111,09:31:37,18391.00,350,11813600
20221111,09:31:39,18390.25,350,11813600
20221111,09:31:40,18390.25,250,11813600
20221111,09:31:41,18390.20,1850,11813600
20221111,09:31:42,18390.00,1600,11813600
20221111,09:31:42,18390.10,100,11813600
20221111,09:31:44,18390.20,800,11813600
20221111,09:31:45,18390.00,900,11813600
20221111,09:31:46,18390.10,350,11813600
20221111,09:31:47,18390.35,3300,11813600
20221111,09:31:47,18393.05,100,11813600
20221111,09:31:49,18390.00,1000,11813600
20221111,09:31:50,18390.10,250,11813600
20221111,09:31:51,18392.50,1200,11813600
20221111,09:31:52,18392.55,1500,11813600
20221111,09:31:52,18390.05,50,11813600
20221111,09:31:54,18391.05,200,11813600
20221111,09:31:54,18391.30,200,11813600
20221111,09:31:55,18391.70,550,11813600
20221111,09:31:57,18390.55,950,11813600
20221111,09:31:58,18390.80,1300,11813600
20221111,09:31:59,18391.90,2800,11813600
20221111,09:32:00,18390.15,100,11813600
20221111,09:32:00,18390.10,150,11813600
20221111,09:32:02,18389.85,2000,11813600
20221111,09:32:03,18390.35,400,11813600
20221111,09:32:04,18393.45,750,11813600
20221111,09:32:05,18393.00,750,11813600
20221111,09:32:07,18393.70,800,11813600
20221111,09:32:08,18393.55,700,11813600
20221111,09:32:09,18393.00,650,11813600
20221111,09:32:10,18393.50,1450,11813600
20221111,09:32:10,18393.70,50,11813600
20221111,09:32:12,18393.50,400,11813600
20221111,09:32:13,18391.90,1350,11813600
20221111,09:32:14,18394.00,3450,11813600
20221111,09:32:15,18394.00,150,11813600
20221111,09:32:16,18394.00,1550,11813600
20221111,09:32:17,18394.40,900,11813600
20221111,09:32:18,18394.00,2600,11813600
20221111,09:32:19,18394.55,550,11813600
20221111,09:32:20,18394.55,1550,11813600
20221111,09:32:21,18394.00,200,11815500
20221111,09:32:22,18394.90,500,11815500
20221111,09:32:23,18394.60,750,11815500
20221111,09:32:24,18394.50,2350,11815500
20221111,09:32:25,18394.50,1350,11815500
20221111,09:32:26,18394.35,1700,11815500
20221111,09:32:27,18395.00,200,11815500
20221111,09:32:28,18394.40,850,11815500
20221111,09:32:29,18394.40,550,11815500
20221111,09:32:30,18394.40,650,11815500
20221111,09:32:30,18394.00,50,11815500
20221111,09:32:32,18395.00,1850,11815500
20221111,09:32:33,18394.90,450,11815500
20221111,09:32:34,18394.55,550,11815500
20221111,09:32:35,18394.85,200,11815500
20221111,09:32:36,18394.50,1300,11815500
20221111,09:32:37,18394.50,950,11815500
20221111,09:32:38,18392.70,1900,11815500
20221111,09:32:39,18392.40,800,11815500
20221111,09:32:41,18394.75,750,11815500
20221111,09:32:42,18394.80,300,11815500
20221111,09:32:43,18394.90,300,11815500
20221111,09:32:44,18394.55,1750,11815500
20221111,09:32:45,18394.85,800,11815500
20221111,09:32:46,18394.85,650,11815500
20221111,09:32:47,18394.85,1650,11815500
20221111,09:32:48,18394.30,350,11815500
20221111,09:32:50,18394.35,250,11815500
20221111,09:32:51,18395.00,800,11815500
20221111,09:32:52,18395.55,1100,11815500
20221111,09:32:53,18397.85,6450,11815500
20221111,09:32:55,18396.80,1150,11815500
20221111,09:32:56,18395.30,600,11815500
20221111,09:32:57,18396.15,1400,11815500
20221111,09:32:58,18395.75,950,11815500
20221111,09:32:58,18395.70,100,11815500
20221111,09:32:59,18395.05,550,11815500
20221111,09:33:01,18394.35,1400,11815500
20221111,09:33:02,18394.55,2150,11815500
20221111,09:33:03,18394.35,2800,11815500
20221111,09:33:04,18392.80,2000,11815500
20221111,09:33:04,18392.85,100,11815500
20221111,09:33:06,18394.85,200,11815500
20221111,09:33:07,18393.80,550,11815500
20221111,09:33:08,18394.35,1000,11815500
20221111,09:33:09,18394.60,1150,11815500
20221111,09:33:09,18394.60,250,11815500
20221111,09:33:11,18394.75,1200,11815500
20221111,09:33:12,18394.55,3150,11815500
20221111,09:33:13,18394.80,700,11815500
20221111,09:33:14,18394.00,450,11815500
20221111,09:33:15,18393.80,350,11815500
20221111,09:33:15,18393.80,100,11815500
20221111,09:33:17,18393.50,950,11815500
20221111,09:33:17,18394.80,350,11815500
20221111,09:33:18,18393.50,950,11815500
20221111,09:33:19,18393.05,650,11815500
20221111,09:33:20,18393.00,1150,11815500
20221111,09:33:21,18392.00,450,11815500
20221111,09:33:22,18392.20,800,11815500
20221111,09:33:23,18390.35,650,11815500
20221111,09:33:24,18390.00,600,11815500
20221111,09:33:25,18389.10,2050,11815500
20221111,09:33:26,18388.50,350,11815500
20221111,09:33:27,18390.00,200,11815500
20221111,09:33:28,18389.80,400,11815500
20221111,09:33:29,18387.50,950,11815500
20221111,09:33:30,18388.55,1950,11815500
20221111,09:33:32,18388.15,800,11815500
20221111,09:33:33,18388.95,550,11815500
20221111,09:33:34,18389.80,350,11815500
20221111,09:33:35,18388.05,950,11815500
20221111,09:33:36,18388.55,950,11815500
20221111,09:33:37,18388.55,850,11815500
20221111,09:33:38,18388.55,300,11815500
20221111,09:33:39,18388.55,250,11815500
20221111,09:33:40,18387.35,350,11815500
20221111,09:33:41,18387.65,1750,11815500
20221111,09:33:42,18388.05,550,11815500
20221111,09:33:43,18388.05,150,11815500
20221111,09:33:44,18387.75,700,11815500
20221111,09:33:45,18387.55,1150,11815500
20221111,09:33:46,18388.10,1100,11815500
20221111,09:33:47,18388.75,4250,11815500
20221111,09:33:48,18390.00,800,11815500
20221111,09:33:49,18388.15,400,11815500
20221111,09:33:50,18388.80,750,11815500
20221111,09:33:51,18388.00,150,11815500
20221111,09:33:52,18388.00,100,11815500
20221111,09:33:53,18388.05,50,11815500
20221111,09:33:54,18388.00,700,11815500
20221111,09:33:55,18388.00,250,11815500
20221111,09:33:56,18388.80,600,11815500
20221111,09:33:57,18389.00,750,11815500
20221111,09:33:58,18388.00,300,11815500
20221111,09:33:59,18387.00,500,11815500
20221111,09:34:00,18387.50,700,11815500
20221111,09:34:01,18388.25,500,11815500
20221111,09:34:02,18389.20,1150,11815500
20221111,09:34:03,18388.00,2800,11815500
20221111,09:34:04,18389.90,750,11815500
20221111,09:34:05,18389.30,400,11815500
20221111,09:34:06,18390.00,1350,11815500
20221111,09:34:07,18390.00,950,11815500
20221111,09:34:08,18389.00,1300,11815500
20221111,09:34:09,18389.00,50,11815500
20221111,09:34:10,18389.70,1700,11815500
20221111,09:34:11,18389.90,650,11815500
20221111,09:34:12,18389.10,4300,11815500
20221111,09:34:13,18390.00,550,11815500
20221111,09:34:14,18389.05,450,11815500
20221111,09:34:15,18389.05,200,11815500
20221111,09:34:16,18389.40,850,11815500
20221111,09:34:17,18389.10,1450,11815500
20221111,09:34:18,18387.10,350,11815500
20221111,09:34:19,18390.00,2300,11815500
20221111,09:34:20,18388.00,200,11815500
20221111,09:34:21,18389.80,750,11815500
20221111,09:34:22,18388.85,750,11815500
20221111,09:34:23,18387.80,700,11815500
20221111,09:34:24,18386.70,300,11815500
20221111,09:34:26,18389.95,2150,11815500
20221111,09:34:27,18388.00,1400,11815500
20221111,09:34:28,18386.55,1550,11815500
20221111,09:34:29,18385.80,1450,11815500
20221111,09:34:30,18385.60,1300,11815500
20221111,09:34:31,18385.00,1100,11815500
20221111,09:34:32,18384.30,400,11815500
20221111,09:34:33,18384.85,200,11815500
20221111,09:34:34,18385.10,1900,11815500
20221111,09:34:35,18383.40,500,11815500
20221111,09:34:36,18384.95,400,11815500
20221111,09:34:37,18384.15,1850,11815500
20221111,09:34:38,18382.00,850,11815500
20221111,09:34:39,18382.95,500,11815500
20221111,09:34:40,18383.00,2300,11815500
20221111,09:34:41,18383.00,200,11815500
20221111,09:34:42,18383.00,800,11815500
20221111,09:34:43,18382.00,1250,11815500
20221111,09:34:44,18382.90,450,11815500
20221111,09:34:45,18382.00,3500,11815500
20221111,09:34:46,18382.40,2250,11815500
20221111,09:34:47,18383.00,1050,11815500
20221111,09:34:48,18382.50,1200,11815500
20221111,09:34:49,18383.00,1900,11815500
20221111,09:34:50,18382.00,550,11815500
20221111,09:34:51,18382.00,750,11815500
20221111,09:34:52,18382.95,1850,11815500
20221111,09:34:53,18382.85,1350,11815500
20221111,09:34:54,18383.05,1700,11815500
20221111,09:34:55,18383.30,950,11815500
20221111,09:34:56,18384.45,950,11815500
20221111,09:34:57,18385.00,150,11815500
20221111,09:34:58,18384.95,350,11815500
20221111,09:34:59,18383.10,400,11815500
20221111,09:35:00,18383.00,400,11815500
20221111,09:35:01,18382.00,2200,11815500
20221111,09:35:02,18383.40,1200,11815500
20221111,09:35:03,18382.80,600,11815500
20221111,09:35:04,18382.30,900,11815500
20221111,09:35:06,18382.10,1050,11815500
20221111,09:35:07,18382.45,400,11815500
20221111,09:35:08,18382.10,350,11815500
20221111,09:35:09,18381.10,300,11815500
20221111,09:35:10,18380.95,700,11815500
20221111,09:35:11,18381.25,400,11815500
20221111,09:35:12,18381.55,1050,11815500
20221111,09:35:13,18381.30,450,11815500
20221111,09:35:14,18381.80,850,11815500
20221111,09:35:15,18380.80,300,11815500
20221111,09:35:16,18381.80,4000,11815500
20221111,09:35:17,18381.70,4200,11815500
20221111,09:35:18,18380.95,800,11815500
20221111,09:35:19,18381.85,450,11815500
20221111,09:35:20,18380.90,650,11815500
20221111,09:35:21,18381.25,50,11815500
20221111,09:35:22,18380.40,350,11876050
20221111,09:35:23,18380.35,650,11876050
20221111,09:35:25,18380.20,1600,11876050
20221111,09:35:26,18380.75,200,11876050
20221111,09:35:27,18380.00,750,11876050
20221111,09:35:28,18380.00,3250,11876050
20221111,09:35:29,18378.45,350,11876050
20221111,09:35:30,18379.00,300,11876050
20221111,09:35:31,18379.00,50,11876050
20221111,09:35:32,18378.90,600,11876050
20221111,09:35:33,18379.35,900,11876050
20221111,09:35:34,18379.35,500,11876050
20221111,09:35:35,18379.45,1050,11876050
20221111,09:35:36,18378.35,600,11876050
20221111,09:35:37,18379.85,500,11876050
20221111,09:35:38,18378.80,300,11876050
20221111,09:35:39,18379.70,850,11876050
20221111,09:35:40,18380.00,350,11876050
20221111,09:35:41,18379.60,350,11876050
20221111,09:35:42,18379.75,50,11876050
20221111,09:35:43,18379.50,250,11876050
20221111,09:35:44,18379.50,950,11876050
20221111,09:35:45,18380.00,2350,11876050
20221111,09:35:47,18379.75,600,11876050
20221111,09:35:47,18379.95,250,11876050
20221111,09:35:48,18380.75,1150,11876050
20221111,09:35:49,18380.95,450,11876050
20221111,09:35:50,18380.15,400,11876050
20221111,09:35:52,18380.00,250,11876050
20221111,09:35:53,18379.75,600,11876050
20221111,09:35:54,18379.00,950,11876050
20221111,09:35:55,18380.00,550,11876050
20221111,09:35:56,18380.60,1200,11876050
20221111,09:35:58,18379.75,1350,11876050
20221111,09:35:58,18380.00,200,11876050
20221111,09:35:59,18380.25,50,11876050
20221111,09:36:00,18379.30,900,11876050
20221111,09:36:01,18378.10,600,11876050
20221111,09:36:03,18379.30,650,11876050
20221111,09:36:04,18377.50,400,11876050
20221111,09:36:05,18376.25,500,11876050
20221111,09:36:06,18377.00,750,11876050
20221111,09:36:08,18376.25,1550,11876050
20221111,09:36:08,18375.00,50,11876050
20221111,09:36:09,18376.20,1150,11876050
20221111,09:36:10,18376.00,1750,11876050
20221111,09:36:11,18375.00,250,11876050
20221111,09:36:12,18375.60,350,11876050
20221111,09:36:14,18376.20,2950,11876050
20221111,09:36:15,18376.10,300,11876050
20221111,09:36:16,18377.25,1550,11876050
20221111,09:36:17,18377.55,200,11876050
20221111,09:36:18,18377.60,400,11876050
20221111,09:36:19,18377.50,250,11876050
20221111,09:36:20,18377.55,1700,11876050
20221111,09:36:21,18377.50,200,11876050
20221111,09:36:22,18377.25,500,11876050
20221111,09:36:23,18377.00,1500,11876050
20221111,09:36:24,18376.95,950,11876050
20221111,09:36:25,18377.30,2350,11876050
20221111,09:36:26,18377.65,3050,11876050
20221111,09:36:27,18378.90,550,11876050
20221111,09:36:28,18378.95,200,11876050
20221111,09:36:29,18379.15,2650,11876050
20221111,09:36:30,18379.10,900,11876050
20221111,09:36:31,18379.40,500,11876050
20221111,09:36:32,18378.80,150,11876050
20221111,09:36:33,18377.75,450,11876050
20221111,09:36:34,18377.90,1000,11876050
20221111,09:36:35,18378.00,200,11876050
20221111,09:36:36,18378.40,750,11876050
20221111,09:36:37,18379.05,550,11876050
20221111,09:36:38,18378.40,950,11876050
20221111,09:36:40,18378.40,350,11876050
20221111,09:36:41,18379.70,400,11876050
20221111,09:36:42,18378.35,1200,11876050
20221111,09:36:43,18379.15,300,11876050
20221111,09:36:43,18379.25,200,11876050
20221111,09:36:44,18380.00,800,11876050
20221111,09:36:45,18380.00,400,11876050
20221111,09:36:46,18379.65,1600,11876050
20221111,09:36:47,18380.85,350,11876050
20221111,09:36:48,18380.00,550,11876050
20221111,09:36:49,18380.00,450,11876050
20221111,09:36:51,18380.10,150,11876050
20221111,09:36:52,18380.60,350,11876050
20221111,09:36:52,18379.50,250,11876050
20221111,09:36:53,18380.45,250,11876050
20221111,09:36:54,18379.00,450,11876050
20221111,09:36:55,18377.85,650,11876050
20221111,09:36:56,18378.00,500,11876050
20221111,09:36:57,18378.00,250,11876050
20221111,09:36:59,18377.30,600,11876050
20221111,09:37:00,18377.35,150,11876050
20221111,09:37:01,18378.00,1750,11876050
20221111,09:37:02,18378.95,600,11876050
20221111,09:37:03,18378.10,300,11876050
20221111,09:37:04,18379.15,3050,11876050
20221111,09:37:05,18379.05,400,11876050
20221111,09:37:06,18380.85,2600,11876050
20221111,09:37:07,18381.00,350,11876050
20221111,09:37:08,18381.05,600,11876050
20221111,09:37:09,18380.45,300,11876050
20221111,09:37:10,18379.65,100,11876050
20221111,09:37:11,18379.35,400,11876050
20221111,09:37:12,18379.45,600,11876050
20221111,09:37:13,18379.55,250,11876050
20221111,09:37:14,18380.00,950,11876050
20221111,09:37:16,18379.65,800,11876050
20221111,09:37:17,18380.20,500,11876050
20221111,09:37:18,18379.90,350,11876050
20221111,09:37:19,18381.05,700,11876050
20221111,09:37:20,18380.00,12300,11876050
20221111,09:37:21,18379.95,5900,11876050
20221111,09:37:22,18380.00,3350,11876050
20221111,09:37:24,18380.00,1250,11876050
20221111,09:37:24,18380.00,700,11876050
20221111,09:37:25,18379.70,1650,11876050
20221111,09:37:26,18380.20,2100,11876050
20221111,09:37:27,18380.20,550,11876050
20221111,09:37:28,18380.10,700,11876050
20221111,09:37:29,18381.05,1450,11876050
20221111,09:37:31,18382.00,250,11876050
20221111,09:37:31,18382.10,50,11876050
20221111,09:37:32,18383.90,400,11876050
20221111,09:37:33,18381.10,600,11876050
20221111,09:37:35,18382.65,1400,11876050
20221111,09:37:37,18383.75,250,11876050
20221111,09:37:37,18382.90,250,11876050
20221111,09:37:38,18385.00,1800,11876050
20221111,09:37:39,18384.00,250,11876050
20221111,09:37:40,18384.50,100,11876050
20221111,09:37:41,18385.00,1050,11876050
20221111,09:37:43,18384.70,300,11876050
20221111,09:37:43,18385.00,700,11876050
20221111,09:37:44,18383.90,50,11876050
20221111,09:37:45,18384.85,150,11876050
20221111,09:37:47,18384.65,850,11876050
20221111,09:37:48,18385.00,1150,11876050
20221111,09:37:50,18385.25,1100,11876050
20221111,09:37:50,18385.30,50,11876050
20221111,09:37:51,18386.00,300,11876050
20221111,09:37:52,18386.10,250,11876050
20221111,09:37:53,18388.00,1650,11876050
20221111,09:37:54,18387.40,950,11876050
20221111,09:37:56,18388.00,1350,11876050
20221111,09:37:56,18387.40,50,11876050
20221111,09:37:57,18388.00,250,11876050
20221111,09:37:58,18388.05,700,11876050
20221111,09:37:59,18388.70,300,11876050
20221111,09:38:00,18388.95,250,11876050
20221111,09:38:01,18387.50,900,11876050
20221111,09:38:02,18386.95,350,11876050
20221111,09:38:03,18387.25,400,11876050
20221111,09:38:04,18387.15,350,11876050
20221111,09:38:05,18387.40,1000,11876050
20221111,09:38:06,18388.40,500,11876050
20221111,09:38:07,18388.90,550,11876050
20221111,09:38:08,18388.85,700,11876050
20221111,09:38:09,18389.00,500,11876050
20221111,09:38:11,18388.90,350,11876050
20221111,09:38:12,18389.40,1600,11876050
20221111,09:38:13,18389.95,600,11876050
20221111,09:38:13,18390.00,50,11876050
20221111,09:38:14,18390.00,350,11876050
20221111,09:38:15,18389.40,150,11876050
20221111,09:38:16,18389.90,100,11876050
20221111,09:38:18,18389.95,450,11876050
20221111,09:38:19,18390.00,900,11876050
20221111,09:38:20,18388.85,50,11876050
20221111,09:38:21,18389.40,250,11876050
20221111,09:38:23,18388.00,1150,11875550
20221111,09:38:24,18389.90,150,11875550
20221111,09:38:25,18388.75,500,11875550
20221111,09:38:26,18388.70,350,11875550
20221111,09:38:28,18388.40,250,11875550
20221111,09:38:29,18386.95,100,11875550
20221111,09:38:29,18388.05,300,11875550
20221111,09:38:30,18386.65,100,11875550
20221111,09:38:31,18386.35,50,11875550
20221111,09:38:32,18386.35,500,11875550
20221111,09:38:33,18386.15,250,11875550
20221111,09:38:34,18385.00,800,11875550
20221111,09:38:35,18385.00,650,11875550
20221111,09:38:37,18384.80,650,11875550
20221111,09:38:38,18383.50,1150,11875550
20221111,09:38:39,18382.05,400,11875550
20221111,09:38:40,18382.45,550,11875550
20221111,09:38:42,18382.25,450,11875550
20221111,09:38:43,18384.70,450,11875550
20221111,09:38:44,18382.70,50,11875550
20221111,09:38:45,18384.00,550,11875550
20221111,09:38:46,18382.25,1700,11875550
20221111,09:38:47,18381.75,750,11875550
20221111,09:38:48,18382.45,50,11875550
20221111,09:38:49,18380.20,600,11875550
20221111,09:38:50,18380.00,300,11875550
20221111,09:38:51,18380.00,300,11875550
20221111,09:38:52,18379.00,600,11875550
20221111,09:38:53,18379.85,700,11875550
20221111,09:38:54,18377.70,100,11875550
20221111,09:38:55,18377.95,100,11875550
20221111,09:38:56,18379.80,1950,11875550
20221111,09:38:57,18378.75,800,11875550
20221111,09:38:58,18380.00,1400,11875550
20221111,09:38:59,18379.25,250,11875550
20221111,09:39:00,18381.80,750,11875550
20221111,09:39:01,18382.00,600,11875550
20221111,09:39:02,18382.65,850,11875550
20221111,09:39:03,18383.30,1850,11875550
20221111,09:39:04,18381.20,650,11875550
20221111,09:39:05,18381.75,150,11875550
20221111,09:39:06,18381.10,50,11875550
20221111,09:39:07,18380.70,150,11875550
20221111,09:39:08,18380.30,50,11875550
20221111,09:39:09,18380.00,350,11875550
20221111,09:39:10,18380.45,1000,11875550
20221111,09:39:11,18378.35,200,11875550
20221111,09:39:12,18379.90,500,11875550
20221111,09:39:14,18380.45,550,11875550
20221111,09:39:14,18380.25,550,11875550
20221111,09:39:15,18381.20,2300,11875550
20221111,09:39:16,18381.20,50,11875550
20221111,09:39:18,18380.80,500,11875550
20221111,09:39:19,18378.20,300,11875550
20221111,09:39:20,18380.80,500,11875550
20221111,09:39:21,18380.80,550,11875550
20221111,09:39:22,18380.10,400,11875550
20221111,09:39:23,18380.60,300,11875550
20221111,09:39:24,18380.80,550,11875550
20221111,09:39:25,18381.00,300,11875550
20221111,09:39:26,18380.50,650,11875550
20221111,09:39:27,18380.15,600,11875550
20221111,09:39:28,18381.60,1950,11875550
20221111,09:39:28,18381.55,200,11875550
20221111,09:39:29,18380.10,450,11875550
20221111,09:39:30,18379.00,300,11875550
20221111,09:39:31,18380.70,200,11875550
20221111,09:39:32,18380.75,750,11875550
20221111,09:39:33,18383.20,2200,11875550
20221111,09:39:34,18380.90,900,11875550
20221111,09:39:36,18382.85,600,11875550
20221111,09:39:37,18380.50,300,11875550
20221111,09:39:38,18383.05,1000,11875550
20221111,09:39:38,18380.55,250,11875550
20221111,09:39:39,18382.65,1300,11875550
20221111,09:39:40,18382.50,350,11875550
20221111,09:39:42,18382.50,450,11875550
20221111,09:39:43,18381.80,1250,11875550
20221111,09:39:44,18382.70,200,11875550
20221111,09:39:45,18383.85,1250,11875550
20221111,09:39:46,18381.60,700,11875550
20221111,09:39:47,18381.95,900,11875550
20221111,09:39:48,18383.45,50,11875550
20221111,09:39:49,18384.15,800,11875550
20221111,09:39:50,18381.80,200,11875550
20221111,09:39:51,18384.35,1150,11875550
20221111,09:39:52,18384.00,1350,11875550
20221111,09:39:53,18382.80,500,11875550
20221111,09:39:55,18384.45,250,11875550
20221111,09:39:56,18382.25,750,11875550
20221111,09:39:57,18384.60,200,11875550
20221111,09:39:58,18384.65,1900,11875550
20221111,09:39:59,18382.75,1150,11875550
20221111,09:40:00,18381.55,650,11875550
20221111,09:40:01,18381.95,300,11875550
20221111,09:40:02,18382.45,2300,11875550
20221111,09:40:04,18382.90,2050,11875550
20221111,09:40:05,18379.50,350,11875550
20221111,09:40:06,18379.30,400,11875550
20221111,09:40:07,18379.25,650,11875550
20221111,09:40:09,18378.00,3050,11875550
20221111,09:40:10,18379.25,3300,11875550
20221111,09:40:10,18379.25,50,11875550
20221111,09:40:11,18378.60,950,11875550
20221111,09:40:12,18377.70,1000,11875550
20221111,09:40:13,18378.15,450,11875550
20221111,09:40:14,18377.05,100,11875550
20221111,09:40:15,18379.20,900,11875550
20221111,09:40:16,18377.35,900,11875550
20221111,09:40:17,18377.00,750,11875550
20221111,09:40:18,18377.40,850,11875550
20221111,09:40:19,18378.10,300,11875550
20221111,09:40:20,18378.00,650,11875550
20221111,09:40:21,18378.00,550,11875550
20221111,09:40:22,18377.00,1150,11875550
20221111,09:40:23,18377.00,1550,11875550
20221111,09:40:24,18377.60,1150,11875550
20221111,09:40:25,18376.65,1100,11875550
20221111,09:40:26,18378.40,250,11875550
20221111,09:40:27,18378.15,50,11875550
20221111,09:40:28,18378.50,2200,11875550
20221111,09:40:29,18375.80,100,11875550
20221111,09:40:31,18376.95,300,11875550
20221111,09:40:32,18377.35,700,11875550
20221111,09:40:33,18375.45,450,11875550
20221111,09:40:34,18378.00,1000,11875550
20221111,09:40:35,18376.90,900,11875550
20221111,09:40:36,18377.10,650,11875550
20221111,09:40:37,18377.10,50,11875550
20221111,09:40:38,18377.10,100,11875550
20221111,09:40:39,18377.10,500,11875550
20221111,09:40:40,18375.70,200,11875550
20221111,09:40:41,18377.10,50,11875550
20221111,09:40:42,18377.10,250,11875550
20221111,09:40:43,18376.15,250,11875550
20221111,09:40:45,18375.20,5400,11875550
20221111,09:40:46,18375.55,200,11875550
20221111,09:40:47,18376.60,550,11875550
20221111,09:40:48,18376.95,600,11875550
20221111,09:40:50,18375.40,500,11875550
20221111,09:40:50,18375.35,400,11875550
20221111,09:40:51,18375.25,6250,11875550
20221111,09:40:52,18375.00,1450,11875550
20221111,09:40:54,18373.90,150,11875550
20221111,09:40:54,18372.15,2150,11875550
20221111,09:40:55,18372.05,3700,11875550
20221111,09:40:56,18374.95,700,11875550
20221111,09:40:57,18372.70,3800,11875550
20221111,09:40:59,18371.75,4850,11875550
20221111,09:41:00,18370.25,1050,11875550
20221111,09:41:01,18372.05,450,11875550
20221111,09:41:02,18372.05,350,11875550
20221111,09:41:03,18373.40,400,11875550
20221111,09:41:04,18371.40,2300,11875550
20221111,09:41:05,18370.30,300,11875550
20221111,09:41:06,18372.00,150,11875550
20221111,09:41:07,18372.05,300,11875550
20221111,09:41:08,18372.80,350,11875550
20221111,09:41:09,18372.80,600,11875550
20221111,09:41:10,18372.80,100,11875550
20221111,09:41:11,18373.55,250,11875550
20221111,09:41:12,18372.80,450,11875550
20221111,09:41:13,18372.05,50,11875550
20221111,09:41:14,18372.80,100,11875550
20221111,09:41:15,18371.45,50,11875550
20221111,09:41:17,18372.80,650,11875550
20221111,09:41:18,18374.35,400,11875550
20221111,09:41:19,18372.80,150,11875550
20221111,09:41:20,18371.95,750,11875550
20221111,09:41:21,18373.00,600,11875550
20221111,09:41:21,18373.00,50,11875550
20221111,09:41:23,18373.15,200,11875550
20221111,09:41:24,18372.65,200,11886850
20221111,09:41:25,18371.20,100,11886850
20221111,09:41:26,18372.60,600,11886850
20221111,09:41:27,18372.90,400,11886850
20221111,09:41:28,18372.80,800,11886850
20221111,09:41:28,18371.15,100,11886850
20221111,09:41:29,18371.55,650,11886850
20221111,09:41:31,18371.25,800,11886850
20221111,09:41:32,18370.20,950,11886850
20221111,09:41:33,18370.20,600,11886850
20221111,09:41:34,18370.35,1850,11886850
20221111,09:41:35,18370.20,100,11886850
20221111,09:41:37,18370.00,2500,11886850
20221111,09:41:38,18370.00,1050,11886850
20221111,09:41:39,18368.50,2600,11886850
20221111,09:41:39,18368.10,100,11886850
20221111,09:41:40,18368.50,300,11886850
20221111,09:41:42,18368.00,1300,11886850
20221111,09:41:43,18368.55,1300,11886850
20221111,09:41:44,18368.70,1700,11886850
20221111,09:41:45,18369.95,850,11886850
20221111,09:41:46,18370.55,2350,11886850
20221111,09:41:48,18370.90,1000,11886850
20221111,09:41:49,18371.00,1950,11886850
20221111,09:41:50,18370.25,800,11886850
20221111,09:41:50,18370.85,150,11886850
20221111,09:41:51,18369.00,1900,11886850
20221111,09:41:53,18370.00,200,11886850
20221111,09:41:54,18370.35,300,11886850
20221111,09:41:55,18370.00,2200,11886850
20221111,09:41:56,18368.75,200,11886850
20221111,09:41:57,18371.30,950,11886850
20221111,09:41:59,18372.00,850,11886850
20221111,09:42:00,18371.70,1350,11886850
20221111,09:42:01,18370.50,750,11886850
20221111,09:42:01,18369.00,600,11886850
20221111,09:42:02,18370.35,550,11886850
20221111,09:42:03,18369.80,1000,11886850
20221111,09:42:05,18370.45,50,11886850
20221111,09:42:06,18370.25,850,11886850
20221111,09:42:07,18371.35,2000,11886850
20221111,09:42:07,18371.95,50,11886850
20221111,09:42:08,18371.50,250,11886850
20221111,09:42:10,18372.45,350,11886850
20221111,09:42:11,18370.80,750,11886850
20221111,09:42:12,18370.85,150,11886850
20221111,09:42:12,18370.85,50,11886850
20221111,09:42:13,18372.00,350,11886850
20221111,09:42:15,18372.05,500,11886850
20221111,09:42:16,18372.40,350,11886850
20221111,09:42:17,18373.55,450,11886850
20221111,09:42:18,18372.00,850,11886850
20221111,09:42:19,18372.20,350,11886850
20221111,09:42:20,18372.75,300,11886850
20221111,09:42:21,18372.40,350,11886850
20221111,09:42:22,18372.60,250,11886850
20221111,09:42:23,18372.90,550,11886850
20221111,09:42:24,18374.95,750,11886850
20221111,09:42:25,18375.40,2200,11886850
20221111,09:42:26,18376.20,1250,11886850
20221111,09:42:27,18378.00,500,11886850
20221111,09:42:28,18377.95,400,11886850
20221111,09:42:29,18376.90,150,11886850
20221111,09:42:30,18376.95,250,11886850
20221111,09:42:31,18376.20,750,11886850
20221111,09:42:32,18375.95,200,11886850
20221111,09:42:33,18374.15,700,11886850
20221111,09:42:34,18374.00,700,11886850
20221111,09:42:35,18372.80,400,11886850
20221111,09:42:36,18376.00,200,11886850
20221111,09:42:37,18375.55,150,11886850
20221111,09:42:38,18375.00,100,11886850
20221111,09:42:39,18376.00,450,11886850
20221111,09:42:40,18375.60,1050,11886850
20221111,09:42:41,18375.00,250,11886850
20221111,09:42:43,18376.20,450,11886850
20221111,09:42:43,18376.20,500,11886850
20221111,09:42:44,18375.95,900,11886850
20221111,09:42:45,18375.00,1350,11886850
20221111,09:42:46,18375.65,150,11886850
20221111,09:42:48,18376.90,600,11886850
20221111,09:42:49,18376.90,50,11886850
20221111,09:42:51,18375.45,1300,11886850
20221111,09:42:52,18375.00,250,11886850
20221111,09:42:53,18376.85,350,11886850
20221111,09:42:54,18375.15,250,11886850
20221111,09:42:55,18376.30,750,11886850
20221111,09:42:57,18375.95,50,11886850
20221111,09:42:58,18376.35,300,11886850
20221111,09:43:00,18376.15,250,11886850
20221111,09:43:01,18376.30,650,11886850
20221111,09:43:02,18375.55,250,11886850
20221111,09:43:03,18375.60,250,11886850
20221111,09:43:04,18375.80,950,11886850
20221111,09:43:05,18374.30,200,11886850
20221111,09:43:06,18376.90,2150,11886850
20221111,09:43:07,18375.20,250,11886850
20221111,09:43:08,18375.30,600,11886850
20221111,09:43:09,18375.40,100,11886850
20221111,09:43:10,18376.00,100,11886850
20221111,09:43:11,18375.05,2450,11886850
20221111,09:43:12,18376.45,50,11886850
20221111,09:43:13,18376.00,300,11886850
20221111,09:43:14,18376.25,750,11886850
20221111,09:43:15,18376.80,550,11886850
20221111,09:43:16,18376.40,600,11886850
20221111,09:43:17,18376.70,350,11886850
20221111,09:43:18,18378.00,1200,11886850
20221111,09:43:19,18377.00,150,11886850
20221111,09:43:20,18377.45,450,11886850
20221111,09:43:22,18376.00,350,11886850
20221111,09:43:23,18376.00,750,11886850
20221111,09:43:25,18374.85,250,11886850
20221111,09:43:26,18375.25,750,11886850
20221111,09:43:26,18376.30,50,11886850
20221111,09:43:27,18376.00,250,11886850
20221111,09:43:29,18376.45,100,11886850
20221111,09:43:30,18377.00,2400,11886850
20221111,09:43:31,18376.70,1650,11886850
20221111,09:43:32,18377.30,450,11886850
20221111,09:43:32,18377.30,100,11886850
20221111,09:43:33,18377.30,100,11886850
20221111,09:43:35,18375.80,200,11886850
20221111,09:43:36,18376.75,200,11886850
20221111,09:43:37,18376.70,100,11886850
20221111,09:43:38,18376.70,350,11886850
20221111,09:43:38,18376.95,100,11886850
20221111,09:43:40,18376.70,300,11886850
20221111,09:43:41,18376.00,250,11886850
20221111,09:43:42,18375.00,150,11886850
20221111,09:43:43,18374.60,1100,11886850
20221111,09:43:44,18373.80,2850,11886850
20221111,09:43:46,18372.85,750,11886850
20221111,09:43:47,18372.85,100,11886850
20221111,09:43:48,18372.05,450,11886850
20221111,09:43:49,18372.05,150,11886850
20221111,09:43:52,18372.45,100,11886850
20221111,09:43:53,18372.80,150,11886850
20221111,09:43:54,18372.05,550,11886850
20221111,09:43:55,18372.00,150,11886850
20221111,09:43:55,18372.05,550,11886850
20221111,09:43:57,18371.90,350,11886850
20221111,09:43:58,18371.20,2150,11886850
20221111,09:44:00,18370.10,600,11886850
20221111,09:44:01,18370.50,250,11886850
20221111,09:44:01,18370.80,50,11886850
20221111,09:44:03,18370.00,1250,11886850
20221111,09:44:04,18370.85,750,11886850
20221111,09:44:05,18370.30,650,11886850
20221111,09:44:06,18370.70,200,11886850
20221111,09:44:07,18370.80,1600,11886850
20221111,09:44:07,18371.10,200,11886850
20221111,09:44:08,18371.00,300,11886850
20221111,09:44:10,18371.05,450,11886850
20221111,09:44:11,18371.00,450,11886850
20221111,09:44:12,18371.00,1000,11886850
20221111,09:44:13,18371.00,350,11886850
20221111,09:44:13,18371.00,100,11886850
20221111,09:44:14,18370.95,1500,11886850
20221111,09:44:15,18370.40,350,11886850
20221111,09:44:16,18370.20,100,11886850
20221111,09:44:17,18370.60,300,11886850
20221111,09:44:19,18370.10,750,11886850
20221111,09:44:19,18369.10,1050,11886850
20221111,09:44:20,18368.90,800,11886850
20221111,09:44:21,18368.15,100,11886850
20221111,09:44:22,18368.65,200,11886850
20221111,09:44:23,18369.05,150,11894900
20221111,09:44:24,18368.80,100,11894900
20221111,09:44:25,18368.80,450,11894900
20221111,09:44:26,18367.85,2300,11894900
20221111,09:44:27,18368.35,150,11894900
20221111,09:44:28,18367.60,350,11894900
20221111,09:44:29,18367.00,50,11894900
20221111,09:44:30,18367.00,200,11894900
20221111,09:44:31,18366.75,700,11894900
20221111,09:44:33,18367.70,2000,11894900
20221111,09:44:34,18367.05,10150,11894900
20221111,09:44:35,18367.75,450,11894900
20221111,09:44:36,18368.05,1050,11894900
20221111,09:44:37,18368.90,1900,11894900
20221111,09:44:38,18368.90,1050,11894900
20221111,09:44:39,18368.80,600,11894900
20221111,09:44:40,18368.05,400,11894900
20221111,09:44:41,18368.70,750,11894900
20221111,09:44:42,18368.35,400,11894900
20221111,09:44:43,18368.70,200,11894900
20221111,09:44:44,18368.55,550,11894900
20221111,09:44:45,18368.00,550,11894900
20221111,09:44:46,18368.90,300,11894900
20221111,09:44:47,18370.20,2050,11894900
20221111,09:44:48,18370.90,350,11894900
20221111,09:44:49,18370.40,900,11894900
20221111,09:44:50,18370.45,100,11894900
20221111,09:44:50,18370.65,50,11894900
20221111,09:44:51,18370.65,150,11894900
20221111,09:44:53,18370.65,150,11894900
20221111,09:44:54,18370.10,250,11894900
20221111,09:44:55,18370.30,900,11894900
20221111,09:44:56,18371.10,1100,11894900
20221111,09:44:57,18370.35,1300,11894900
20221111,09:44:58,18371.15,150,11894900
20221111,09:44:59,18370.55,750,11894900
20221111,09:45:00,18371.60,800,11894900
20221111,09:45:01,18372.05,2850,11894900
20221111,09:45:02,18371.75,350,11894900
20221111,09:45:03,18371.05,50,11894900
20221111,09:45:04,18369.75,250,11894900
20221111,09:45:05,18369.50,400,11894900
20221111,09:45:06,18370.05,700,11894900
20221111,09:45:07,18370.90,150,11894900
20221111,09:45:08,18370.10,150,11894900
20221111,09:45:10,18370.00,300,11894900
20221111,09:45:11,18369.75,150,11894900
20221111,09:45:12,18370.35,1100,11894900
20221111,09:45:13,18370.35,150,11894900
20221111,09:45:14,18370.10,200,11894900
20221111,09:45:15,18370.40,200,11894900
20221111,09:45:16,18370.80,250,11894900
20221111,09:45:17,18371.70,1700,11894900
20221111,09:45:18,18371.75,200,11894900
20221111,09:45:19,18371.65,150,11894900
20221111,09:45:20,18372.40,300,11894900
20221111,09:45:21,18373.95,300,11894900
20221111,09:45:23,18373.80,350,11894900
20221111,09:45:24,18375.10,2200,11894900
20221111,09:45:25,18375.00,550,11894900
20221111,09:45:26,18375.20,200,11894900
20221111,09:45:27,18375.80,650,11894900
20221111,09:45:29,18375.00,200,11894900
20221111,09:45:30,18375.95,200,11894900
20221111,09:45:31,18375.95,300,11894900
20221111,09:45:32,18375.85,100,11894900
20221111,09:45:33,18376.75,550,11894900
20221111,09:45:34,18376.85,1050,11894900
20221111,09:45:35,18375.85,250,11894900
20221111,09:45:37,18376.00,50,11894900
20221111,09:45:38,18378.20,2900,11894900
20221111,09:45:39,18376.95,850,11894900
20221111,09:45:40,18376.00,50,11894900
20221111,09:45:42,18378.00,200,11894900
20221111,09:45:43,18378.90,100,11894900
20221111,09:45:44,18377.50,300,11894900
20221111,09:45:45,18377.45,350,11894900
20221111,09:45:46,18376.40,100,11894900
20221111,09:45:48,18376.90,100,11894900
20221111,09:45:49,18376.95,550,11894900
20221111,09:45:51,18376.05,600,11894900
20221111,09:45:53,18376.00,50,11894900
20221111,09:45:54,18375.95,750,11894900
20221111,09:45:55,18374.35,500,11894900
20221111,09:45:56,18375.95,300,11894900
20221111,09:45:57,18376.00,350,11894900
20221111,09:45:58,18375.95,100,11894900
20221111,09:45:59,18376.00,100,11894900
20221111,09:46:00,18375.20,1150,11894900
20221111,09:46:01,18375.00,950,11894900
20221111,09:46:02,18375.55,600,11894900
20221111,09:46:03,18375.10,100,11894900
20221111,09:46:04,18374.40,50,11894900
20221111,09:46:05,18374.70,350,11894900
20221111,09:46:06,18373.00,600,11894900
20221111,09:46:07,18372.00,250,11894900
20221111,09:46:08,18371.60,1000,11894900
20221111,09:46:09,18372.95,500,11894900
20221111,09:46:10,18372.95,900,11894900
20221111,09:46:12,18375.55,500,11894900
20221111,09:46:13,18376.00,750,11894900
20221111,09:46:14,18375.85,100,11894900
20221111,09:46:15,18375.85,350,11894900
20221111,09:46:16,18375.90,300,11894900
20221111,09:46:17,18374.00,500,11894900
20221111,09:46:18,18374.00,200,11894900
20221111,09:46:20,18374.00,300,11894900
20221111,09:46:21,18372.60,1050,11894900
20221111,09:46:23,18372.05,50,11894900
20221111,09:46:24,18372.40,300,11894900
20221111,09:46:25,18374.40,900,11894900
20221111,09:46:27,18374.45,250,11894900
20221111,09:46:28,18374.10,150,11894900
20221111,09:46:29,18374.10,250,11894900
20221111,09:46:30,18372.80,450,11894900
20221111,09:46:32,18374.00,50,11894900
20221111,09:46:33,18373.80,50,11894900
20221111,09:46:34,18373.10,450,11894900
20221111,09:46:35,18372.60,350,11894900
20221111,09:46:36,18371.90,800,11894900
20221111,09:46:37,18372.10,800,11894900
20221111,09:46:38,18372.10,150,11894900
20221111,09:46:39,18372.85,1000,11894900
20221111,09:46:40,18372.60,1700,11894900
20221111,09:46:41,18372.60,2000,11894900
20221111,09:46:42,18373.10,600,11894900
20221111,09:46:44,18372.10,300,11894900
20221111,09:46:45,18372.05,700,11894900
20221111,09:46:46,18370.85,550,11894900
20221111,09:46:48,18371.65,400,11894900
20221111,09:46:49,18371.00,900,11894900
20221111,09:46:51,18370.05,550,11894900
20221111,09:46:52,18369.00,1150,11894900
20221111,09:46:53,18369.00,100,11894900
20221111,09:46:54,18369.00,150,11894900
20221111,09:46:55,18368.80,600,11894900
20221111,09:46:56,18369.15,50,11894900
20221111,09:46:57,18369.45,350,11894900
20221111,09:46:58,18369.30,100,11894900
20221111,09:46:59,18369.30,300,11894900
20221111,09:47:00,18369.85,150,11894900
20221111,09:47:01,18369.90,350,11894900
20221111,09:47:02,18370.80,800,11894900
20221111,09:47:03,18370.80,350,11894900
20221111,09:47:04,18370.75,800,11894900
20221111,09:47:05,18370.80,450,11894900
20221111,09:47:06,18370.85,350,11894900
20221111,09:47:07,18371.20,1100,11894900
20221111,09:47:08,18371.20,150,11894900
20221111,09:47:09,18371.20,150,11894900
20221111,09:47:10,18371.40,100,11894900
20221111,09:47:11,18371.55,200,11894900
20221111,09:47:12,18371.90,200,11894900
20221111,09:47:13,18372.20,150,11894900
20221111,09:47:14,18372.30,400,11894900
20221111,09:47:15,18371.95,650,11894900
20221111,09:47:16,18372.45,1700,11894900
20221111,09:47:17,18372.45,50,11894900
20221111,09:47:18,18371.40,600,11894900
20221111,09:47:20,18371.85,100,11894900
20221111,09:47:20,18371.20,50,11894900
20221111,09:47:21,18371.55,350,11894900
20221111,09:47:22,18371.20,500,11894900
20221111,09:47:23,18371.20,250,11894900
20221111,09:47:24,18371.45,250,11898350
20221111,09:47:26,18371.50,250,11898350
20221111,09:47:26,18371.80,50,11898350
20221111,09:47:27,18371.40,450,11898350
20221111,09:47:28,18370.00,500,11898350
20221111,09:47:29,18369.00,150,11898350
20221111,09:47:30,18368.95,500,11898350
20221111,09:47:31,18368.50,300,11898350
20221111,09:47:32,18368.85,100,11898350
20221111,09:47:33,18368.20,150,11898350
20221111,09:47:35,18368.40,700,11898350
20221111,09:47:36,18368.90,750,11898350
20221111,09:47:37,18369.85,450,11898350
20221111,09:47:38,18368.75,200,11898350
20221111,09:47:41,18369.45,250,11898350
20221111,09:47:42,18369.40,250,11898350
20221111,09:47:43,18369.60,150,11898350
20221111,09:47:44,18368.50,250,11898350
20221111,09:47:46,18368.40,100,11898350
20221111,09:47:46,18368.90,300,11898350
20221111,09:47:47,18369.40,200,11898350
20221111,09:47:48,18368.70,300,11898350
20221111,09:47:49,18369.00,350,11898350
20221111,09:47:50,18368.65,950,11898350
20221111,09:47:52,18368.25,100,11898350
20221111,09:47:53,18368.55,200,11898350
20221111,09:47:54,18369.25,550,11898350
20221111,09:47:55,18369.20,200,11898350
20221111,09:47:57,18369.20,100,11898350
20221111,09:47:58,18369.30,200,11898350
20221111,09:47:59,18369.25,50,11898350
20221111,09:48:00,18368.50,100,11898350
20221111,09:48:02,18369.20,100,11898350
20221111,09:48:02,18369.10,300,11898350
20221111,09:48:03,18368.25,150,11898350
20221111,09:48:05,18364.50,19050,11898350
20221111,09:48:06,18364.05,100,11898350
20221111,09:48:08,18363.00,250,11898350
20221111,09:48:09,18363.00,1550,11898350
20221111,09:48:10,18363.05,550,11898350
20221111,09:48:11,18363.05,350,11898350
20221111,09:48:13,18362.45,600,11898350
20221111,09:48:13,18362.25,50,11898350
20221111,09:48:14,18362.00,750,11898350
20221111,09:48:15,18363.35,1850,11898350
20221111,09:48:16,18363.20,150,11898350
20221111,09:48:17,18362.00,350,11898350
20221111,09:48:19,18363.10,100,11898350
20221111,09:48:19,18362.95,50,11898350
20221111,09:48:20,18362.00,100,11898350
20221111,09:48:21,18362.00,1000,11898350
20221111,09:48:22,18362.00,300,11898350
20221111,09:48:23,18362.20,700,11898350
20221111,09:48:25,18361.30,50,11898350
20221111,09:48:25,18361.25,150,11898350
20221111,09:48:26,18362.00,2100,11898350
20221111,09:48:27,18362.25,200,11898350
20221111,09:48:28,18362.00,350,11898350
20221111,09:48:30,18361.00,200,11898350
20221111,09:48:30,18361.00,50,11898350
20221111,09:48:31,18362.00,150,11898350
20221111,09:48:32,18362.00,450,11898350
20221111,09:48:33,18361.00,150,11898350
20221111,09:48:34,18360.20,750,11898350
20221111,09:48:36,18360.50,2800,11898350
20221111,09:48:37,18361.30,100,11898350
20221111,09:48:38,18361.35,1500,11898350
20221111,09:48:39,18361.00,1000,11898350
20221111,09:48:40,18361.35,400,11898350
20221111,09:48:42,18361.40,1200,11898350
20221111,09:48:43,18363.05,3800,11898350
20221111,09:48:44,18363.30,450,11898350
20221111,09:48:45,18363.80,100,11898350
20221111,09:48:46,18364.90,4000,11898350
20221111,09:48:48,18364.45,300,11898350
20221111,09:48:49,18364.10,250,11898350
20221111,09:48:50,18364.60,800,11898350
20221111,09:48:51,18365.40,450,11898350
20221111,09:48:53,18365.30,200,11898350
20221111,09:48:54,18366.00,850,11898350
20221111,09:48:57,18367.50,250,11898350
20221111,09:48:59,18366.45,400,11898350
20221111,09:49:00,18366.35,300,11898350
20221111,09:49:01,18366.40,800,11898350
20221111,09:49:02,18367.00,900,11898350
20221111,09:49:04,18367.10,300,11898350
20221111,09:49:05,18366.40,300,11898350
20221111,09:49:06,18367.20,1100,11898350
20221111,09:49:07,18368.20,200,11898350
20221111,09:49:08,18367.20,650,11898350
20221111,09:49:10,18366.80,400,11898350
20221111,09:49:10,18367.10,50,11898350
20221111,09:49:11,18367.20,200,11898350
20221111,09:49:12,18367.75,300,11898350
20221111,09:49:13,18367.20,1350,11898350
20221111,09:49:14,18367.05,150,11898350
20221111,09:49:15,18368.00,400,11898350
20221111,09:49:17,18368.65,1500,11898350
20221111,09:49:17,18369.20,550,11898350
20221111,09:49:18,18370.00,1700,11898350
20221111,09:49:19,18371.30,400,11898350
20221111,09:49:20,18371.95,850,11898350
20221111,09:49:22,18373.60,150,11898350
20221111,09:49:23,18374.00,1200,11898350
20221111,09:49:24,18374.00,550,11898350
20221111,09:49:25,18374.10,350,11898350
20221111,09:49:27,18375.00,1100,11898350
20221111,09:49:28,18375.20,550,11898350
20221111,09:49:28,18376.00,550,11898350
20221111,09:49:29,18376.05,1000,11898350
20221111,09:49:30,18378.00,200,11898350
20221111,09:49:32,18378.70,750,11898350
20221111,09:49:33,18379.95,3350,11898350
20221111,09:49:33,18379.95,50,11898350
20221111,09:49:34,18379.95,200,11898350
20221111,09:49:35,18380.00,1450,11898350
20221111,09:49:36,18381.00,2250,11898350
20221111,09:49:38,18381.00,700,11898350
20221111,09:49:39,18380.90,600,11898350
20221111,09:49:39,18381.45,100,11898350
20221111,09:49:40,18380.05,1800,11898350
20221111,09:49:41,18380.00,300,11898350
20221111,09:49:43,18380.00,250,11898350
20221111,09:49:44,18379.40,1150,11898350
20221111,09:49:45,18382.00,300,11898350
20221111,09:49:46,18380.75,1000,11898350
20221111,09:49:47,18380.75,200,11898350
20221111,09:49:49,18382.65,400,11898350
20221111,09:49:50,18382.90,200,11898350
20221111,09:49:50,18382.85,50,11898350
20221111,09:49:51,18382.90,850,11898350
20221111,09:49:52,18380.05,550,11898350
20221111,09:49:54,18381.60,500,11898350
20221111,09:49:55,18381.60,200,11898350
20221111,09:49:55,18380.05,100,11898350
20221111,09:49:56,18380.05,1700,11898350
20221111,09:49:57,18380.00,700,11898350
20221111,09:49:59,18380.05,150,11898350
20221111,09:50:00,18378.70,1150,11898350
20221111,09:50:01,18378.15,150,11898350
20221111,09:50:01,18379.20,100,11898350
20221111,09:50:02,18377.20,300,11898350
20221111,09:50:03,18376.05,400,11898350
20221111,09:50:05,18376.50,450,11898350
20221111,09:50:06,18378.00,600,11898350
20221111,09:50:07,18380.00,500,11898350
20221111,09:50:08,18380.00,250,11898350
20221111,09:50:09,18380.00,300,11898350
20221111,09:50:11,18379.35,900,11898350
20221111,09:50:12,18380.00,1300,11898350
20221111,09:50:12,18381.55,100,11898350
20221111,09:50:13,18380.00,750,11898350
20221111,09:50:14,18380.00,2150,11898350
20221111,09:50:15,18380.85,300,11898350
20221111,09:50:17,18380.70,200,11898350
20221111,09:50:18,18382.00,900,11898350
20221111,09:50:19,18380.10,400,11898350
20221111,09:50:20,18380.00,200,11898350
20221111,09:50:22,18380.00,100,11898350
20221111,09:50:23,18380.70,350,11898350
20221111,09:50:23,18380.50,200,11898350
20221111,09:50:24,18381.85,350,11898350
20221111,09:50:25,18382.00,450,11884450
20221111,09:50:26,18379.65,800,11884450
20221111,09:50:28,18382.00,700,11884450
20221111,09:50:29,18379.40,600,11884450
20221111,09:50:29,18380.00,50,11884450
20221111,09:50:30,18380.55,450,11884450
20221111,09:50:31,18380.70,50,11884450
20221111,09:50:33,18382.35,300,11884450
20221111,09:50:34,18382.95,200,11884450
20221111,09:50:35,18382.60,150,11884450
20221111,09:50:36,18382.60,150,11884450
20221111,09:50:37,18382.90,400,11884450
20221111,09:50:38,18382.65,200,11884450
20221111,09:50:39,18383.00,400,11884450
20221111,09:50:40,18382.70,150,11884450
20221111,09:50:41,18382.60,100,11884450
20221111,09:50:42,18383.00,300,11884450
20221111,09:50:43,18383.00,50,11884450
20221111,09:50:44,18382.60,1000,11884450
20221111,09:50:45,18384.70,350,11884450
20221111,09:50:46,18383.00,100,11884450
20221111,09:50:47,18383.00,300,11884450
20221111,09:50:48,18384.85,200,11884450
20221111,09:50:49,18384.90,150,11884450
20221111,09:50:50,18384.90,350,11884450
20221111,09:50:51,18383.50,950,11884450
20221111,09:50:52,18385.00,1750,11884450
20221111,09:50:53,18385.00,650,11884450
20221111,09:50:54,18385.00,850,11884450
20221111,09:50:55,18385.00,200,11884450
20221111,09:50:55,18385.00,550,11884450
20221111,09:50:56,18384.70,1000,11884450
20221111,09:50:57,18383.65,350,11884450
20221111,09:50:59,18385.00,1250,11884450
20221111,09:51:00,18384.00,500,11884450
20221111,09:51:00,18386.30,50,11884450
20221111,09:51:01,18384.90,550,11884450
20221111,09:51:02,18387.30,700,11884450
20221111,09:51:04,18384.85,650,11884450
20221111,09:51:05,18385.65,250,11884450
20221111,09:51:06,18387.30,150,11884450
20221111,09:51:07,18385.95,200,11884450
20221111,09:51:08,18386.70,150,11884450
20221111,09:51:10,18386.00,350,11884450
20221111,09:51:11,18387.30,250,11884450
20221111,09:51:12,18386.35,150,11884450
20221111,09:51:13,18386.00,700,11884450
20221111,09:51:15,18386.00,350,11884450
20221111,09:51:16,18387.30,250,11884450
20221111,09:51:17,18387.30,650,11884450
20221111,09:51:18,18388.65,1150,11884450
20221111,09:51:20,18389.00,800,11884450
20221111,09:51:21,18389.10,250,11884450
20221111,09:51:22,18389.15,6400,11884450
20221111,09:51:23,18389.15,650,11884450
20221111,09:51:24,18389.35,1100,11884450
20221111,09:51:25,18389.10,500,11884450
20221111,09:51:26,18388.80,6050,11884450
20221111,09:51:27,18388.65,1500,11884450
20221111,09:51:28,18389.00,150,11884450
20221111,09:51:29,18389.10,950,11884450
20221111,09:51:30,18389.00,1900,11884450
20221111,09:51:31,18388.65,300,11884450
20221111,09:51:31,18389.10,150,11884450
20221111,09:51:32,18388.00,2550,11884450
20221111,09:51:33,18387.30,5100,11884450
20221111,09:51:34,18387.30,1750,11884450
20221111,09:51:35,18387.30,1400,11884450
20221111,09:51:37,18388.50,200,11884450
20221111,09:51:38,18388.10,200,11884450
20221111,09:51:39,18387.50,500,11884450
20221111,09:51:40,18388.45,1150,11884450
20221111,09:51:42,18387.30,1150,11884450
20221111,09:51:43,18386.90,250,11884450
20221111,09:51:44,18386.80,1200,11884450
20221111,09:51:44,18386.50,1000,11884450
20221111,09:51:45,18385.65,250,11884450
20221111,09:51:46,18387.00,450,11884450
20221111,09:51:48,18385.65,500,11884450
20221111,09:51:49,18385.55,550,11884450
20221111,09:51:50,18385.40,250,11884450
20221111,09:51:51,18386.00,50,11884450
20221111,09:51:52,18385.75,100,11884450
20221111,09:51:54,18387.45,450,11884450
20221111,09:51:55,18385.00,100,11884450
20221111,09:51:56,18386.40,200,11884450
20221111,09:51:56,18386.45,100,11884450
20221111,09:51:58,18386.95,200,11884450
20221111,09:52:00,18385.00,100,11884450
20221111,09:52:01,18385.00,400,11884450
20221111,09:52:02,18383.15,1000,11884450
20221111,09:52:03,18385.00,50,11884450
20221111,09:52:04,18385.60,100,11884450
20221111,09:52:06,18385.75,100,11884450
20221111,09:52:07,18385.00,150,11884450
20221111,09:52:08,18383.90,350,11884450
20221111,09:52:09,18383.45,50,11884450
20221111,09:52:10,18383.00,300,11884450
20221111,09:52:11,18382.35,350,11884450
20221111,09:52:12,18382.40,250,11884450
20221111,09:52:13,18384.00,300,11884450
20221111,09:52:15,18382.00,1700,11884450
20221111,09:52:16,18384.45,550,11884450
20221111,09:52:17,18382.35,1250,11884450
20221111,09:52:18,18383.05,100,11884450
20221111,09:52:19,18381.85,900,11884450
20221111,09:52:20,18381.80,550,11884450
20221111,09:52:21,18381.55,100,11884450
20221111,09:52:23,18381.05,200,11884450
20221111,09:52:24,18381.05,500,11884450
20221111,09:52:25,18381.75,150,11884450
20221111,09:52:26,18381.05,150,11884450
20221111,09:52:28,18380.00,250,11884450
20221111,09:52:31,18380.00,250,11884450
20221111,09:52:31,18378.45,1900,11884450
20221111,09:52:32,18379.45,150,11884450
20221111,09:52:34,18379.70,250,11884450
20221111,09:52:35,18380.90,450,11884450
20221111,09:52:38,18380.95,250,11884450
20221111,09:52:39,18380.95,250,11884450
20221111,09:52:39,18381.05,650,11884450
20221111,09:52:40,18380.90,350,11884450
20221111,09:52:42,18378.60,600,11884450
20221111,09:52:44,18377.85,100,11884450
20221111,09:52:45,18378.60,50,11884450
20221111,09:52:46,18377.30,100,11884450
20221111,09:52:49,18378.60,50,11884450
20221111,09:52:50,18379.10,150,11884450
20221111,09:52:51,18379.00,300,11884450
20221111,09:52:52,18377.00,50,11884450
20221111,09:52:54,18376.90,50,11884450
20221111,09:52:55,18379.25,400,11884450
20221111,09:52:56,18378.60,200,11884450
20221111,09:52:57,18378.85,50,11884450
20221111,09:52:58,18378.55,100,11884450
20221111,09:52:59,18380.00,750,11884450
20221111,09:53:00,18378.75,2100,11884450
20221111,09:53:00,18380.85,50,11884450
20221111,09:53:02,18379.00,200,11884450
20221111,09:53:04,18377.55,200,11884450
20221111,09:53:05,18381.10,550,11884450
20221111,09:53:06,18378.35,450,11884450
20221111,09:53:07,18378.25,150,11884450
20221111,09:53:08,18378.45,50,11884450
20221111,09:53:11,18378.35,100,11884450
20221111,09:53:12,18381.10,500,11884450
20221111,09:53:13,18380.00,50,11884450
20221111,09:53:13,18382.00,50,11884450
20221111,09:53:14,18382.35,150,11884450
20221111,09:53:15,18380.70,250,11884450
20221111,09:53:16,18381.60,300,11884450
20221111,09:53:18,18381.25,50,11884450
20221111,09:53:19,18378.45,350,11884450
20221111,09:53:24,18378.45,100,11884450
20221111,09:53:25,18377.10,200,11901150
20221111,09:53:27,18377.00,50,11901150
20221111,09:53:30,18377.00,50,11901150
20221111,09:53:31,18376.60,300,11901150
20221111,09:53:32,18376.35,200,11901150
20221111,09:53:33,18378.85,450,11901150
20221111,09:53:34,18376.60,100,11901150
20221111,09:53:35,18376.55,500,11901150
20221111,09:53:37,18377.55,300,11901150
20221111,09:53:38,18378.60,600,11901150
20221111,09:53:39,18376.55,100,11901150
20221111,09:53:39,18379.20,50,11901150
20221111,09:53:40,18379.95,50,11901150
20221111,09:53:41,18377.30,100,11901150
20221111,09:53:43,18375.65,200,11901150
20221111,09:53:44,18375.10,400,11901150
20221111,09:53:47,18377.65,100,11901150
20221111,09:53:48,18377.60,600,11901150
20221111,09:53:49,18377.60,200,11901150
20221111,09:53:50,18378.80,300,11901150
20221111,09:53:51,18377.60,1000,11901150
20221111,09:53:52,18378.20,200,11901150
20221111,09:53:54,18378.85,50,11901150
20221111,09:53:56,18378.00,100,11901150
20221111,09:53:57,18376.95,300,11901150
20221111,09:53:58,18376.25,300,11901150
20221111,09:53:59,18378.00,100,11901150
20221111,09:54:00,18377.60,800,11901150
20221111,09:54:02,18379.20,350,11901150
20221111,09:54:03,18380.00,800,11901150
20221111,09:54:04,18380.00,450,11901150
20221111,09:54:05,18379.95,200,11901150
20221111,09:54:07,18379.45,200,11901150
20221111,09:54:08,18379.50,250,11901150
20221111,09:54:09,18379.55,1950,11901150
20221111,09:54:10,18380.00,350,11901150
20221111,09:54:11,18380.05,1400,11901150
20221111,09:54:12,18381.00,200,11901150
20221111,09:54:14,18381.10,250,11901150
20221111,09:54:14,18382.00,400,11901150
20221111,09:54:15,18381.45,350,11901150
20221111,09:54:16,18382.95,300,11901150
20221111,09:54:17,18382.95,400,11901150
20221111,09:54:18,18382.95,350,11901150
20221111,09:54:19,18381.00,1050,11901150
20221111,09:54:21,18382.65,500,11901150
20221111,09:54:22,18380.15,250,11901150
20221111,09:54:23,18380.00,350,11901150
20221111,09:54:24,18381.65,150,11901150
20221111,09:54:24,18380.95,100,11901150
20221111,09:54:25,18380.15,150,11901150
20221111,09:54:27,18381.70,350,11901150
20221111,09:54:28,18381.70,250,11901150
20221111,09:54:29,18382.00,250,11901150
20221111,09:54:30,18382.70,100,11901150
20221111,09:54:31,18382.00,450,11901150
20221111,09:54:32,18380.60,300,11901150
20221111,09:54:33,18383.15,100,11901150
20221111,09:54:34,18383.25,200,11901150
20221111,09:54:35,18383.40,150,11901150
20221111,09:54:36,18380.65,400,11901150
20221111,09:54:37,18382.95,1150,11901150
20221111,09:54:38,18383.05,250,11901150
20221111,09:54:40,18382.85,350,11901150
20221111,09:54:41,18380.30,250,11901150
20221111,09:54:42,18382.15,100,11901150
20221111,09:54:43,18383.05,200,11901150
20221111,09:54:45,18383.25,300,11901150
20221111,09:54:46,18383.40,250,11901150
20221111,09:54:47,18382.20,50,11901150
20221111,09:54:48,18383.00,300,11901150
20221111,09:54:49,18382.25,100,11901150
20221111,09:54:51,18382.15,250,11901150
20221111,09:54:52,18381.70,150,11901150
20221111,09:54:53,18381.75,50,11901150
20221111,09:54:55,18379.85,300,11901150
20221111,09:54:56,18379.60,100,11901150
20221111,09:54:57,18381.65,200,11901150
20221111,09:54:59,18379.05,150,11901150
20221111,09:55:03,18378.00,1100,11901150
20221111,09:55:05,18379.70,100,11901150
20221111,09:55:06,18378.05,100,11901150
20221111,09:55:08,18380.00,750,11901150
20221111,09:55:08,18380.00,50,11901150
20221111,09:55:11,18380.00,100,11901150
20221111,09:55:12,18379.35,850,11901150
20221111,09:55:13,18380.00,200,11901150
20221111,09:55:14,18378.00,50,11901150
20221111,09:55:15,18378.10,250,11901150
20221111,09:55:15,18380.00,50,11901150
20221111,09:55:16,18380.00,250,11901150
20221111,09:55:17,18380.00,50,11901150
20221111,09:55:19,18380.00,900,11901150
20221111,09:55:20,18380.00,100,11901150
20221111,09:55:22,18380.00,50,11901150
20221111,09:55:24,18378.00,200,11901150
20221111,09:55:25,18380.00,150,11901150
20221111,09:55:26,18378.00,50,11901150
20221111,09:55:28,18379.85,250,11901150
20221111,09:55:30,18379.90,50,11901150
20221111,09:55:31,18378.00,1350,11901150
20221111,09:55:33,18379.85,50,11901150
20221111,09:55:34,18379.90,150,11901150
20221111,09:55:36,18381.85,2650,11901150
20221111,09:55:36,18381.70,100,11901150
20221111,09:55:38,18380.00,50,11901150
20221111,09:55:40,18378.00,50,11901150
20221111,09:55:41,18380.00,50,11901150
20221111,09:55:44,18378.00,50,11901150
20221111,09:55:47,18377.95,100,11901150
20221111,09:55:50,18377.00,50,11901150
20221111,09:55:51,18375.50,200,11901150
20221111,09:55:52,18375.30,100,11901150
20221111,09:55:54,18375.30,50,11901150
20221111,09:55:55,18375.00,300,11901150
20221111,09:55:56,18375.90,150,11901150
20221111,09:55:57,18376.50,100,11901150
20221111,09:55:58,18377.00,650,11901150
20221111,09:55:59,18375.00,650,11901150
20221111,09:56:00,18376.90,150,11901150
20221111,09:56:02,18376.60,100,11901150
20221111,09:56:03,18373.90,600,11901150
20221111,09:56:04,18373.90,250,11901150
20221111,09:56:05,18375.00,50,11901150
20221111,09:56:07,18375.00,50,11901150
20221111,09:56:08,18375.00,1100,11901150
20221111,09:56:09,18375.00,100,11901150
20221111,09:56:10,18374.85,150,11901150
20221111,09:56:11,18376.25,700,11901150
20221111,09:56:13,18374.00,350,11901150
20221111,09:56:14,18374.55,250,11901150
20221111,09:56:15,18374.55,100,11901150
20221111,09:56:16,18374.95,250,11901150
20221111,09:56:17,18375.00,250,11901150
20221111,09:56:18,18374.65,400,11901150
20221111,09:56:19,18374.20,150,11901150
20221111,09:56:22,18375.00,450,11901150
20221111,09:56:24,18375.20,150,11901150
20221111,09:56:25,18375.00,150,11900600
20221111,09:56:26,18374.95,250,11900600
20221111,09:56:27,18374.95,150,11900600
20221111,09:56:28,18374.20,50,11900600
20221111,09:56:30,18374.40,50,11900600
20221111,09:56:31,18374.40,50,11900600
20221111,09:56:32,18374.40,200,11900600
20221111,09:56:33,18374.20,900,11900600
20221111,09:56:34,18374.40,150,11900600
20221111,09:56:35,18374.20,50,11900600
20221111,09:56:36,18374.40,300,11900600
20221111,09:56:37,18374.30,200,11900600
20221111,09:56:39,18374.20,50,11900600
20221111,09:56:40,18374.20,100,11900600
20221111,09:56:41,18374.35,100,11900600
20221111,09:56:42,18374.30,150,11900600
20221111,09:56:43,18373.45,500,11900600
20221111,09:56:44,18374.20,50,11900600
20221111,09:56:45,18374.00,200,11900600
20221111,09:56:46,18374.00,100,11900600
20221111,09:56:47,18372.50,300,11900600
20221111,09:56:48,18370.80,1550,11900600
20221111,09:56:49,18370.80,100,11900600
20221111,09:56:50,18370.20,150,11900600
20221111,09:56:51,18371.75,50,11900600
20221111,09:56:52,18371.15,50,11900600
20221111,09:56:53,18370.00,3300,11900600
20221111,09:56:54,18370.25,250,11900600
20221111,09:56:55,18371.25,1400,11900600
20221111,09:56:56,18370.20,550,11900600
20221111,09:56:57,18370.00,250,11900600
20221111,09:56:58,18372.50,2350,11900600
20221111,09:56:59,18370.45,100,11900600
20221111,09:57:00,18370.30,400,11900600
20221111,09:57:01,18371.40,350,11900600
20221111,09:57:02,18372.00,800,11900600
20221111,09:57:03,18372.00,1550,11900600
20221111,09:57:04,18373.55,550,11900600
20221111,09:57:05,18373.55,200,11900600
20221111,09:57:06,18372.85,300,11900600
20221111,09:57:07,18372.30,900,11900600
20221111,09:57:08,18370.45,250,11900600
20221111,09:57:09,18371.95,300,11900600
20221111,09:57:10,18371.25,200,11900600
20221111,09:57:11,18371.20,150,11900600
20221111,09:57:12,18372.00,50,11900600
20221111,09:57:13,18372.00,350,11900600
20221111,09:57:14,18372.00,250,11900600
20221111,09:57:15,18372.85,300,11900600
20221111,09:57:16,18372.00,500,11900600
20221111,09:57:17,18372.00,250,11900600
20221111,09:57:18,18372.00,900,11900600
20221111,09:57:19,18371.25,450,11900600
20221111,09:57:21,18372.00,350,11900600
20221111,09:57:22,18372.00,350,11900600
20221111,09:57:23,18372.85,300,11900600
20221111,09:57:24,18372.85,300,11900600
20221111,09:57:25,18372.85,550,11900600
20221111,09:57:27,18372.85,850,11900600
20221111,09:57:28,18373.55,250,11900600
20221111,09:57:29,18372.85,200,11900600
20221111,09:57:30,18373.50,700,11900600
20221111,09:57:31,18372.85,400,11900600
20221111,09:57:32,18371.00,50,11900600
20221111,09:57:33,18372.00,100,11900600
20221111,09:57:34,18372.90,150,11900600
20221111,09:57:35,18371.00,100,11900600
20221111,09:57:36,18371.95,100,11900600
20221111,09:57:38,18371.15,200,11900600
20221111,09:57:40,18371.95,550,11900600
20221111,09:57:41,18372.70,350,11900600
20221111,09:57:43,18374.00,650,11900600
20221111,09:57:44,18372.50,400,11900600
20221111,09:57:46,18374.30,350,11900600
20221111,09:57:47,18374.85,100,11900600
20221111,09:57:49,18374.60,200,11900600
20221111,09:57:50,18372.65,200,11900600
20221111,09:57:51,18374.45,50,11900600
