20221111,09:15:00,18420.00,1,1671650
20221111,09:15:00,18600.00,1,1671650
20221111,09:15:00,18471.65,5250,1671650
20221111,09:15:00,18426.35,250,1671650
20221111,09:15:01,18420.05,650,1671650
20221111,09:15:02,18420.25,400,1671650
20221111,09:15:03,18421.85,3950,1671650
20221111,09:15:04,18421.00,1350,1671650
20221111,09:15:05,18418.55,2750,1671650
20221111,09:15:06,18415.00,2600,1671650
20221111,09:15:07,18408.75,2250,1671650
20221111,09:15:08,18415.10,2300,1671650
20221111,09:15:09,18412.80,3950,1671650
20221111,09:15:10,18418.95,2550,1671650
20221111,09:15:11,18411.25,1750,1671650
20221111,09:15:12,18419.00,600,1671650
20221111,09:15:13,18410.10,950,1671650
20221111,09:15:14,18406.10,1850,1671650
20221111,09:15:15,18412.65,1300,1671650
20221111,09:15:16,18410.90,2150,1671650
20221111,09:15:17,18407.80,950,1671650
20221111,09:15:18,18408.55,1350,1671650
20221111,09:15:19,18408.35,1300,1671650
20221111,09:15:20,18407.70,1600,1671650
20221111,09:15:21,18415.25,1450,1671650
20221111,09:15:22,18411.05,450,1671650
20221111,09:15:23,18411.00,800,1671650
20221111,09:15:24,18409.90,750,1671650
20221111,09:15:25,18412.10,1350,1671650
20221111,09:15:26,18409.60,250,1671650
20221111,09:15:27,18405.35,1600,1671650
20221111,09:15:28,18407.25,500,1671650
20221111,09:15:29,18408.50,50,1671650
20221111,09:15:30,18409.60,200,1671650
20221111,09:15:31,18411.85,600,1671650
20221111,09:15:32,18410.35,100,1671650
20221111,09:15:33,18407.30,1050,1671650
20221111,09:15:34,18408.20,150,1671650
20221111,09:15:35,18408.25,850,1671650
20221111,09:15:36,18408.40,150,1671650
20221111,09:15:37,18406.80,750,1671650
20221111,09:15:38,18405.10,350,1671650
20221111,09:15:39,18405.00,900,1671650
20221111,09:15:40,18411.90,1550,1671650
20221111,09:15:41,18406.90,950,1671650
20221111,09:15:42,18408.35,1950,1671650
20221111,09:15:43,18407.80,300,1671650
20221111,09:15:44,18411.75,550,1671650
20221111,09:15:45,18411.90,1500,1671650
20221111,09:15:46,18409.35,2500,1671650
20221111,09:15:47,18408.60,750,1671650
20221111,09:15:48,18414.55,650,1671650
20221111,09:15:49,18409.70,1750,1671650
20221111,09:15:50,18413.90,550,1671650
20221111,09:15:51,18410.00,350,1671650
20221111,09:15:52,18410.00,750,1671650
20221111,09:15:53,18410.35,1100,1671650
20221111,09:15:54,18410.65,100,1671650
20221111,09:15:55,18410.70,400,1671650
20221111,09:15:56,18410.00,1000,1671650
20221111,09:15:57,18410.30,300,1671650
20221111,09:15:58,18409.45,1200,1671650
20221111,09:15:59,18410.75,100,1671650
20221111,09:16:00,18410.10,500,1671650
20221111,09:16:01,18413.55,600,1671650
20221111,09:16:02,18411.30,250,1671650
20221111,09:16:03,18411.55,600,1671650
20221111,09:16:04,18411.70,450,1671650
20221111,09:16:05,18411.75,300,1671650
20221111,09:16:06,18413.00,700,1671650
20221111,09:16:07,18412.65,250,1671650
20221111,09:16:08,18414.95,750,1671650
20221111,09:16:09,18413.65,1650,1671650
20221111,09:16:10,18413.30,550,1671650
20221111,09:16:11,18413.30,1600,1671650
20221111,09:16:12,18414.00,400,1671650
20221111,09:16:13,18413.95,550,1671650
20221111,09:16:14,18412.95,700,1671650
20221111,09:16:15,18414.05,2450,1671650
20221111,09:16:16,18416.60,2500,1671650
20221111,09:16:17,18414.70,450,1671650
20221111,09:16:18,18413.25,1450,1671650
20221111,09:16:19,18414.10,400,1671650
20221111,09:16:20,18418.60,1000,1671650
20221111,09:16:21,18418.60,1650,1671650
20221111,09:16:22,18415.65,200,1671650
20221111,09:16:23,18418.90,1850,1671650
20221111,09:16:24,18419.15,200,1671650
20221111,09:16:25,18417.30,150,1671650
20221111,09:16:26,18419.95,350,1671650
20221111,09:16:27,18418.35,250,1671650
20221111,09:16:29,18417.25,1750,1671650
20221111,09:16:30,18417.45,100,1671650
20221111,09:16:31,18421.75,100,1671650
20221111,09:16:32,18418.95,350,1671650
20221111,09:16:33,18417.30,100,1671650
20221111,09:16:34,18417.00,300,1671650
20221111,09:16:35,18419.10,450,1671650
20221111,09:16:36,18418.05,1750,1671650
20221111,09:16:37,18417.50,1900,1671650
20221111,09:16:38,18420.55,50,1671650
20221111,09:16:39,18417.40,450,1671650
20221111,09:16:40,18420.30,1650,1671650
20221111,09:16:41,18420.70,150,1671650
20221111,09:16:42,18417.90,200,1671650
20221111,09:16:43,18418.25,450,1671650
20221111,09:16:45,18417.75,200,1671650
20221111,09:16:46,18418.45,50,1671650
20221111,09:16:47,18420.00,450,1671650
20221111,09:16:49,18418.25,100,1671650
20221111,09:16:50,18418.25,500,1671650
20221111,09:16:51,18417.00,50,1671650
20221111,09:16:52,18419.50,850,1671650
20221111,09:16:53,18417.35,100,1671650
20221111,09:16:54,18419.20,850,1671650
20221111,09:16:55,18420.00,450,1671650
20221111,09:16:56,18417.25,150,1671650
20221111,09:16:57,18420.00,450,1671650
20221111,09:16:58,18417.00,200,1671650
20221111,09:16:59,18417.00,400,1671650
20221111,09:17:00,18415.25,700,1671650
20221111,09:17:01,18415.00,350,1671650
20221111,09:17:02,18418.70,250,1671650
20221111,09:17:03,18416.35,150,1671650
20221111,09:17:04,18415.90,50,1671650
20221111,09:17:06,18419.95,150,1671650
20221111,09:17:07,18417.75,50,1671650
20221111,09:17:08,18416.70,100,1671650
20221111,09:17:09,18416.75,1150,1671650
20221111,09:17:10,18417.15,100,1671650
20221111,09:17:11,18416.60,200,1671650
20221111,09:17:12,18416.10,50,1671650
20221111,09:17:13,18416.90,150,1671650
20221111,09:17:14,18416.15,400,1671650
20221111,09:17:15,18416.10,1250,1671650
20221111,09:17:16,18416.75,400,1671650
20221111,09:17:17,18417.75,150,1671650
20221111,09:17:19,18415.75,650,1671650
20221111,09:17:20,18419.05,1300,1671650
20221111,09:17:21,18420.00,1400,1671650
20221111,09:17:22,18416.55,1050,1671650
20221111,09:17:23,18416.80,550,1671650
20221111,09:17:24,18418.85,750,1633750
20221111,09:17:25,18417.80,200,1633750
20221111,09:17:26,18421.85,200,1633750
20221111,09:17:27,18418.90,400,1633750
20221111,09:17:28,18420.00,500,1633750
20221111,09:17:29,18420.05,100,1633750
20221111,09:17:30,18420.10,300,1633750
20221111,09:17:31,18420.10,200,1633750
20221111,09:17:33,18420.00,650,1633750
20221111,09:17:34,18421.90,1400,1633750
20221111,09:17:35,18420.10,50,1633750
20221111,09:17:37,18423.25,400,1633750
20221111,09:17:37,18422.90,200,1633750
20221111,09:17:38,18425.00,2150,1633750
20221111,09:17:39,18420.10,50,1633750
20221111,09:17:40,18423.95,50,1633750
20221111,09:17:42,18425.40,1700,1633750
20221111,09:17:42,18420.85,50,1633750
20221111,09:17:43,18427.50,2050,1633750
20221111,09:17:45,18422.05,50,1633750
20221111,09:17:45,18424.30,100,1633750
20221111,09:17:46,18424.55,250,1633750
20221111,09:17:48,18425.40,200,1633750
20221111,09:17:48,18425.00,300,1633750
20221111,09:17:50,18423.05,50,1633750
20221111,09:17:50,18423.00,50,1633750
20221111,09:17:51,18423.00,350,1633750
20221111,09:17:53,18422.95,550,1633750
20221111,09:17:53,18420.40,250,1633750
20221111,09:17:54,18424.00,250,1633750
20221111,09:17:56,18423.05,1300,1633750
20221111,09:17:56,18423.20,200,1633750
20221111,09:17:57,18425.20,300,1633750
20221111,09:17:59,18423.85,250,1633750
20221111,09:17:59,18423.70,200,1633750
20221111,09:18:02,18425.70,350,1633750
20221111,09:18:04,18424.30,400,1633750
20221111,09:18:04,18424.95,250,1633750
20221111,09:18:06,18423.50,50,1633750
20221111,09:18:06,18423.70,100,1633750
20221111,09:18:07,18422.50,400,1633750
20221111,09:18:09,18424.15,450,1633750
20221111,09:18:10,18423.55,450,1633750
20221111,09:18:12,18423.60,100,1633750
20221111,09:18:12,18425.00,200,1633750
20221111,09:18:13,18422.30,1800,1633750
20221111,09:18:15,18423.00,300,1633750
20221111,09:18:16,18423.20,150,1633750
20221111,09:18:18,18423.60,150,1633750
20221111,09:18:18,18424.40,150,1633750
20221111,09:18:20,18423.00,300,1633750
20221111,09:18:20,18424.45,300,1633750
20221111,09:18:23,18424.00,800,1633750
20221111,09:18:23,18422.55,50,1633750
20221111,09:18:24,18422.60,100,1633750
20221111,09:18:26,18422.95,50,1633750
20221111,09:18:26,18422.90,250,1633750
20221111,09:18:28,18423.10,250,1633750
20221111,09:18:28,18423.40,100,1633750
20221111,09:18:31,18423.60,150,1633750
20221111,09:18:31,18424.65,500,1633750
20221111,09:18:33,18423.40,150,1633750
20221111,09:18:34,18422.50,150,1633750
20221111,09:18:34,18422.50,50,1633750
20221111,09:18:36,18422.85,50,1633750
20221111,09:18:36,18424.65,150,1633750
20221111,09:18:38,18425.85,650,1633750
20221111,09:18:39,18424.85,900,1633750
20221111,09:18:41,18425.95,250,1633750
20221111,09:18:41,18424.80,50,1633750
20221111,09:18:42,18425.50,300,1633750
20221111,09:18:44,18424.80,300,1633750
20221111,09:18:44,18426.25,200,1633750
20221111,09:18:46,18424.85,150,1633750
20221111,09:18:47,18424.00,50,1633750
20221111,09:18:49,18424.65,300,1633750
20221111,09:18:49,18424.65,250,1633750
20221111,09:18:51,18422.65,50,1633750
20221111,09:18:51,18423.25,50,1633750
20221111,09:18:52,18422.50,150,1633750
20221111,09:18:54,18422.50,350,1633750
20221111,09:18:55,18422.50,100,1633750
20221111,09:18:56,18422.50,100,1633750
20221111,09:18:58,18422.65,100,1633750
20221111,09:18:58,18423.90,150,1633750
20221111,09:19:00,18421.25,1000,1633750
20221111,09:19:00,18423.60,150,1633750
20221111,09:19:01,18424.00,700,1633750
20221111,09:19:03,18425.00,1700,1633750
20221111,09:19:03,18425.00,250,1633750
20221111,09:19:05,18426.45,450,1633750
20221111,09:19:05,18426.50,50,1633750
20221111,09:19:06,18424.40,50,1633750
20221111,09:19:08,18423.60,300,1633750
20221111,09:19:08,18422.65,150,1633750
20221111,09:19:11,18425.00,100,1633750
20221111,09:19:13,18424.90,200,1633750
20221111,09:19:16,18424.75,50,1633750
20221111,09:19:17,18424.95,100,1633750
20221111,09:19:19,18422.50,50,1633750
20221111,09:19:21,18421.35,150,1633750
20221111,09:19:24,18421.70,50,1633750
20221111,09:19:28,18423.75,200,1633750
20221111,09:19:28,18422.10,700,1633750
20221111,09:19:29,18421.65,50,1633750
20221111,09:19:31,18423.45,50,1633750
20221111,09:19:31,18422.05,50,1633750
20221111,09:19:32,18421.05,100,1633750
20221111,09:19:34,18423.00,100,1633750
20221111,09:19:34,18424.40,400,1633750
20221111,09:19:36,18422.15,600,1633750
20221111,09:19:36,18421.45,600,1633750
20221111,09:19:37,18422.00,100,1633750
20221111,09:19:39,18422.15,150,1633750
20221111,09:19:39,18422.15,200,1633750
20221111,09:19:41,18423.05,50,1633750
20221111,09:19:42,18424.40,200,1633750
20221111,09:19:44,18424.40,150,1633750
20221111,09:19:46,18423.20,150,1633750
20221111,09:19:46,18422.30,250,1633750
20221111,09:19:48,18423.35,350,1633750
20221111,09:19:49,18424.00,100,1633750
20221111,09:19:50,18422.45,700,1633750
20221111,09:19:51,18423.55,150,1633750
20221111,09:19:52,18423.55,200,1633750
20221111,09:19:52,18424.00,100,1633750
20221111,09:19:54,18423.20,200,1633750
20221111,09:19:54,18423.00,50,1633750
20221111,09:19:55,18423.00,50,1633750
20221111,09:19:57,18422.95,150,1633750
20221111,09:19:57,18422.50,500,1633750
20221111,09:19:58,18423.65,100,1633750
20221111,09:20:00,18424.75,500,1633750
20221111,09:20:01,18425.00,350,1633750
20221111,09:20:02,18425.40,1100,1633750
20221111,09:20:03,18425.90,200,1633750
20221111,09:20:03,18425.85,200,1633750
20221111,09:20:05,18427.10,850,1633750
20221111,09:20:06,18428.00,150,1633750
20221111,09:20:07,18428.20,500,1633750
20221111,09:20:08,18428.75,50,1633750
20221111,09:20:09,18428.70,400,1633750
20221111,09:20:10,18428.70,200,1633750
20221111,09:20:11,18429.70,200,1633750
20221111,09:20:12,18430.00,1800,1633750
20221111,09:20:13,18430.25,700,1633750
20221111,09:20:14,18430.80,1150,1633750
20221111,09:20:15,18430.70,50,1633750
20221111,09:20:16,18430.95,400,1633750
20221111,09:20:17,18431.25,250,1633750
20221111,09:20:18,18431.65,250,1633750
20221111,09:20:19,18433.20,50,1633750
20221111,09:20:21,18432.30,50,1633750
20221111,09:20:22,18431.65,200,1618200
20221111,09:20:23,18432.00,400,1618200
20221111,09:20:24,18434.30,50,1618200
20221111,09:20:25,18434.95,200,1618200
20221111,09:20:27,18435.00,1100,1618200
20221111,09:20:28,18435.00,250,1618200
20221111,09:20:29,18435.00,1300,1618200
20221111,09:20:30,18436.00,50,1618200
20221111,09:20:33,18435.10,150,1618200
20221111,09:20:34,18436.00,50,1618200
20221111,09:20:35,18436.00,100,1618200
20221111,09:20:36,18437.00,150,1618200
20221111,09:20:36,18437.00,350,1618200
20221111,09:20:39,18439.00,50,1618200
20221111,09:20:40,18437.90,50,1618200
20221111,09:20:42,18436.35,300,1618200
20221111,09:20:43,18437.70,100,1618200
20221111,09:20:45,18438.30,150,1618200
20221111,09:20:46,18438.30,150,1618200
20221111,09:20:48,18437.90,50,1618200
20221111,09:20:49,18439.95,50,1618200
20221111,09:20:51,18440.00,250,1618200
20221111,09:20:52,18440.15,550,1618200
20221111,09:20:54,18442.25,800,1618200
20221111,09:20:55,18444.05,250,1618200
20221111,09:20:55,18443.80,250,1618200
20221111,09:20:57,18446.00,450,1618200
20221111,09:20:59,18446.80,450,1618200
20221111,09:21:00,18446.25,150,1618200
20221111,09:21:01,18448.80,300,1618200
20221111,09:21:02,18450.00,1050,1618200
20221111,09:21:04,18449.45,200,1618200
20221111,09:21:05,18448.15,250,1618200
20221111,09:21:06,18450.00,500,1618200
20221111,09:21:08,18450.00,650,1618200
20221111,09:21:08,18450.00,150,1618200
20221111,09:21:10,18451.00,2500,1618200
20221111,09:21:11,18452.50,850,1618200
20221111,09:21:12,18450.30,50,1618200
20221111,09:21:15,18450.40,350,1618200
20221111,09:21:16,18451.55,50,1618200
20221111,09:21:18,18451.70,150,1618200
20221111,09:21:19,18452.45,150,1618200
20221111,09:21:20,18451.60,100,1618200
20221111,09:21:21,18450.00,250,1618200
20221111,09:21:24,18451.60,200,1618200
20221111,09:21:25,18450.00,300,1618200
20221111,09:21:26,18451.55,750,1618200
20221111,09:21:26,18451.20,50,1618200
20221111,09:21:28,18451.20,150,1618200
20221111,09:21:29,18450.00,50,1618200
20221111,09:21:30,18446.95,400,1618200
20221111,09:21:31,18445.85,300,1618200
20221111,09:21:32,18445.85,200,1618200
20221111,09:21:34,18445.05,100,1618200
20221111,09:21:36,18443.85,600,1618200
20221111,09:21:37,18443.65,550,1618200
20221111,09:21:37,18443.20,100,1618200
20221111,09:21:39,18443.80,800,1618200
20221111,09:21:40,18443.70,400,1618200
20221111,09:21:42,18443.90,850,1618200
20221111,09:21:44,18443.70,100,1618200
20221111,09:21:45,18444.80,50,1618200
20221111,09:21:46,18443.90,150,1618200
20221111,09:21:47,18444.45,250,1618200
20221111,09:21:48,18445.50,50,1618200
20221111,09:21:48,18443.45,50,1618200
20221111,09:21:50,18445.55,100,1618200
20221111,09:21:52,18442.85,200,1618200
20221111,09:21:53,18444.85,200,1618200
20221111,09:21:55,18442.40,100,1618200
20221111,09:21:57,18442.60,50,1618200
20221111,09:21:58,18444.45,250,1618200
20221111,09:22:01,18442.30,1150,1618200
20221111,09:22:02,18441.05,50,1618200
20221111,09:22:03,18441.90,50,1618200
20221111,09:22:04,18441.00,100,1618200
20221111,09:22:06,18441.00,50,1618200
20221111,09:22:09,18441.00,100,1618200
20221111,09:22:11,18440.25,150,1618200
20221111,09:22:12,18440.35,200,1618200
20221111,09:22:13,18441.00,50,1618200
20221111,09:22:14,18440.30,50,1618200
20221111,09:22:16,18441.25,200,1618200
20221111,09:22:17,18441.45,150,1618200
20221111,09:22:18,18441.65,650,1618200
20221111,09:22:20,18441.15,150,1618200
20221111,09:22:21,18442.10,400,1618200
20221111,09:22:22,18442.05,50,1618200
20221111,09:22:23,18443.95,50,1618200
20221111,09:22:26,18443.75,50,1618200
20221111,09:22:27,18443.35,50,1618200
20221111,09:22:28,18442.10,300,1618200
20221111,09:22:29,18442.15,500,1618200
20221111,09:22:31,18443.35,50,1618200
20221111,09:22:32,18441.95,100,1618200
20221111,09:22:33,18444.75,700,1618200
20221111,09:22:34,18443.00,50,1618200
20221111,09:22:36,18445.00,150,1618200
20221111,09:22:37,18442.00,600,1618200
20221111,09:22:38,18443.30,50,1618200
20221111,09:22:39,18444.45,250,1618200
20221111,09:22:41,18442.40,50,1618200
20221111,09:22:44,18443.00,300,1618200
20221111,09:22:45,18442.50,50,1618200
20221111,09:22:46,18442.40,50,1618200
20221111,09:22:48,18443.00,50,1618200
20221111,09:22:50,18442.00,100,1618200
20221111,09:22:51,18442.00,50,1618200
20221111,09:22:52,18443.00,150,1618200
20221111,09:22:53,18443.00,50,1618200
20221111,09:22:54,18443.00,400,1618200
20221111,09:22:55,18443.95,50,1618200
20221111,09:22:57,18444.00,350,1618200
20221111,09:22:58,18445.55,750,1618200
20221111,09:22:59,18446.95,100,1618200
20221111,09:23:00,18445.20,50,1618200
20221111,09:23:01,18445.20,150,1618200
20221111,09:23:02,18447.00,50,1618200
20221111,09:23:03,18445.60,50,1618200
20221111,09:23:04,18445.55,50,1618200
20221111,09:23:05,18445.00,100,1618200
20221111,09:23:07,18446.75,150,1618200
20221111,09:23:09,18445.20,150,1618200
20221111,09:23:10,18444.65,100,1618200
20221111,09:23:12,18444.60,100,1618200
20221111,09:23:13,18444.85,150,1618200
20221111,09:23:15,18445.85,50,1618200
20221111,09:23:16,18447.00,200,1618200
20221111,09:23:17,18446.70,100,1618200
20221111,09:23:19,18446.45,100,1618200
20221111,09:23:20,18446.35,150,1618200
20221111,09:23:22,18448.00,300,1609150
20221111,09:23:23,18449.15,50,1609150
20221111,09:23:24,18448.00,250,1609150
20221111,09:23:25,18446.70,50,1609150
20221111,09:23:26,18446.20,550,1609150
20221111,09:23:27,18449.85,150,1609150
20221111,09:23:28,18447.10,50,1609150
20221111,09:23:29,18447.00,50,1609150
20221111,09:23:30,18448.00,50,1609150
20221111,09:23:31,18450.00,100,1609150
20221111,09:23:32,18447.70,50,1609150
20221111,09:23:33,18449.00,100,1609150
20221111,09:23:34,18447.00,50,1609150
20221111,09:23:36,18449.65,300,1609150
20221111,09:23:37,18446.90,700,1609150
20221111,09:23:38,18447.70,50,1609150
20221111,09:23:39,18447.00,250,1609150
20221111,09:23:41,18447.00,50,1609150
20221111,09:23:45,18445.35,400,1609150
20221111,09:23:46,18444.90,1400,1609150
20221111,09:23:47,18446.90,100,1609150
20221111,09:23:50,18444.00,200,1609150
20221111,09:23:52,18444.00,150,1609150
20221111,09:23:53,18444.00,100,1609150
20221111,09:23:55,18443.00,50,1609150
20221111,09:23:56,18442.45,250,1609150
20221111,09:23:58,18442.80,250,1609150
20221111,09:24:00,18446.60,150,1609150
20221111,09:24:01,18446.80,700,1609150
20221111,09:24:02,18449.70,200,1609150
20221111,09:24:04,18449.80,50,1609150
20221111,09:24:05,18450.00,2600,1609150
20221111,09:24:06,18455.55,3200,1609150
20221111,09:24:07,18459.30,300,1609150
20221111,09:24:08,18455.85,50,1609150
20221111,09:24:09,18457.90,100,1609150
20221111,09:24:10,18457.80,200,1609150
20221111,09:24:11,18455.75,150,1609150
20221111,09:24:12,18458.65,300,1609150
20221111,09:24:13,18457.85,200,1609150
20221111,09:24:14,18456.35,350,1609150
20221111,09:24:15,18459.40,100,1609150
20221111,09:24:16,18456.35,100,1609150
20221111,09:24:17,18456.20,50,1609150
20221111,09:24:19,18458.85,150,1609150
20221111,09:24:20,18457.30,100,1609150
20221111,09:24:21,18459.40,100,1609150
20221111,09:24:24,18459.50,400,1609150
20221111,09:24:25,18459.55,200,1609150
20221111,09:24:26,18460.00,250,1609150
20221111,09:24:27,18463.05,500,1609150
20221111,09:24:28,18461.55,150,1609150
20221111,09:24:31,18460.50,1150,1609150
20221111,09:24:32,18462.00,350,1609150
20221111,09:24:33,18459.80,100,1609150
20221111,09:24:34,18458.10,100,1609150
20221111,09:24:35,18460.00,100,1609150
20221111,09:24:39,18461.45,250,1609150
20221111,09:24:41,18461.40,100,1609150
20221111,09:24:41,18461.85,50,1609150
20221111,09:24:42,18463.15,300,1609150
20221111,09:24:43,18463.25,200,1609150
20221111,09:24:44,18465.00,200,1609150
20221111,09:24:45,18463.40,100,1609150
20221111,09:24:46,18463.60,150,1609150
20221111,09:24:47,18465.00,50,1609150
20221111,09:24:48,18463.00,50,1609150
20221111,09:24:49,18463.85,200,1609150
20221111,09:24:50,18465.00,200,1609150
20221111,09:24:51,18463.95,50,1609150
20221111,09:24:53,18463.00,150,1609150
20221111,09:24:54,18462.60,200,1609150
20221111,09:24:55,18462.50,250,1609150
20221111,09:24:57,18462.35,100,1609150
20221111,09:24:58,18465.00,650,1609150
20221111,09:24:59,18463.00,50,1609150
20221111,09:25:00,18464.05,100,1609150
20221111,09:25:01,18465.00,450,1609150
20221111,09:25:02,18463.05,50,1609150
20221111,09:25:03,18465.00,100,1609150
20221111,09:25:04,18465.00,250,1609150
20221111,09:25:06,18463.60,150,1609150
20221111,09:25:07,18465.55,400,1609150
20221111,09:25:08,18462.35,300,1609150
20221111,09:25:09,18463.60,300,1609150
20221111,09:25:11,18461.05,2150,1609150
20221111,09:25:11,18464.90,200,1609150
20221111,09:25:12,18465.15,600,1609150
20221111,09:25:13,18465.20,450,1609150
20221111,09:25:19,18461.30,100,1609150
20221111,09:25:20,18461.90,300,1609150
20221111,09:25:22,18465.00,400,1609150
20221111,09:25:24,18463.85,100,1609150
20221111,09:25:25,18464.35,100,1609150
20221111,09:25:26,18464.30,50,1609150
20221111,09:25:28,18461.95,50,1609150
20221111,09:25:28,18461.90,650,1609150
20221111,09:25:29,18461.90,200,1609150
20221111,09:25:30,18462.75,1750,1609150
20221111,09:25:31,18462.75,50,1609150
20221111,09:25:33,18462.55,100,1609150
20221111,09:25:35,18462.70,300,1609150
20221111,09:25:36,18460.95,200,1609150
20221111,09:25:39,18458.00,550,1609150
20221111,09:25:40,18461.65,50,1609150
20221111,09:25:42,18460.00,100,1609150
20221111,09:25:44,18460.00,100,1609150
20221111,09:25:45,18458.10,150,1609150
20221111,09:25:46,18459.70,100,1609150
20221111,09:25:49,18456.55,50,1609150
20221111,09:25:49,18458.90,50,1609150
20221111,09:25:50,18456.75,50,1609150
20221111,09:25:52,18460.00,50,1609150
20221111,09:25:53,18457.40,50,1609150
20221111,09:25:55,18458.15,100,1609150
20221111,09:25:56,18460.00,400,1609150
20221111,09:25:57,18460.20,550,1609150
20221111,09:25:58,18462.95,150,1609150
20221111,09:25:59,18460.20,100,1609150
20221111,09:26:01,18462.40,200,1609150
20221111,09:26:02,18460.35,50,1609150
20221111,09:26:04,18460.75,50,1609150
20221111,09:26:07,18462.95,200,1609150
20221111,09:26:08,18462.70,500,1609150
20221111,09:26:09,18463.05,50,1609150
20221111,09:26:10,18463.00,300,1609150
20221111,09:26:17,18463.75,150,1609150
20221111,09:26:19,18461.70,100,1609150
20221111,09:26:21,18464.00,150,1609150
20221111,09:26:23,18462.35,100,1604300
20221111,09:26:25,18462.80,150,1604300
20221111,09:26:26,18465.00,150,1604300
20221111,09:26:27,18462.65,550,1604300
20221111,09:26:30,18465.00,100,1604300
20221111,09:26:31,18464.95,100,1604300
20221111,09:26:36,18465.00,50,1604300
20221111,09:26:37,18465.00,300,1604300
20221111,09:26:38,18467.00,900,1604300
20221111,09:26:40,18465.50,50,1604300
20221111,09:26:41,18466.75,200,1604300
20221111,09:26:42,18464.80,50,1604300
20221111,09:26:43,18465.35,50,1604300
20221111,09:26:45,18462.55,400,1604300
20221111,09:26:46,18461.55,50,1604300
20221111,09:26:47,18466.30,150,1604300
20221111,09:26:51,18461.90,100,1604300
20221111,09:26:52,18466.45,50,1604300
20221111,09:26:53,18465.00,100,1604300
20221111,09:26:55,18463.25,150,1604300
20221111,09:26:56,18465.00,50,1604300
20221111,09:26:56,18466.70,100,1604300
20221111,09:26:57,18462.95,150,1604300
20221111,09:26:58,18466.80,50,1604300
20221111,09:27:01,18463.45,300,1604300
20221111,09:27:02,18463.95,1600,1604300
20221111,09:27:03,18466.70,50,1604300
20221111,09:27:06,18461.35,550,1604300
20221111,09:27:07,18464.25,1050,1604300
20221111,09:27:08,18461.20,150,1604300
20221111,09:27:11,18463.90,350,1604300
20221111,09:27:12,18464.05,150,1604300
20221111,09:27:13,18463.55,100,1604300
20221111,09:27:15,18458.35,200,1604300
20221111,09:27:21,18459.25,100,1604300
20221111,09:27:22,18459.15,300,1604300
20221111,09:27:24,18458.50,200,1604300
20221111,09:27:26,18459.15,50,1604300
20221111,09:27:27,18461.65,50,1604300
20221111,09:27:27,18458.65,200,1604300
20221111,09:27:28,18459.15,50,1604300
20221111,09:27:29,18461.45,50,1604300
20221111,09:27:30,18457.70,50,1604300
20221111,09:27:33,18457.30,100,1604300
20221111,09:27:34,18457.00,150,1604300
20221111,09:27:37,18458.55,50,1604300
20221111,09:27:39,18460.85,650,1604300
20221111,09:27:40,18461.75,100,1604300
20221111,09:27:45,18458.00,50,1604300
20221111,09:27:47,18460.80,850,1604300
20221111,09:27:49,18460.80,500,1604300
20221111,09:27:50,18458.00,600,1604300
20221111,09:27:51,18457.85,400,1604300
20221111,09:27:52,18456.50,1050,1604300
20221111,09:27:55,18456.15,750,1604300
20221111,09:27:56,18456.30,50,1604300
20221111,09:27:57,18456.40,150,1604300
20221111,09:27:58,18457.15,350,1604300
20221111,09:28:00,18457.80,50,1604300
20221111,09:28:01,18456.30,1250,1604300
20221111,09:28:03,18457.50,100,1604300
20221111,09:28:05,18457.60,550,1604300
20221111,09:28:06,18458.00,50,1604300
20221111,09:28:07,18458.15,150,1604300
20221111,09:28:08,18456.95,500,1604300
20221111,09:28:09,18457.40,150,1604300
20221111,09:28:11,18458.25,50,1604300
20221111,09:28:12,18457.35,50,1604300
20221111,09:28:15,18458.00,600,1604300
20221111,09:28:16,18457.45,200,1604300
20221111,09:28:17,18458.60,1150,1604300
20221111,09:28:18,18456.15,500,1604300
20221111,09:28:21,18458.00,100,1604300
20221111,09:28:22,18458.75,100,1604300
20221111,09:28:28,18456.25,50,1604300
20221111,09:28:30,18456.50,50,1604300
20221111,09:28:31,18458.05,100,1604300
20221111,09:28:32,18457.80,100,1604300
20221111,09:28:34,18455.00,250,1604300
20221111,09:28:35,18457.00,650,1604300
20221111,09:28:36,18455.30,350,1604300
20221111,09:28:37,18456.75,200,1604300
20221111,09:28:38,18456.00,150,1604300
20221111,09:28:39,18454.75,50,1604300
20221111,09:28:40,18455.55,150,1604300
20221111,09:28:41,18454.60,350,1604300
20221111,09:28:44,18455.10,900,1604300
20221111,09:28:45,18454.65,50,1604300
20221111,09:28:45,18454.40,250,1604300
20221111,09:28:46,18454.40,100,1604300
20221111,09:28:47,18455.45,100,1604300
20221111,09:28:48,18455.95,650,1604300
20221111,09:28:50,18455.00,450,1604300
20221111,09:28:51,18453.50,50,1604300
20221111,09:28:52,18456.20,300,1604300
20221111,09:28:53,18455.00,50,1604300
20221111,09:28:54,18451.40,350,1604300
20221111,09:28:57,18452.70,150,1604300
20221111,09:28:58,18450.25,100,1604300
20221111,09:28:58,18452.55,50,1604300
20221111,09:28:59,18452.30,950,1604300
20221111,09:29:00,18450.00,50,1604300
20221111,09:29:03,18448.00,1150,1604300
20221111,09:29:04,18448.55,250,1604300
20221111,09:29:05,18451.75,50,1604300
20221111,09:29:06,18449.50,150,1604300
20221111,09:29:08,18449.40,100,1604300
20221111,09:29:09,18450.10,150,1604300
20221111,09:29:10,18450.00,650,1604300
20221111,09:29:12,18448.25,200,1604300
20221111,09:29:14,18449.45,50,1604300
20221111,09:29:16,18448.95,50,1604300
20221111,09:29:17,18450.05,150,1604300
20221111,09:29:18,18450.05,200,1604300
20221111,09:29:18,18450.05,50,1604300
20221111,09:29:19,18450.05,350,1604300
20221111,09:29:22,18452.70,150,1604300
20221111,09:29:23,18450.05,200,1604300
20221111,09:29:23,18449.45,350,1604300
20221111,09:29:27,18448.70,150,1594150
20221111,09:29:28,18450.00,50,1594150
20221111,09:29:29,18450.05,100,1594150
20221111,09:29:32,18451.75,400,1594150
20221111,09:29:33,18449.45,150,1594150
20221111,09:29:34,18448.15,150,1594150
20221111,09:29:34,18448.20,50,1594150
20221111,09:29:38,18450.00,150,1594150
20221111,09:29:39,18449.90,150,1594150
20221111,09:29:40,18449.45,150,1594150
20221111,09:29:43,18449.55,100,1594150
20221111,09:29:44,18450.00,200,1594150
20221111,09:29:48,18450.40,150,1594150
20221111,09:29:49,18452.00,1150,1594150
20221111,09:29:50,18454.00,250,1594150
20221111,09:29:51,18452.70,400,1594150
20221111,09:29:53,18452.85,450,1594150
20221111,09:29:59,18452.85,50,1594150
20221111,09:30:03,18455.40,150,1594150
20221111,09:30:04,18455.80,400,1594150
20221111,09:30:05,18456.15,800,1594150
20221111,09:30:06,18459.00,500,1594150
20221111,09:30:08,18456.60,150,1594150
20221111,09:30:09,18456.50,150,1594150
20221111,09:30:10,18455.35,100,1594150
20221111,09:30:12,18455.95,50,1594150
20221111,09:30:14,18455.35,300,1594150
20221111,09:30:15,18458.40,100,1594150
20221111,09:30:18,18455.50,550,1594150
20221111,09:30:20,18454.85,650,1594150
20221111,09:30:20,18458.25,50,1594150
20221111,09:30:21,18458.45,50,1594150
20221111,09:30:22,18456.05,150,1594150
20221111,09:30:25,18455.75,50,1594150
20221111,09:30:26,18456.15,50,1594150
20221111,09:30:31,18457.05,50,1594150
20221111,09:30:31,18460.00,450,1594150
20221111,09:30:35,18458.25,150,1594150
20221111,09:30:36,18459.90,100,1594150
20221111,09:30:38,18460.00,250,1594150
20221111,09:30:40,18460.00,450,1594150
20221111,09:30:41,18459.55,500,1594150
20221111,09:30:42,18460.75,150,1594150
20221111,09:30:42,18460.75,200,1594150
20221111,09:30:43,18462.00,50,1594150
20221111,09:30:45,18461.50,200,1594150
20221111,09:30:46,18461.20,100,1594150
20221111,09:30:47,18462.00,150,1594150
20221111,09:30:48,18462.00,250,1594150
20221111,09:30:50,18463.00,750,1594150
20221111,09:30:52,18464.05,50,1594150
20221111,09:30:53,18464.70,50,1594150
20221111,09:30:53,18465.00,50,1594150
20221111,09:30:56,18465.00,50,1594150
20221111,09:30:57,18465.65,450,1594150
20221111,09:30:58,18470.00,1750,1594150
20221111,09:31:00,18470.00,250,1594150
20221111,09:31:01,18469.40,50,1594150
20221111,09:31:02,18471.20,400,1594150
20221111,09:31:03,18473.15,600,1594150
20221111,09:31:04,18474.30,150,1594150
20221111,09:31:04,18473.40,200,1594150
20221111,09:31:05,18469.00,300,1594150
20221111,09:31:08,18470.20,100,1594150
20221111,09:31:09,18471.20,100,1594150
20221111,09:31:10,18474.00,100,1594150
20221111,09:31:11,18471.15,150,1594150
20221111,09:31:11,18471.10,100,1594150
20221111,09:31:12,18471.10,50,1594150
20221111,09:31:13,18471.00,50,1594150
20221111,09:31:15,18473.70,100,1594150
20221111,09:31:16,18474.85,100,1594150
20221111,09:31:21,18473.65,450,1594150
20221111,09:31:22,18473.60,100,1594150
20221111,09:31:23,18473.60,50,1594150
20221111,09:31:25,18473.40,100,1594150
20221111,09:31:26,18473.40,50,1594150
20221111,09:31:27,18473.65,50,1594150
20221111,09:31:28,18471.45,650,1594150
20221111,09:31:30,18473.40,200,1594150
20221111,09:31:30,18471.35,50,1594150
20221111,09:31:32,18472.90,50,1594150
20221111,09:31:35,18471.50,100,1594150
20221111,09:31:36,18473.00,100,1594150
20221111,09:31:39,18471.05,50,1594150
20221111,09:31:41,18471.45,100,1594150
20221111,09:31:44,18472.90,50,1594150
20221111,09:31:46,18470.10,50,1594150
20221111,09:31:46,18471.10,50,1594150
20221111,09:31:48,18471.10,100,1594150
20221111,09:31:50,18470.20,50,1594150
20221111,09:31:53,18471.10,50,1594150
20221111,09:31:54,18473.00,50,1594150
20221111,09:31:56,18471.60,550,1594150
20221111,09:31:58,18473.00,50,1594150
20221111,09:32:00,18471.10,150,1594150
20221111,09:32:02,18471.10,150,1594150
20221111,09:32:03,18473.70,100,1594150
20221111,09:32:10,18474.00,50,1594150
20221111,09:32:11,18473.10,150,1594150
20221111,09:32:12,18473.15,100,1594150
20221111,09:32:13,18473.05,50,1594150
20221111,09:32:14,18473.70,50,1594150
20221111,09:32:16,18475.00,250,1594150
20221111,09:32:17,18475.00,150,1594150
20221111,09:32:18,18474.80,50,1594150
20221111,09:32:19,18474.00,100,1594150
20221111,09:32:20,18473.60,500,1594150
20221111,09:32:25,18474.20,100,1590400
20221111,09:32:26,18474.10,150,1590400
20221111,09:32:28,18474.80,50,1590400
20221111,09:32:30,18475.00,50,1590400
20221111,09:32:33,18475.00,250,1590400
20221111,09:32:36,18475.00,100,1590400
20221111,09:32:37,18474.00,300,1590400
20221111,09:32:39,18474.00,100,1590400
20221111,09:32:40,18474.00,800,1590400
20221111,09:32:41,18473.40,450,1590400
20221111,09:32:42,18475.00,200,1590400
20221111,09:32:43,18473.25,100,1590400
20221111,09:32:44,18473.15,50,1590400
20221111,09:32:45,18474.00,400,1590400
20221111,09:32:47,18473.00,250,1590400
20221111,09:32:49,18472.35,200,1590400
20221111,09:32:50,18472.95,400,1590400
20221111,09:32:51,18474.00,50,1590400
20221111,09:32:53,18474.00,400,1590400
20221111,09:32:54,18475.00,300,1590400
20221111,09:32:55,18475.00,50,1590400
20221111,09:32:57,18474.00,50,1590400
20221111,09:32:59,18475.00,1200,1590400
20221111,09:33:00,18475.35,100,1590400
20221111,09:33:01,18475.00,100,1590400
20221111,09:33:02,18475.00,50,1590400
20221111,09:33:02,18475.35,200,1590400
20221111,09:33:04,18475.00,150,1590400
20221111,09:33:05,18475.50,50,1590400
20221111,09:33:09,18475.50,400,1590400
20221111,09:33:10,18476.00,450,1590400
20221111,09:33:11,18477.00,400,1590400
20221111,09:33:13,18475.00,100,1590400
20221111,09:33:15,18474.05,250,1590400
20221111,09:33:16,18472.35,400,1590400
20221111,09:33:17,18472.30,100,1590400
20221111,09:33:19,18475.55,50,1590400
20221111,09:33:20,18475.55,50,1590400
20221111,09:33:23,18470.25,50,1590400
20221111,09:33:24,18473.30,50,1590400
20221111,09:33:26,18472.20,100,1590400
20221111,09:33:28,18472.20,50,1590400
20221111,09:33:29,18470.00,150,1590400
20221111,09:33:30,18470.00,150,1590400
20221111,09:33:32,18472.55,600,1590400
20221111,09:33:34,18472.25,50,1590400
20221111,09:33:35,18471.00,100,1590400
20221111,09:33:37,18467.75,300,1590400
20221111,09:33:43,18467.90,50,1590400
20221111,09:33:45,18467.75,50,1590400
20221111,09:33:46,18468.00,850,1590400
20221111,09:33:47,18468.10,450,1590400
20221111,09:33:49,18471.30,50,1590400
20221111,09:33:51,18468.35,50,1590400
20221111,09:33:53,18471.85,550,1590400
20221111,09:33:56,18471.70,50,1590400
20221111,09:33:59,18470.00,50,1590400
20221111,09:34:05,18470.00,100,1590400
20221111,09:34:07,18469.40,50,1590400
20221111,09:34:08,18468.75,200,1590400
20221111,09:34:10,18468.25,250,1590400
20221111,09:34:11,18468.55,150,1590400
20221111,09:34:12,18470.00,200,1590400
20221111,09:34:14,18469.20,100,1590400
20221111,09:34:15,18470.00,50,1590400
20221111,09:34:18,18468.70,50,1590400
20221111,09:34:19,18468.55,50,1590400
20221111,09:34:21,18468.30,300,1590400
20221111,09:34:22,18468.65,50,1590400
20221111,09:34:23,18468.00,50,1590400
20221111,09:34:25,18468.00,300,1590400
20221111,09:34:26,18466.85,400,1590400
20221111,09:34:27,18468.00,150,1590400
20221111,09:34:28,18467.65,100,1590400
20221111,09:34:29,18466.80,200,1590400
20221111,09:34:30,18467.85,150,1590400
20221111,09:34:31,18464.55,200,1590400
20221111,09:34:32,18464.75,50,1590400
20221111,09:34:33,18464.95,50,1590400
20221111,09:34:34,18464.50,50,1590400
20221111,09:34:36,18464.05,50,1590400
20221111,09:34:38,18465.30,50,1590400
20221111,09:34:41,18463.45,50,1590400
20221111,09:34:46,18465.65,200,1590400
20221111,09:34:47,18463.10,650,1590400
20221111,09:34:49,18463.05,300,1590400
20221111,09:34:50,18462.90,100,1590400
20221111,09:34:51,18465.15,250,1590400
20221111,09:34:52,18465.15,50,1590400
20221111,09:34:53,18465.15,50,1590400
20221111,09:34:56,18465.15,100,1590400
20221111,09:34:57,18465.15,50,1590400
20221111,09:35:00,18465.15,200,1590400
20221111,09:35:01,18463.00,400,1590400
20221111,09:35:04,18465.15,50,1590400
20221111,09:35:07,18463.00,50,1590400
20221111,09:35:08,18463.00,50,1590400
20221111,09:35:09,18463.00,50,1590400
20221111,09:35:12,18462.00,700,1590400
20221111,09:35:13,18463.00,50,1590400
20221111,09:35:14,18465.35,950,1590400
20221111,09:35:15,18464.95,100,1590400
20221111,09:35:18,18465.00,50,1590400
20221111,09:35:19,18462.45,50,1590400
20221111,09:35:20,18465.85,50,1590400
20221111,09:35:21,18465.85,50,1590400
20221111,09:35:33,18460.55,50,1590600
20221111,09:35:34,18464.00,50,1590600
20221111,09:35:35,18463.00,50,1590600
20221111,09:35:37,18461.00,50,1590600
20221111,09:35:39,18463.60,400,1590600
20221111,09:35:42,18460.60,250,1590600
20221111,09:35:44,18460.55,50,1590600
20221111,09:35:46,18464.15,400,1590600
20221111,09:35:47,18465.00,50,1590600
20221111,09:35:48,18464.95,100,1590600
20221111,09:35:52,18461.20,50,1590600
20221111,09:35:56,18461.30,200,1590600
20221111,09:35:56,18464.85,150,1590600
20221111,09:35:57,18461.65,50,1590600
20221111,09:35:58,18461.55,50,1590600
20221111,09:36:02,18460.30,50,1590600
20221111,09:36:03,18460.00,100,1590600
20221111,09:36:04,18462.00,50,1590600
20221111,09:36:05,18460.65,950,1590600
20221111,09:36:08,18457.05,200,1590600
20221111,09:36:09,18457.15,50,1590600
20221111,09:36:10,18459.90,400,1590600
20221111,09:36:12,18456.40,250,1590600
20221111,09:36:13,18457.10,450,1590600
20221111,09:36:16,18457.95,100,1590600
20221111,09:36:17,18458.20,250,1590600
20221111,09:36:18,18457.00,1000,1590600
20221111,09:36:20,18457.85,50,1590600
20221111,09:36:22,18457.35,50,1590600
20221111,09:36:26,18460.25,350,1590600
20221111,09:36:27,18458.90,100,1590600
20221111,09:36:28,18461.95,800,1590600
20221111,09:36:30,18460.05,450,1590600
20221111,09:36:31,18460.50,150,1590600
20221111,09:36:33,18459.50,50,1590600
20221111,09:36:36,18458.05,50,1590600
20221111,09:36:38,18459.40,50,1590600
20221111,09:36:41,18459.00,50,1590600
20221111,09:36:43,18458.95,400,1590600
20221111,09:36:45,18459.35,150,1590600
20221111,09:36:46,18461.95,250,1590600
20221111,09:36:50,18460.10,300,1590600
20221111,09:36:53,18461.25,550,1590600
20221111,09:36:55,18461.30,50,1590600
20221111,09:36:56,18460.95,50,1590600
20221111,09:36:59,18458.30,100,1590600
20221111,09:37:00,18458.35,250,1590600
20221111,09:37:02,18458.20,100,1590600
20221111,09:37:03,18458.15,50,1590600
20221111,09:37:05,18461.35,150,1590600
20221111,09:37:06,18460.65,450,1590600
20221111,09:37:08,18461.50,150,1590600
20221111,09:37:09,18460.45,50,1590600
20221111,09:37:10,18460.45,100,1590600
20221111,09:37:11,18460.00,50,1590600
20221111,09:37:16,18460.15,600,1590600
20221111,09:37:17,18460.05,50,1590600
20221111,09:37:18,18460.45,200,1590600
20221111,09:37:20,18460.95,100,1590600
20221111,09:37:21,18460.25,150,1590600
20221111,09:37:27,18459.95,250,1590600
20221111,09:37:29,18460.05,50,1590600
20221111,09:37:31,18461.80,300,1590600
20221111,09:37:32,18462.60,350,1590600
20221111,09:37:33,18461.10,450,1590600
20221111,09:37:35,18461.40,50,1590600
20221111,09:37:37,18463.55,50,1590600
20221111,09:37:38,18463.75,550,1590600
20221111,09:37:41,18464.00,50,1590600
20221111,09:37:43,18464.75,100,1590600
20221111,09:37:44,18463.40,50,1590600
20221111,09:37:45,18465.00,150,1590600
20221111,09:37:48,18463.45,250,1590600
20221111,09:37:50,18465.85,850,1590600
20221111,09:37:51,18464.65,250,1590600
20221111,09:37:52,18466.50,100,1590600
20221111,09:37:53,18466.80,100,1590600
20221111,09:37:55,18466.70,150,1590600
20221111,09:37:56,18466.75,50,1590600
20221111,09:37:57,18468.00,150,1590600
20221111,09:38:00,18466.90,50,1590600
20221111,09:38:01,18466.85,100,1590600
20221111,09:38:03,18468.80,450,1590600
20221111,09:38:03,18466.25,50,1590600
20221111,09:38:08,18469.50,250,1590600
20221111,09:38:10,18467.30,250,1590600
20221111,09:38:12,18468.55,50,1590600
20221111,09:38:13,18468.10,150,1590600
20221111,09:38:17,18469.00,50,1590600
20221111,09:38:20,18468.10,50,1590600
20221111,09:38:22,18468.30,50,1590600
20221111,09:38:24,18468.00,50,1590600
20221111,09:38:25,18466.20,300,1587400
20221111,09:38:27,18466.75,50,1587400
20221111,09:38:28,18465.80,50,1587400
20221111,09:38:32,18467.25,500,1587400
20221111,09:38:37,18466.40,50,1587400
20221111,09:38:39,18463.45,50,1587400
20221111,09:38:41,18466.05,50,1587400
20221111,09:38:42,18466.05,100,1587400
20221111,09:38:44,18462.10,250,1587400
20221111,09:38:47,18464.05,200,1587400
20221111,09:38:48,18461.50,200,1587400
20221111,09:38:49,18461.25,50,1587400
20221111,09:38:51,18461.10,500,1587400
20221111,09:38:52,18463.05,300,1587400
20221111,09:38:53,18460.95,400,1587400
20221111,09:38:55,18460.00,100,1587400
20221111,09:38:57,18460.00,50,1587400
20221111,09:38:58,18460.20,500,1587400
20221111,09:38:59,18462.80,100,1587400
20221111,09:39:01,18461.05,50,1587400
20221111,09:39:04,18464.85,50,1587400
20221111,09:39:05,18460.05,250,1587400
20221111,09:39:06,18461.05,50,1587400
20221111,09:39:07,18461.05,150,1587400
20221111,09:39:09,18462.45,50,1587400
20221111,09:39:12,18460.05,100,1587400
20221111,09:39:13,18460.00,50,1587400
20221111,09:39:14,18462.80,50,1587400
20221111,09:39:16,18460.65,50,1587400
20221111,09:39:17,18463.00,50,1587400
20221111,09:39:19,18460.05,150,1587400
20221111,09:39:20,18459.60,50,1587400
20221111,09:39:21,18460.25,50,1587400
20221111,09:39:26,18460.40,50,1587400
20221111,09:39:29,18460.65,50,1587400
20221111,09:39:31,18462.00,100,1587400
20221111,09:39:33,18460.90,100,1587400
20221111,09:39:34,18463.00,100,1587400
20221111,09:39:35,18460.80,600,1587400
20221111,09:39:35,18461.05,50,1587400
20221111,09:39:36,18462.00,100,1587400
20221111,09:39:37,18460.25,50,1587400
20221111,09:39:38,18463.45,150,1587400
20221111,09:39:41,18460.65,50,1587400
20221111,09:39:44,18461.30,50,1587400
20221111,09:39:46,18460.85,300,1587400
20221111,09:39:47,18461.10,50,1587400
20221111,09:39:48,18464.65,100,1587400
20221111,09:39:50,18460.70,200,1587400
20221111,09:39:51,18460.90,50,1587400
20221111,09:39:53,18464.80,50,1587400
20221111,09:39:56,18461.90,250,1587400
20221111,09:39:57,18461.40,50,1587400
20221111,09:39:58,18462.00,50,1587400
20221111,09:40:00,18460.90,150,1587400
20221111,09:40:02,18460.60,50,1587400
20221111,09:40:04,18461.60,50,1587400
20221111,09:40:05,18460.55,50,1587400
20221111,09:40:07,18460.20,100,1587400
20221111,09:40:08,18460.25,200,1587400
20221111,09:40:10,18458.15,150,1587400
20221111,09:40:11,18457.40,100,1587400
20221111,09:40:15,18460.20,650,1587400
20221111,09:40:16,18460.30,50,1587400
20221111,09:40:17,18460.35,50,1587400
20221111,09:40:18,18457.85,250,1587400
20221111,09:40:20,18460.35,100,1587400
20221111,09:40:21,18460.75,200,1587400
20221111,09:40:22,18460.75,50,1587400
20221111,09:40:23,18458.45,50,1587400
20221111,09:40:26,18460.85,150,1587400
20221111,09:40:27,18457.85,600,1587400
20221111,09:40:28,18458.10,150,1587400
20221111,09:40:31,18457.65,50,1587400
20221111,09:40:32,18458.25,50,1587400
20221111,09:40:33,18458.30,200,1587400
20221111,09:40:34,18458.00,50,1587400
20221111,09:40:36,18460.55,50,1587400
20221111,09:40:37,18457.80,50,1587400
20221111,09:40:38,18457.60,150,1587400
20221111,09:40:43,18459.95,100,1587400
20221111,09:40:51,18456.55,50,1587400
20221111,09:40:52,18455.05,350,1587400
20221111,09:40:56,18455.45,100,1587400
20221111,09:40:57,18455.45,150,1587400
20221111,09:40:59,18455.00,400,1587400
20221111,09:41:00,18456.05,1800,1587400
20221111,09:41:01,18457.35,200,1587400
20221111,09:41:02,18454.20,200,1587400
20221111,09:41:03,18457.55,150,1587400
20221111,09:41:04,18453.50,650,1587400
20221111,09:41:06,18456.10,50,1587400
20221111,09:41:07,18453.25,100,1587400
20221111,09:41:10,18453.25,250,1587400
20221111,09:41:11,18453.45,150,1587400
20221111,09:41:13,18455.00,50,1587400
20221111,09:41:18,18453.65,250,1587400
20221111,09:41:19,18455.60,450,1587400
20221111,09:41:21,18453.45,50,1587400
20221111,09:41:23,18452.70,150,1587400
20221111,09:41:27,18455.10,350,1585050
20221111,09:41:27,18455.25,50,1585050
20221111,09:41:28,18456.10,300,1585050
20221111,09:41:30,18452.30,350,1585050
20221111,09:41:31,18452.30,50,1585050
20221111,09:41:34,18451.10,400,1585050
20221111,09:41:38,18451.10,50,1585050
20221111,09:41:42,18450.35,50,1585050
20221111,09:41:45,18452.35,150,1585050
20221111,09:41:48,18452.60,50,1585050
20221111,09:41:49,18451.50,250,1585050
20221111,09:41:55,18451.20,50,1585050
20221111,09:41:56,18451.80,100,1585050
20221111,09:41:59,18451.40,200,1585050
20221111,09:42:00,18452.00,50,1585050
20221111,09:42:01,18451.05,200,1585050
20221111,09:42:05,18450.70,100,1585050
20221111,09:42:07,18454.00,50,1585050
20221111,09:42:09,18454.00,50,1585050
20221111,09:42:10,18453.75,100,1585050
20221111,09:42:11,18453.75,50,1585050
20221111,09:42:12,18451.80,1650,1585050
20221111,09:42:15,18455.00,100,1585050
20221111,09:42:16,18452.35,50,1585050
20221111,09:42:17,18452.75,200,1585050
20221111,09:42:19,18452.20,100,1585050
20221111,09:42:20,18452.05,50,1585050
20221111,09:42:23,18455.95,200,1585050
20221111,09:42:24,18453.95,1650,1585050
20221111,09:42:26,18457.00,350,1585050
20221111,09:42:27,18456.10,50,1585050
20221111,09:42:28,18456.20,50,1585050
20221111,09:42:30,18457.25,50,1585050
20221111,09:42:41,18455.25,50,1585050
20221111,09:42:45,18455.95,50,1585050
20221111,09:42:46,18456.30,200,1585050
20221111,09:42:47,18458.40,100,1585050
20221111,09:42:48,18458.40,50,1585050
20221111,09:42:49,18458.45,100,1585050
20221111,09:42:50,18456.30,100,1585050
20221111,09:42:51,18455.70,150,1585050
20221111,09:42:52,18455.05,250,1585050
20221111,09:42:53,18455.80,100,1585050
20221111,09:42:54,18458.60,300,1585050
20221111,09:42:56,18455.55,200,1585050
20221111,09:42:59,18455.60,100,1585050
20221111,09:43:00,18456.05,50,1585050
20221111,09:43:05,18456.70,150,1585050
20221111,09:43:06,18456.20,50,1585050
20221111,09:43:08,18456.05,100,1585050
20221111,09:43:09,18456.05,150,1585050
20221111,09:43:13,18457.00,100,1585050
20221111,09:43:14,18455.75,50,1585050
20221111,09:43:17,18456.85,50,1585050
20221111,09:43:18,18457.85,250,1585050
20221111,09:43:19,18460.00,100,1585050
20221111,09:43:21,18457.15,150,1585050
20221111,09:43:23,18456.70,100,1585050
20221111,09:43:25,18456.10,50,1585050
20221111,09:43:27,18457.15,50,1585050
20221111,09:43:31,18457.05,50,1585050
20221111,09:43:37,18456.20,50,1585050
20221111,09:43:39,18455.95,250,1585050
20221111,09:43:40,18457.00,200,1585050
20221111,09:43:41,18457.00,350,1585050
20221111,09:43:42,18454.05,50,1585050
20221111,09:43:45,18454.95,200,1585050
20221111,09:43:46,18455.65,50,1585050
20221111,09:43:48,18454.05,50,1585050
20221111,09:43:52,18452.80,50,1585050
20221111,09:43:56,18455.45,100,1585050
20221111,09:44:02,18454.00,100,1585050
20221111,09:44:04,18454.25,50,1585050
20221111,09:44:05,18452.00,100,1585050
20221111,09:44:06,18454.65,50,1585050
20221111,09:44:08,18454.45,100,1585050
20221111,09:44:09,18454.75,550,1585050
20221111,09:44:12,18453.00,150,1585050
20221111,09:44:16,18451.50,50,1585050
20221111,09:44:19,18454.50,300,1585050
20221111,09:44:20,18451.05,100,1585050
20221111,09:44:26,18451.20,50,1585050
20221111,09:44:29,18451.05,250,1584750
20221111,09:44:32,18451.20,50,1584750
20221111,09:44:36,18452.35,200,1584750
20221111,09:44:37,18451.05,300,1584750
20221111,09:44:38,18452.00,50,1584750
20221111,09:44:40,18452.45,50,1584750
20221111,09:44:42,18450.20,600,1584750
20221111,09:44:43,18451.05,50,1584750
20221111,09:44:47,18451.50,600,1584750
20221111,09:44:48,18451.60,50,1584750
20221111,09:44:53,18453.45,400,1584750
20221111,09:44:54,18451.60,100,1584750
20221111,09:44:55,18451.10,900,1584750
20221111,09:44:57,18451.55,50,1584750
20221111,09:44:59,18451.35,50,1584750
20221111,09:45:03,18451.30,50,1584750
20221111,09:45:04,18453.55,250,1584750
20221111,09:45:05,18453.55,50,1584750
20221111,09:45:06,18452.00,50,1584750
20221111,09:45:09,18450.55,100,1584750
20221111,09:45:10,18450.50,50,1584750
20221111,09:45:16,18451.50,350,1584750
20221111,09:45:17,18452.55,150,1584750
20221111,09:45:21,18452.90,200,1584750
20221111,09:45:22,18457.05,850,1584750
20221111,09:45:23,18454.50,100,1584750
20221111,09:45:25,18455.75,250,1584750
20221111,09:45:26,18455.85,50,1584750
20221111,09:45:29,18456.10,150,1584750
20221111,09:45:32,18456.25,200,1584750
20221111,09:45:36,18456.35,150,1584750
20221111,09:45:41,18456.10,50,1584750
20221111,09:45:42,18456.35,200,1584750
20221111,09:45:43,18459.00,100,1584750
20221111,09:45:45,18458.05,50,1584750
20221111,09:45:48,18457.90,100,1584750
20221111,09:45:49,18457.90,50,1584750
20221111,09:45:53,18458.25,150,1584750
20221111,09:45:54,18453.70,550,1584750
20221111,09:45:55,18456.85,600,1584750
20221111,09:45:59,18458.20,50,1584750
20221111,09:46:08,18455.80,300,1584750
20221111,09:46:11,18455.80,50,1584750
20221111,09:46:15,18454.25,50,1584750
20221111,09:46:23,18455.10,1050,1584750
20221111,09:46:30,18452.10,50,1584750
20221111,09:46:34,18452.45,200,1584750
20221111,09:46:43,18452.30,150,1584750
20221111,09:46:46,18455.15,250,1584750
20221111,09:46:50,18452.00,50,1584750
20221111,09:46:52,18451.00,100,1584750
20221111,09:46:55,18452.20,150,1584750
20221111,09:47:01,18450.30,200,1584750
20221111,09:47:05,18452.20,100,1584750
20221111,09:47:06,18452.20,50,1584750
20221111,09:47:08,18455.00,300,1584750
20221111,09:47:11,18455.00,50,1584750
20221111,09:47:14,18452.60,50,1584750
20221111,09:47:20,18454.70,600,1584750
20221111,09:47:21,18451.25,100,1584750
20221111,09:47:24,18454.75,100,1584750
20221111,09:47:28,18454.50,50,1584750
20221111,09:47:29,18452.00,50,1582200
20221111,09:47:30,18452.00,150,1582200
20221111,09:47:32,18452.00,100,1582200
20221111,09:47:36,18450.30,50,1582200
20221111,09:47:39,18450.15,50,1582200
20221111,09:47:42,18450.55,50,1582200
20221111,09:47:44,18450.55,50,1582200
20221111,09:47:46,18450.55,50,1582200
20221111,09:47:47,18450.75,250,1582200
20221111,09:47:48,18450.25,50,1582200
20221111,09:47:51,18450.55,50,1582200
20221111,09:47:55,18451.00,100,1582200
20221111,09:48:01,18451.10,150,1582200
20221111,09:48:02,18451.20,50,1582200
20221111,09:48:03,18450.00,100,1582200
20221111,09:48:04,18450.00,150,1582200
20221111,09:48:06,18445.00,1200,1582200
20221111,09:48:07,18444.05,50,1582200
20221111,09:48:10,18443.00,50,1582200
20221111,09:48:15,18445.80,100,1582200
20221111,09:48:18,18442.95,100,1582200
20221111,09:48:19,18445.35,100,1582200
20221111,09:48:21,18442.90,250,1582200
20221111,09:48:25,18445.20,50,1582200
20221111,09:48:29,18442.35,50,1582200
20221111,09:48:30,18442.35,50,1582200
20221111,09:48:31,18445.35,750,1582200
20221111,09:48:37,18442.35,50,1582200
20221111,09:48:38,18442.10,50,1582200
20221111,09:48:41,18445.30,50,1582200
20221111,09:48:41,18442.10,50,1582200
20221111,09:48:42,18445.35,50,1582200
20221111,09:48:43,18443.55,1500,1582200
20221111,09:48:44,18444.10,200,1582200
20221111,09:48:46,18445.35,950,1582200
20221111,09:48:46,18445.35,100,1582200
20221111,09:48:47,18449.10,200,1582200
20221111,09:48:48,18449.30,400,1582200
20221111,09:48:49,18445.35,200,1582200
20221111,09:48:52,18447.20,150,1582200
20221111,09:48:55,18447.70,50,1582200
20221111,09:48:58,18447.70,900,1582200
20221111,09:48:59,18447.70,50,1582200
20221111,09:49:00,18447.70,150,1582200
20221111,09:49:01,18448.00,150,1582200
20221111,09:49:03,18448.95,150,1582200
20221111,09:49:04,18449.00,100,1582200
20221111,09:49:05,18447.70,150,1582200
20221111,09:49:09,18448.05,550,1582200
20221111,09:49:12,18448.20,2200,1582200
20221111,09:49:17,18452.45,650,1582200
20221111,09:49:18,18452.35,100,1582200
20221111,09:49:19,18452.50,150,1582200
20221111,09:49:22,18452.95,50,1582200
20221111,09:49:23,18455.00,50,1582200
20221111,09:49:24,18455.00,200,1582200
20221111,09:49:25,18455.75,200,1582200
20221111,09:49:27,18454.30,100,1582200
20221111,09:49:28,18458.65,550,1582200
20221111,09:49:31,18460.00,550,1582200
20221111,09:49:32,18460.45,100,1582200
20221111,09:49:33,18460.75,450,1582200
20221111,09:49:35,18460.75,50,1582200
20221111,09:49:37,18462.90,150,1582200
20221111,09:49:38,18461.10,50,1582200
20221111,09:49:39,18463.05,900,1582200
20221111,09:49:40,18462.80,250,1582200
20221111,09:49:43,18463.80,400,1582200
20221111,09:49:45,18461.25,650,1582200
20221111,09:49:46,18464.55,200,1582200
20221111,09:49:48,18464.20,200,1582200
20221111,09:49:49,18464.80,50,1582200
20221111,09:49:50,18464.40,250,1582200
20221111,09:49:51,18464.80,650,1582200
20221111,09:49:53,18464.75,400,1582200
20221111,09:49:54,18464.10,400,1582200
20221111,09:49:55,18460.80,300,1582200
20221111,09:49:56,18463.55,250,1582200
20221111,09:49:58,18462.90,50,1582200
20221111,09:50:00,18459.05,100,1582200
20221111,09:50:00,18461.70,100,1582200
20221111,09:50:05,18458.35,150,1582200
20221111,09:50:07,18462.55,50,1582200
20221111,09:50:08,18459.15,50,1582200
20221111,09:50:10,18462.00,50,1582200
20221111,09:50:11,18460.40,100,1582200
20221111,09:50:16,18461.50,50,1582200
20221111,09:50:21,18464.50,50,1582200
20221111,09:50:23,18463.40,50,1582200
20221111,09:50:28,18463.40,50,1580650
20221111,09:50:29,18461.00,50,1580650
20221111,09:50:30,18463.40,400,1580650
20221111,09:50:33,18463.40,300,1580650
20221111,09:50:33,18463.40,50,1580650
20221111,09:50:34,18462.95,100,1580650
20221111,09:50:35,18465.00,150,1580650
20221111,09:50:38,18465.00,200,1580650
20221111,09:50:40,18463.45,700,1580650
20221111,09:50:41,18466.70,100,1580650
20221111,09:50:43,18466.75,100,1580650
20221111,09:50:47,18466.95,50,1580650
20221111,09:50:53,18468.75,700,1580650
20221111,09:50:56,18466.75,150,1580650
20221111,09:51:01,18466.00,50,1580650
20221111,09:51:03,18466.60,250,1580650
20221111,09:51:04,18466.10,50,1580650
20221111,09:51:05,18469.70,200,1580650
20221111,09:51:07,18466.80,400,1580650
20221111,09:51:12,18469.85,100,1580650
20221111,09:51:14,18468.00,50,1580650
20221111,09:51:17,18466.85,100,1580650
20221111,09:51:20,18469.90,50,1580650
20221111,09:51:21,18469.70,100,1580650
20221111,09:51:22,18468.85,400,1580650
20221111,09:51:26,18470.00,150,1580650
20221111,09:51:28,18470.00,150,1580650
20221111,09:51:29,18470.00,50,1580650
20221111,09:51:31,18468.00,300,1580650
20221111,09:51:32,18468.65,350,1580650
20221111,09:51:34,18469.35,150,1580650
20221111,09:51:36,18468.25,500,1580650
20221111,09:51:41,18469.45,50,1580650
20221111,09:51:44,18466.80,50,1580650
20221111,09:51:50,18465.00,200,1580650
20221111,09:51:52,18466.80,50,1580650
20221111,09:51:53,18465.75,100,1580650
20221111,09:51:55,18466.80,100,1580650
20221111,09:51:55,18465.00,100,1580650
20221111,09:51:57,18464.60,50,1580650
20221111,09:51:59,18466.80,150,1580650
20221111,09:52:00,18468.15,150,1580650
20221111,09:52:02,18466.70,200,1580650
20221111,09:52:08,18465.00,100,1580650
20221111,09:52:09,18462.40,50,1580650
20221111,09:52:14,18464.00,50,1580650
20221111,09:52:15,18464.00,400,1580650
20221111,09:52:16,18465.00,50,1580650
20221111,09:52:17,18462.60,250,1580650
20221111,09:52:19,18465.00,650,1580650
20221111,09:52:20,18465.00,200,1580650
20221111,09:52:25,18463.05,100,1580650
20221111,09:52:27,18460.40,250,1580650
20221111,09:52:28,18464.50,50,1580650
20221111,09:52:38,18464.45,50,1580650
20221111,09:52:39,18464.50,50,1580650
20221111,09:52:42,18462.60,150,1580650
20221111,09:52:43,18462.10,100,1580650
20221111,09:52:43,18462.10,150,1580650
20221111,09:52:44,18460.00,250,1580650
20221111,09:52:47,18463.00,150,1580650
20221111,09:52:49,18460.00,50,1580650
20221111,09:52:55,18460.00,50,1580650
20221111,09:52:56,18460.00,50,1580650
20221111,09:53:05,18463.00,50,1580650
20221111,09:53:07,18460.15,1300,1580650
20221111,09:53:10,18463.00,50,1580650
20221111,09:53:11,18463.00,50,1580650
20221111,09:53:12,18461.10,100,1580650
20221111,09:53:16,18461.90,100,1580650
20221111,09:53:18,18462.25,50,1580650
20221111,09:53:19,18463.65,50,1580650
20221111,09:53:23,18463.00,50,1580650
20221111,09:53:24,18463.50,50,1580650
20221111,09:53:26,18463.00,50,1580650
20221111,09:53:27,18461.00,50,1580650
20221111,09:53:28,18462.65,50,1580100
20221111,09:53:29,18462.65,50,1580100
20221111,09:53:35,18460.00,50,1580100
20221111,09:53:38,18460.20,400,1580100
20221111,09:53:44,18460.00,200,1580100
20221111,09:53:45,18458.55,250,1580100
20221111,09:53:55,18458.90,50,1580100
20221111,09:53:56,18458.35,100,1580100
20221111,09:53:57,18462.05,250,1580100
20221111,09:53:58,18458.45,50,1580100
20221111,09:54:01,18458.85,100,1580100
20221111,09:54:07,18460.40,250,1580100
20221111,09:54:09,18461.00,100,1580100
20221111,09:54:11,18460.65,50,1580100
20221111,09:54:17,18465.00,100,1580100
20221111,09:54:18,18462.35,150,1580100
20221111,09:54:19,18464.70,50,1580100
20221111,09:54:21,18464.70,50,1580100
20221111,09:54:25,18462.00,100,1580100
20221111,09:54:29,18460.75,50,1580100
20221111,09:54:31,18464.40,50,1580100
20221111,09:54:38,18464.50,150,1580100
20221111,09:54:50,18464.05,50,1580100
20221111,09:54:53,18463.50,50,1580100
20221111,09:54:57,18460.40,50,1580100
20221111,09:55:06,18460.00,100,1580100
20221111,09:55:12,18462.30,150,1580100
20221111,09:55:14,18462.55,150,1580100
20221111,09:55:19,18460.30,250,1580100
20221111,09:55:26,18462.95,150,1580100
20221111,09:55:29,18460.05,100,1580100
20221111,09:55:33,18463.65,50,1580100
20221111,09:55:34,18463.85,50,1580100
20221111,09:55:38,18463.75,50,1580100
20221111,09:55:39,18462.70,1400,1580100
20221111,09:55:40,18463.15,400,1580100
20221111,09:55:41,18463.15,50,1580100
20221111,09:55:49,18461.65,200,1580100
20221111,09:55:51,18457.60,50,1580100
20221111,09:55:54,18460.05,350,1580100
20221111,09:55:55,18459.40,550,1580100
20221111,09:55:58,18457.65,50,1580100
20221111,09:56:03,18459.10,100,1580100
20221111,09:56:04,18457.00,100,1580100
20221111,09:56:07,18458.00,200,1580100
20221111,09:56:08,18457.15,500,1580100
20221111,09:56:12,18458.00,50,1580100
20221111,09:56:16,18457.35,250,1580100
20221111,09:56:17,18458.00,50,1580100
20221111,09:56:18,18456.35,600,1580100
20221111,09:56:22,18458.95,50,1580100
20221111,09:56:30,18456.00,200,1581200
20221111,09:56:35,18456.00,100,1581200
20221111,09:56:36,18456.00,50,1581200
20221111,09:56:37,18457.00,50,1581200
20221111,09:56:41,18455.90,150,1581200
20221111,09:56:44,18456.45,200,1581200
20221111,09:56:49,18456.00,50,1581200
20221111,09:56:50,18454.95,50,1581200
20221111,09:56:51,18454.35,50,1581200
20221111,09:56:52,18453.95,100,1581200
20221111,09:56:54,18455.75,50,1581200
20221111,09:56:59,18456.00,50,1581200
20221111,09:57:00,18456.45,150,1581200
20221111,09:57:04,18456.45,50,1581200
20221111,09:57:05,18456.45,50,1581200
20221111,09:57:07,18456.90,200,1581200
20221111,09:57:09,18456.95,50,1581200
20221111,09:57:12,18456.95,100,1581200
20221111,09:57:13,18454.40,250,1581200
20221111,09:57:16,18456.00,50,1581200
20221111,09:57:17,18456.85,100,1581200
20221111,09:57:19,18457.00,100,1581200
20221111,09:57:20,18456.90,50,1581200
20221111,09:57:21,18454.50,50,1581200
20221111,09:57:22,18457.00,50,1581200
20221111,09:57:28,18455.50,400,1581200
20221111,09:57:29,18455.05,300,1581200
20221111,09:57:30,18455.05,50,1581200
20221111,09:57:33,18454.15,50,1581200
20221111,09:57:37,18453.95,100,1581200
20221111,09:57:39,18456.80,50,1581200
20221111,09:57:40,18457.00,150,1581200
20221111,09:57:41,18457.00,150,1581200
20221111,09:57:43,18456.25,250,1581200
20221111,09:57:44,18456.20,50,1581200
20221111,09:57:50,18458.55,150,1581200
20221111,09:57:55,18459.15,50,1581200
20221111,09:57:59,18456.15,100,1581200
20221111,09:58:01,18455.65,50,1581200
20221111,09:58:02,18459.15,50,1581200
20221111,09:58:04,18459.10,100,1581200
20221111,09:58:06,18459.15,1000,1581200
20221111,09:58:07,18456.00,200,1581200
20221111,09:58:11,18456.40,50,1581200
20221111,09:58:12,18454.30,150,1581200
20221111,09:58:13,18454.00,50,1581200
20221111,09:58:18,18454.30,50,1581200
20221111,09:58:19,18456.30,1000,1581200
20221111,09:58:25,18453.10,1050,1581200
20221111,09:58:33,18455.10,50,1581200
20221111,09:58:34,18456.30,100,1581200
20221111,09:58:40,18455.15,50,1581200
20221111,09:58:42,18455.95,50,1581200
20221111,09:58:43,18455.70,100,1581200
20221111,09:58:45,18455.45,100,1581200
20221111,09:58:48,18456.00,500,1581200
20221111,09:58:49,18457.00,300,1581200
20221111,09:58:50,18456.00,50,1581200
20221111,09:58:51,18453.10,300,1581200
20221111,09:58:54,18452.60,400,1581200
20221111,09:58:56,18453.40,1600,1581200
20221111,09:58:59,18452.55,250,1581200
20221111,09:58:59,18449.45,50,1581200
20221111,09:59:00,18449.40,150,1581200
20221111,09:59:01,18449.60,200,1581200
20221111,09:59:02,18450.30,50,1581200
20221111,09:59:05,18450.75,450,1581200
20221111,09:59:11,18451.70,350,1581200
20221111,09:59:12,18451.65,750,1581200
20221111,09:59:14,18450.95,100,1581200
20221111,09:59:17,18451.70,150,1581200
20221111,09:59:18,18451.90,150,1581200
20221111,09:59:20,18452.05,100,1581200
20221111,09:59:22,18451.90,50,1581200
20221111,09:59:23,18452.00,50,1581200
20221111,09:59:25,18451.85,150,1581200
20221111,09:59:29,18450.95,50,1580450
20221111,09:59:31,18453.80,150,1580450
20221111,09:59:33,18450.90,50,1580450
20221111,09:59:33,18451.20,200,1580450
20221111,09:59:35,18451.15,50,1580450
20221111,09:59:38,18451.20,100,1580450
20221111,09:59:40,18454.55,250,1580450
20221111,09:59:44,18451.55,50,1580450
20221111,09:59:45,18451.60,50,1580450
20221111,09:59:51,18451.65,300,1580450
20221111,09:59:56,18451.65,50,1580450
20221111,10:00:00,18451.80,100,1580450
20221111,10:00:02,18455.00,1900,1580450
20221111,10:00:03,18457.45,200,1580450
20221111,10:00:04,18455.00,50,1580450
20221111,10:00:05,18454.95,50,1580450
20221111,10:00:07,18454.95,50,1580450
20221111,10:00:09,18454.95,50,1580450
20221111,10:00:10,18456.75,700,1580450
20221111,10:00:12,18452.85,50,1580450
20221111,10:00:15,18456.55,300,1580450
20221111,10:00:18,18453.75,50,1580450
20221111,10:00:27,18453.20,150,1580450
20221111,10:00:33,18453.20,50,1580450
20221111,10:00:35,18453.40,50,1580450
20221111,10:00:39,18453.00,50,1580450
20221111,10:00:50,18452.10,50,1580450
20221111,10:00:51,18452.10,50,1580450
20221111,10:00:55,18455.75,250,1580450
20221111,10:00:57,18454.35,150,1580450
20221111,10:00:58,18459.00,250,1580450
20221111,10:01:01,18457.65,50,1580450
20221111,10:01:03,18455.70,50,1580450
20221111,10:01:08,18456.35,50,1580450
20221111,10:01:11,18457.75,100,1580450
20221111,10:01:12,18458.60,150,1580450
20221111,10:01:15,18458.95,50,1580450
20221111,10:01:17,18460.00,100,1580450
20221111,10:01:20,18460.00,300,1580450
20221111,10:01:21,18462.90,100,1580450
20221111,10:01:22,18463.00,50,1580450
20221111,10:01:35,18460.00,50,1580450
20221111,10:01:36,18460.00,50,1580450
20221111,10:01:37,18457.30,100,1580450
20221111,10:01:40,18459.55,50,1580450
20221111,10:01:42,18456.25,250,1580450
20221111,10:01:47,18456.45,50,1580450
20221111,10:01:48,18456.85,50,1580450
20221111,10:01:50,18456.30,50,1580450
20221111,10:01:55,18456.25,50,1580450
20221111,10:01:58,18455.45,100,1580450
20221111,10:01:59,18458.75,150,1580450
20221111,10:02:05,18454.05,50,1580450
20221111,10:02:06,18454.40,50,1580450
20221111,10:02:15,18453.80,200,1580450
20221111,10:02:26,18454.10,50,1580450
20221111,10:02:31,18454.80,50,1579950
20221111,10:02:36,18455.00,50,1579950
20221111,10:02:37,18452.35,50,1579950
20221111,10:02:40,18452.00,50,1579950
20221111,10:02:47,18455.00,50,1579950
20221111,10:02:49,18454.35,50,1579950
20221111,10:02:50,18454.35,50,1579950
20221111,10:02:54,18454.85,50,1579950
20221111,10:03:03,18458.65,50,1579950
20221111,10:03:12,18455.60,50,1579950
20221111,10:03:13,18459.15,50,1579950
20221111,10:03:17,18458.05,50,1579950
20221111,10:03:22,18455.25,100,1579950
20221111,10:03:30,18453.65,150,1579950
20221111,10:03:32,18452.70,100,1579950
20221111,10:03:37,18455.25,50,1579950
20221111,10:03:44,18451.00,100,1579950
20221111,10:03:45,18452.45,50,1579950
20221111,10:03:50,18450.30,50,1579950
20221111,10:04:00,18451.00,50,1579950
20221111,10:04:03,18453.10,50,1579950
20221111,10:04:06,18453.10,100,1579950
20221111,10:04:14,18452.85,50,1579950
20221111,10:04:19,18450.35,50,1579950
20221111,10:04:20,18453.50,50,1579950
20221111,10:04:21,18450.50,100,1579950
20221111,10:04:22,18453.70,100,1579950
20221111,10:04:32,18450.30,100,1579950
20221111,10:04:33,18452.75,500,1579950
20221111,10:04:37,18452.20,50,1579950
20221111,10:04:48,18450.55,400,1579950
20221111,10:04:57,18453.00,50,1579950
20221111,10:04:59,18451.55,50,1579950
20221111,10:05:10,18453.80,50,1579950
20221111,10:05:12,18451.90,50,1579950
20221111,10:05:13,18451.90,50,1579950
20221111,10:05:16,18453.55,50,1579950
20221111,10:05:17,18455.00,150,1579950
20221111,10:05:25,18455.00,50,1579950
20221111,10:05:29,18458.80,100,1579950
20221111,10:05:30,18459.35,100,1580100
20221111,10:05:39,18459.00,50,1580100
20221111,10:05:43,18454.60,50,1580100
20221111,10:05:49,18455.20,50,1580100
20221111,10:05:53,18457.95,50,1580100
20221111,10:05:54,18454.65,50,1580100
20221111,10:05:57,18457.00,50,1580100
20221111,10:06:06,18458.00,50,1580100
20221111,10:06:09,18459.30,300,1580100
20221111,10:06:10,18459.30,200,1580100
20221111,10:06:12,18459.95,50,1580100
20221111,10:06:13,18459.95,250,1580100
20221111,10:06:14,18460.00,100,1580100
20221111,10:06:16,18460.95,950,1580100
20221111,10:06:22,18460.20,100,1580100
20221111,10:06:27,18457.25,50,1580100
20221111,10:06:41,18459.05,50,1580100
20221111,10:06:45,18457.75,50,1580100
20221111,10:06:48,18457.30,50,1580100
20221111,10:06:59,18457.20,50,1580100
20221111,10:07:00,18457.05,50,1580100
20221111,10:07:09,18457.05,50,1580100
20221111,10:07:11,18456.00,150,1580100
20221111,10:07:13,18456.00,400,1580100
20221111,10:07:54,18456.50,50,1580100
20221111,10:08:01,18453.00,50,1580100
20221111,10:08:02,18453.00,100,1580100
20221111,10:08:10,18456.00,50,1580100
20221111,10:08:25,18453.05,50,1580100
20221111,10:08:31,18455.00,50,1581700
20221111,10:08:34,18452.95,50,1581700
20221111,10:08:38,18452.45,50,1581700
20221111,10:08:47,18453.00,150,1581700
20221111,10:08:48,18453.00,150,1581700
20221111,10:08:50,18453.95,150,1581700
20221111,10:09:05,18451.55,50,1581700
20221111,10:09:07,18451.50,50,1581700
20221111,10:09:08,18451.00,50,1581700
20221111,10:09:09,18450.85,100,1581700
20221111,10:09:14,18451.35,50,1581700
20221111,10:09:20,18453.40,50,1581700
20221111,10:09:22,18450.00,150,1581700
20221111,10:09:23,18450.00,50,1581700
20221111,10:09:24,18450.00,50,1581700
20221111,10:09:31,18450.00,800,1581700
20221111,10:09:34,18450.00,50,1581700
20221111,10:09:40,18453.90,200,1581700
20221111,10:09:41,18453.90,100,1581700
20221111,10:09:43,18450.25,100,1581700
20221111,10:09:53,18450.35,50,1581700
20221111,10:10:04,18452.20,50,1581700
20221111,10:10:09,18455.00,100,1581700
20221111,10:10:11,18453.30,100,1581700
20221111,10:10:23,18454.55,50,1581700
20221111,10:10:26,18453.00,50,1581700
20221111,10:10:27,18455.90,100,1581700
20221111,10:10:32,18455.80,50,1581700
20221111,10:10:34,18453.50,50,1581700
20221111,10:10:36,18454.50,100,1581700
20221111,10:10:37,18455.90,100,1581700
20221111,10:10:45,18456.00,100,1581700
20221111,10:10:51,18454.05,50,1581700
20221111,10:10:52,18455.90,50,1581700
20221111,10:10:54,18458.70,800,1581700
20221111,10:10:59,18459.75,400,1581700
20221111,10:11:10,18456.10,50,1581700
20221111,10:11:17,18457.00,50,1581700
20221111,10:11:34,18456.50,50,1582050
20221111,10:11:37,18456.00,400,1582050
20221111,10:11:41,18456.00,50,1582050
20221111,10:11:45,18456.05,100,1582050
20221111,10:11:50,18458.60,100,1582050
20221111,10:11:55,18458.60,50,1582050
20221111,10:12:05,18458.00,150,1582050
20221111,10:12:07,18456.85,150,1582050
20221111,10:12:08,18458.60,50,1582050
20221111,10:12:12,18456.65,500,1582050
20221111,10:12:14,18460.00,150,1582050
20221111,10:12:15,18460.00,200,1582050
20221111,10:12:17,18460.00,850,1582050
20221111,10:12:21,18459.95,150,1582050
20221111,10:12:33,18460.00,50,1582050
20221111,10:12:35,18458.75,700,1582050
20221111,10:12:38,18460.00,50,1582050
20221111,10:12:39,18460.00,50,1582050
20221111,10:12:43,18460.00,50,1582050
20221111,10:12:46,18462.65,50,1582050
20221111,10:12:50,18462.75,50,1582050
20221111,10:12:55,18460.00,50,1582050
20221111,10:12:57,18459.35,200,1582050
20221111,10:12:58,18462.85,50,1582050
20221111,10:13:00,18458.65,500,1582050
20221111,10:13:13,18462.00,50,1582050
20221111,10:13:23,18462.00,250,1582050
20221111,10:13:24,18462.50,50,1582050
20221111,10:13:29,18460.00,50,1582050
20221111,10:13:39,18459.10,50,1582050
20221111,10:13:40,18459.05,100,1582050
20221111,10:13:53,18460.00,50,1582050
20221111,10:13:55,18460.00,50,1582050
20221111,10:13:59,18459.05,100,1582050
20221111,10:14:01,18459.00,200,1582050
20221111,10:14:04,18459.05,100,1582050
20221111,10:14:06,18459.00,950,1582050
20221111,10:14:12,18459.00,50,1582050
20221111,10:14:16,18460.00,50,1582050
20221111,10:14:21,18459.25,50,1582050
20221111,10:14:26,18460.30,50,1582050
20221111,10:14:31,18461.00,50,1582050
20221111,10:14:32,18460.40,50,1582750
20221111,10:14:46,18460.00,50,1582750
20221111,10:14:48,18461.05,50,1582750
20221111,10:14:57,18459.20,50,1582750
20221111,10:15:04,18460.00,50,1582750
20221111,10:15:09,18462.00,200,1582750
20221111,10:15:16,18460.45,50,1582750
20221111,10:15:17,18461.40,50,1582750
20221111,10:15:19,18462.00,100,1582750
20221111,10:15:26,18461.35,50,1582750
20221111,10:15:44,18462.90,50,1582750
20221111,10:15:45,18463.00,50,1582750
20221111,10:15:49,18463.35,100,1582750
20221111,10:15:52,18464.00,50,1582750
20221111,10:15:54,18465.00,50,1582750
20221111,10:15:56,18463.30,50,1582750
20221111,10:16:01,18462.50,50,1582750
20221111,10:16:14,18465.00,100,1582750
20221111,10:16:16,18465.00,250,1582750
20221111,10:16:17,18465.00,150,1582750
20221111,10:16:19,18465.00,300,1582750
20221111,10:16:20,18465.00,200,1582750
20221111,10:16:21,18465.00,50,1582750
20221111,10:16:22,18465.00,50,1582750
20221111,10:16:23,18465.00,250,1582750
20221111,10:16:28,18464.20,250,1582750
20221111,10:16:29,18465.00,250,1582750
20221111,10:16:33,18465.00,50,1582750
20221111,10:16:34,18466.00,50,1582750
20221111,10:16:36,18465.00,50,1582750
20221111,10:16:47,18462.90,50,1582750
20221111,10:16:56,18462.70,100,1582750
20221111,10:17:02,18464.10,100,1582750
20221111,10:17:09,18464.95,100,1582750
20221111,10:17:14,18464.95,50,1582750
20221111,10:17:17,18465.00,50,1582750
20221111,10:17:18,18465.00,150,1582750
20221111,10:17:38,18463.40,50,1582550
20221111,10:17:43,18465.00,50,1582550
20221111,10:17:46,18464.25,50,1582550
20221111,10:17:56,18463.05,50,1582550
20221111,10:18:21,18463.00,50,1582550
20221111,10:19:20,18460.55,50,1582550
20221111,10:19:21,18461.55,50,1582550
20221111,10:19:29,18460.95,100,1582550
20221111,10:19:32,18460.00,50,1582550
20221111,10:19:46,18460.70,250,1582550
20221111,10:19:47,18461.75,100,1582550
20221111,10:20:01,18458.70,50,1582550
20221111,10:20:02,18457.65,50,1582550
20221111,10:20:31,18458.50,50,1582550
20221111,10:20:44,18462.15,200,1582950
20221111,10:20:49,18463.00,100,1582950
20221111,10:20:50,18460.95,50,1582950
20221111,10:20:55,18460.90,50,1582950
20221111,10:21:24,18456.60,300,1582950
20221111,10:21:26,18458.05,50,1582950
20221111,10:21:29,18456.35,350,1582950
20221111,10:21:32,18456.55,50,1582950
20221111,10:21:35,18454.80,50,1582950
20221111,10:21:36,18457.80,250,1582950
20221111,10:21:37,18456.55,50,1582950
20221111,10:21:41,18456.25,400,1582950
20221111,10:21:54,18455.30,750,1582950
20221111,10:21:55,18455.30,400,1582950
20221111,10:21:56,18455.35,750,1582950
20221111,10:21:58,18455.25,800,1582950
20221111,10:21:59,18455.45,50,1582950
20221111,10:22:01,18451.05,150,1582950
20221111,10:22:04,18454.65,400,1582950
20221111,10:22:06,18452.40,200,1582950
20221111,10:22:08,18452.40,50,1582950
20221111,10:22:14,18455.00,50,1582950
20221111,10:22:16,18455.45,150,1582950
20221111,10:22:22,18457.40,50,1582950
20221111,10:22:33,18455.00,50,1582950
20221111,10:22:35,18455.00,50,1582950
20221111,10:22:40,18452.85,50,1582950
20221111,10:22:41,18455.00,200,1582950
20221111,10:22:43,18457.00,100,1582950
20221111,10:22:44,18458.00,50,1582950
20221111,10:22:45,18455.65,50,1582950
20221111,10:22:48,18458.05,50,1582950
20221111,10:22:49,18457.35,50,1582950
20221111,10:22:56,18458.10,500,1582950
20221111,10:23:01,18459.00,50,1582950
20221111,10:23:14,18460.00,50,1582950
20221111,10:23:21,18459.20,50,1582950
20221111,10:23:34,18460.00,150,1584450
20221111,10:23:47,18457.70,50,1584450
20221111,10:23:49,18456.90,50,1584450
20221111,10:24:09,18457.30,100,1584450
20221111,10:24:12,18459.85,50,1584450
20221111,10:24:14,18456.90,50,1584450
20221111,10:24:17,18456.50,50,1584450
20221111,10:24:28,18457.10,50,1584450
20221111,10:24:39,18459.95,100,1584450
20221111,10:24:42,18460.00,100,1584450
20221111,10:24:45,18460.00,150,1584450
20221111,10:24:46,18460.40,300,1584450
20221111,10:24:54,18462.00,100,1584450
20221111,10:24:58,18461.90,50,1584450
20221111,10:25:00,18460.25,100,1584450
20221111,10:25:06,18459.45,50,1584450
20221111,10:25:18,18459.45,100,1584450
20221111,10:25:20,18462.00,150,1584450
20221111,10:25:26,18460.65,50,1584450
20221111,10:25:42,18462.00,50,1584450
20221111,10:25:54,18462.90,50,1584450
20221111,10:25:57,18462.00,100,1584450
20221111,10:26:09,18460.95,50,1584450
20221111,10:26:14,18461.00,50,1584450
20221111,10:26:16,18460.95,150,1584450
20221111,10:26:25,18460.85,100,1584450
20221111,10:26:34,18458.60,150,1584450
20221111,10:26:35,18459.35,50,1585300
20221111,10:26:40,18456.25,50,1585300
20221111,10:26:45,18455.95,100,1585300
20221111,10:26:53,18455.65,50,1585300
20221111,10:26:57,18455.40,50,1585300
20221111,10:27:00,18455.00,50,1585300
20221111,10:27:04,18454.00,50,1585300
20221111,10:27:06,18453.25,50,1585300
20221111,10:27:09,18453.45,100,1585300
20221111,10:27:12,18453.45,50,1585300
20221111,10:27:15,18451.10,500,1585300
20221111,10:27:16,18452.20,50,1585300
20221111,10:27:19,18452.05,50,1585300
20221111,10:27:23,18452.10,50,1585300
20221111,10:27:27,18452.35,50,1585300
20221111,10:27:35,18452.55,200,1585300
20221111,10:27:37,18452.70,100,1585300
20221111,10:27:39,18452.65,50,1585300
20221111,10:27:41,18452.65,50,1585300
20221111,10:27:44,18455.00,50,1585300
20221111,10:27:47,18454.00,50,1585300
20221111,10:27:53,18455.25,100,1585300
20221111,10:27:55,18455.00,50,1585300
20221111,10:28:01,18455.70,300,1585300
20221111,10:28:12,18455.00,50,1585300
20221111,10:28:18,18453.95,50,1585300
20221111,10:28:25,18457.90,50,1585300
20221111,10:28:30,18457.00,50,1585300
20221111,10:28:42,18454.20,150,1585300
20221111,10:28:49,18457.40,50,1585300
20221111,10:28:52,18457.80,100,1585300
20221111,10:28:57,18457.80,50,1585300
20221111,10:29:02,18454.45,100,1585300
20221111,10:29:10,18454.50,50,1585300
20221111,10:29:26,18456.55,50,1585300
20221111,10:29:31,18454.50,100,1585300
20221111,10:29:35,18454.50,50,1585400
20221111,10:29:39,18454.50,50,1585400
20221111,10:29:41,18452.10,100,1585400
20221111,10:29:47,18452.60,100,1585400
20221111,10:29:48,18453.00,50,1585400
20221111,10:29:52,18453.35,50,1585400
20221111,10:29:53,18454.50,50,1585400
20221111,10:29:58,18453.00,100,1585400
20221111,10:30:06,18455.35,50,1585400
20221111,10:30:06,18453.00,50,1585400
20221111,10:30:09,18453.35,50,1585400
20221111,10:30:14,18452.00,100,1585400
20221111,10:30:19,18451.00,50,1585400
20221111,10:30:20,18452.00,50,1585400
20221111,10:30:23,18450.00,50,1585400
20221111,10:30:25,18451.35,50,1585400
20221111,10:30:32,18450.05,50,1585400
20221111,10:30:39,18454.20,150,1585400
20221111,10:30:41,18450.20,50,1585400
20221111,10:30:49,18452.40,50,1585400
20221111,10:30:59,18452.35,50,1585400
20221111,10:31:02,18451.25,50,1585400
20221111,10:31:03,18450.00,300,1585400
20221111,10:31:04,18450.20,50,1585400
20221111,10:31:07,18448.25,500,1585400
20221111,10:31:08,18445.00,100,1585400
20221111,10:31:10,18445.00,200,1585400
20221111,10:31:12,18447.00,100,1585400
20221111,10:31:14,18449.45,50,1585400
20221111,10:31:23,18446.50,50,1585400
20221111,10:31:24,18449.60,1800,1585400
20221111,10:31:34,18448.80,50,1585400
20221111,10:31:44,18447.05,50,1585400
20221111,10:31:49,18447.05,100,1585400
20221111,10:31:52,18446.00,250,1585400
20221111,10:31:55,18446.05,100,1585400
20221111,10:31:56,18446.00,50,1585400
20221111,10:31:58,18446.00,100,1585400
20221111,10:32:01,18445.00,100,1585400
20221111,10:32:06,18444.05,50,1585400
20221111,10:32:07,18445.00,50,1585400
20221111,10:32:08,18444.00,50,1585400
20221111,10:32:11,18444.80,50,1585400
20221111,10:32:12,18445.30,50,1585400
20221111,10:32:14,18445.20,150,1585400
20221111,10:32:15,18441.00,300,1585400
20221111,10:32:21,18440.25,50,1585400
20221111,10:32:22,18440.10,50,1585400
20221111,10:32:23,18440.05,50,1585400
20221111,10:32:25,18442.10,50,1585400
20221111,10:32:29,18440.15,50,1585400
20221111,10:32:36,18442.95,100,1585750
20221111,10:32:40,18443.75,50,1585750
20221111,10:32:40,18443.55,50,1585750
20221111,10:32:47,18440.90,50,1585750
20221111,10:32:49,18440.70,150,1585750
20221111,10:32:53,18443.00,200,1585750
20221111,10:32:54,18443.00,50,1585750
20221111,10:32:56,18443.00,50,1585750
20221111,10:32:57,18442.95,50,1585750
20221111,10:32:59,18440.25,50,1585750
20221111,10:32:59,18440.20,50,1585750
20221111,10:33:00,18443.35,400,1585750
20221111,10:33:03,18440.40,150,1585750
20221111,10:33:06,18441.00,250,1585750
20221111,10:33:07,18443.15,50,1585750
20221111,10:33:09,18441.15,50,1585750
20221111,10:33:12,18441.25,50,1585750
20221111,10:33:13,18441.05,200,1585750
20221111,10:33:18,18441.00,50,1585750
20221111,10:33:21,18441.45,50,1585750
20221111,10:33:28,18441.45,200,1585750
20221111,10:33:29,18442.95,50,1585750
20221111,10:33:32,18441.60,50,1585750
20221111,10:33:34,18441.95,50,1585750
20221111,10:33:40,18441.95,200,1585750
20221111,10:33:41,18443.05,50,1585750
20221111,10:33:46,18443.05,100,1585750
20221111,10:33:48,18445.00,50,1585750
20221111,10:33:50,18447.10,50,1585750
20221111,10:33:53,18447.80,50,1585750
20221111,10:34:04,18445.40,500,1585750
20221111,10:34:11,18447.70,50,1585750
20221111,10:34:21,18445.40,500,1585750
20221111,10:34:23,18445.80,50,1585750
20221111,10:34:43,18446.00,50,1585750
20221111,10:35:00,18447.00,50,1585750
20221111,10:35:01,18445.80,100,1585750
20221111,10:35:17,18448.00,50,1585750
20221111,10:35:19,18448.00,50,1585750
20221111,10:35:29,18448.05,50,1585750
20221111,10:35:36,18452.10,300,1586150
20221111,10:35:48,18451.00,50,1586150
20221111,10:36:03,18451.80,50,1586150
20221111,10:36:05,18451.80,50,1586150
20221111,10:36:08,18451.80,50,1586150
20221111,10:36:09,18451.00,150,1586150
20221111,10:36:12,18450.00,50,1586150
20221111,10:36:24,18451.15,150,1586150
20221111,10:36:55,18451.90,50,1586150
20221111,10:36:59,18450.80,50,1586150
20221111,10:37:38,18445.00,50,1586150
20221111,10:37:40,18445.00,50,1586150
20221111,10:37:54,18440.00,1100,1586150
20221111,10:37:58,18441.70,50,1586150
20221111,10:38:04,18442.00,50,1586150
20221111,10:38:08,18441.30,50,1586150
20221111,10:38:16,18440.35,500,1586150
20221111,10:38:26,18440.65,50,1586150
20221111,10:38:43,18443.05,100,1586150
20221111,10:38:49,18445.00,50,1586150
20221111,10:38:50,18445.00,50,1586150
20221111,10:38:51,18446.45,100,1586150
20221111,10:39:14,18445.40,50,1586150
20221111,10:39:21,18445.35,50,1586150
20221111,10:39:28,18445.00,50,1586150
20221111,10:39:32,18443.20,50,1586150
20221111,10:39:37,18443.05,100,1586150
20221111,10:39:41,18440.40,1000,1586150
20221111,10:39:52,18444.00,50,1586150
20221111,10:39:54,18441.20,50,1586150
20221111,10:40:02,18442.75,50,1586150
20221111,10:40:06,18440.40,50,1586150
20221111,10:40:17,18440.75,50,1586150
20221111,10:40:27,18445.35,200,1586150
20221111,10:40:37,18445.00,50,1586150
20221111,10:40:42,18443.05,250,1586150
20221111,10:41:07,18445.00,50,1586150
20221111,10:41:13,18447.65,50,1586150
20221111,10:41:28,18443.00,50,1586150
20221111,10:41:32,18441.30,50,1586150
20221111,10:41:42,18445.15,50,1586000
20221111,10:41:45,18442.30,50,1586000
20221111,10:41:54,18445.00,50,1586000
20221111,10:42:11,18441.50,50,1586000
20221111,10:42:12,18441.50,50,1586000
20221111,10:42:15,18444.35,50,1586000
20221111,10:42:17,18441.50,50,1586000
20221111,10:42:20,18441.95,50,1586000
20221111,10:42:25,18444.65,100,1586000
20221111,10:42:26,18441.60,50,1586000
20221111,10:42:40,18444.95,50,1586000
20221111,10:42:41,18442.00,50,1586000
20221111,10:42:45,18444.65,200,1586000
20221111,10:42:58,18444.30,50,1586000
20221111,10:42:59,18445.00,100,1586000
20221111,10:43:19,18444.65,50,1586000
20221111,10:43:47,18446.35,250,1586000
20221111,10:44:02,18442.00,50,1586000
20221111,10:44:08,18440.00,1800,1586000
20221111,10:44:22,18445.00,50,1586000
20221111,10:44:27,18445.00,50,1586000
20221111,10:44:28,18444.25,100,1586000
20221111,10:44:29,18447.60,50,1586000
20221111,10:44:37,18444.05,100,1586000
20221111,10:44:43,18444.00,50,1584850
20221111,10:44:58,18444.00,100,1584850
20221111,10:45:00,18444.00,350,1584850
20221111,10:45:02,18441.55,150,1584850
20221111,10:45:08,18442.60,50,1584850
20221111,10:45:10,18440.00,300,1584850
20221111,10:45:17,18440.00,50,1584850
20221111,10:45:24,18440.70,150,1584850
20221111,10:45:41,18441.85,50,1584850
20221111,10:45:43,18440.70,50,1584850
20221111,10:45:48,18441.95,1150,1584850
20221111,10:45:50,18438.80,50,1584850
20221111,10:45:51,18438.80,50,1584850
20221111,10:46:06,18440.00,50,1584850
20221111,10:46:08,18440.00,50,1584850
20221111,10:46:09,18443.00,200,1584850
20221111,10:46:10,18440.60,50,1584850
20221111,10:46:31,18441.95,100,1584850
20221111,10:46:31,18440.60,150,1584850
20221111,10:46:49,18442.00,150,1584850
20221111,10:47:05,18441.90,50,1584850
20221111,10:47:32,18441.15,50,1584850
20221111,10:47:33,18444.00,50,1584850
20221111,10:47:35,18442.85,50,1584850
20221111,10:47:42,18441.60,100,1584850
20221111,10:47:45,18443.00,50,1585350
20221111,10:47:48,18445.00,50,1585350
20221111,10:47:49,18447.95,200,1585350
20221111,10:47:51,18444.25,50,1585350
20221111,10:47:59,18445.10,50,1585350
20221111,10:48:06,18445.10,50,1585350
20221111,10:48:13,18445.45,50,1585350
20221111,10:48:22,18447.15,50,1585350
20221111,10:48:32,18445.70,50,1585350
20221111,10:48:35,18445.75,100,1585350
20221111,10:48:55,18448.00,50,1585350
20221111,10:49:02,18448.90,50,1585350
20221111,10:49:03,18449.35,50,1585350
20221111,10:49:07,18448.55,50,1585350
20221111,10:49:13,18449.35,50,1585350
20221111,10:49:16,18445.95,50,1585350
20221111,10:49:17,18449.05,50,1585350
20221111,10:49:21,18445.80,50,1585350
20221111,10:49:23,18446.40,50,1585350
20221111,10:50:07,18442.15,250,1585350
20221111,10:50:13,18444.85,300,1585350
20221111,10:50:30,18444.00,50,1585350
20221111,10:50:39,18441.95,50,1585450
20221111,10:50:57,18444.85,50,1585450
20221111,10:51:09,18446.70,50,1585450
20221111,10:51:13,18444.35,600,1585450
20221111,10:51:23,18444.45,50,1585450
20221111,10:51:35,18448.25,100,1585450
20221111,10:51:38,18444.75,250,1585450
20221111,10:51:46,18446.00,150,1585450
20221111,10:51:49,18446.00,50,1585450
20221111,10:51:50,18446.25,200,1585450
20221111,10:52:09,18445.00,50,1585450
20221111,10:52:24,18448.35,50,1585450
20221111,10:52:38,18445.55,50,1585450
20221111,10:52:39,18448.20,50,1585450
20221111,10:52:44,18448.20,100,1585450
20221111,10:52:47,18445.75,50,1585450
20221111,10:52:48,18444.30,100,1585450
20221111,10:52:51,18447.40,100,1585450
20221111,10:52:57,18448.35,50,1585450
20221111,10:53:04,18445.05,200,1585450
20221111,10:53:06,18446.70,100,1585450
20221111,10:53:11,18444.20,50,1585450
20221111,10:53:13,18447.05,50,1585450
20221111,10:53:16,18444.75,50,1585450
20221111,10:53:18,18445.50,50,1585450
20221111,10:53:42,18447.00,50,1586750
20221111,10:54:01,18447.40,50,1586750
20221111,10:54:04,18449.95,50,1586750
20221111,10:54:11,18450.00,50,1586750
20221111,10:54:17,18450.00,50,1586750
20221111,10:54:27,18450.00,50,1586750
20221111,10:54:41,18450.00,250,1586750
20221111,10:54:42,18451.00,100,1586750
20221111,10:54:47,18452.00,100,1586750
20221111,10:54:48,18450.30,200,1586750
20221111,10:54:50,18453.80,50,1586750
20221111,10:54:51,18451.00,150,1586750
20221111,10:54:52,18448.75,250,1586750
20221111,10:54:53,18451.00,100,1586750
20221111,10:54:55,18450.00,150,1586750
20221111,10:54:57,18450.00,50,1586750
20221111,10:55:05,18449.30,50,1586750
20221111,10:55:19,18450.85,50,1586750
20221111,10:55:20,18450.40,50,1586750
20221111,10:55:21,18450.85,50,1586750
20221111,10:55:42,18451.00,100,1586750
20221111,10:55:55,18451.20,150,1586750
20221111,10:56:12,18454.00,50,1586750
20221111,10:56:13,18455.00,250,1586750
20221111,10:56:18,18456.80,50,1586750
20221111,10:56:29,18454.75,100,1586750
20221111,10:56:32,18455.25,100,1586750
20221111,10:56:33,18456.20,50,1586750
20221111,10:56:36,18454.75,50,1586750
20221111,10:56:38,18453.65,50,1586750
20221111,10:56:40,18454.05,50,1587450
20221111,10:56:56,18456.00,50,1587450
20221111,10:56:59,18456.15,50,1587450
20221111,10:57:00,18456.15,50,1587450
20221111,10:57:05,18457.00,50,1587450
20221111,10:57:07,18457.15,50,1587450
20221111,10:57:09,18457.00,50,1587450
20221111,10:57:10,18455.85,50,1587450
20221111,10:57:31,18452.90,250,1587450
20221111,10:57:33,18451.00,50,1587450
20221111,10:57:56,18450.00,50,1587450
20221111,10:58:00,18451.00,50,1587450
20221111,10:58:08,18452.00,50,1587450
20221111,10:58:15,18451.50,50,1587450
20221111,10:58:27,18454.95,50,1587450
20221111,10:58:31,18453.65,50,1587450
20221111,10:58:32,18453.55,50,1587450
20221111,10:58:39,18455.00,100,1587450
20221111,10:58:40,18456.35,50,1587450
20221111,10:58:41,18455.00,50,1587450
20221111,10:58:43,18455.00,50,1587450
20221111,10:58:46,18454.35,150,1587450
20221111,10:58:56,18456.65,50,1587450
20221111,10:59:16,18456.10,200,1587450
20221111,10:59:19,18457.60,400,1587450
20221111,10:59:24,18457.80,50,1587450
20221111,10:59:26,18457.05,50,1587450
20221111,10:59:27,18456.85,50,1587450
20221111,10:59:33,18457.05,50,1587450
20221111,10:59:37,18458.00,50,1587450
20221111,10:59:39,18458.00,50,1587450
20221111,10:59:42,18458.40,100,1588550
20221111,10:59:43,18456.10,500,1588550
20221111,10:59:44,18457.90,300,1588550
20221111,10:59:57,18459.00,100,1588550
20221111,10:59:59,18459.85,200,1588550
20221111,11:00:02,18457.40,350,1588550
20221111,11:00:03,18457.40,200,1588550
20221111,11:00:10,18458.35,200,1588550
20221111,11:00:12,18457.45,200,1588550
20221111,11:00:17,18460.00,150,1588550
20221111,11:00:19,18460.00,50,1588550
20221111,11:00:27,18460.00,50,1588550
20221111,11:00:33,18459.70,150,1588550
20221111,11:00:34,18458.10,100,1588550
20221111,11:00:37,18458.40,100,1588550
20221111,11:00:43,18459.95,50,1588550
20221111,11:00:45,18460.00,50,1588550
20221111,11:00:46,18460.00,100,1588550
20221111,11:00:47,18459.65,100,1588550
20221111,11:00:49,18460.00,50,1588550
20221111,11:00:52,18459.60,200,1588550
20221111,11:00:54,18459.30,200,1588550
20221111,11:00:59,18460.00,50,1588550
20221111,11:01:02,18459.10,200,1588550
20221111,11:01:03,18460.00,250,1588550
20221111,11:01:04,18460.00,150,1588550
20221111,11:01:04,18460.00,100,1588550
20221111,11:01:05,18460.00,350,1588550
20221111,11:01:06,18460.00,300,1588550
20221111,11:01:10,18460.10,100,1588550
20221111,11:01:13,18461.00,50,1588550
20221111,11:01:14,18461.60,50,1588550
20221111,11:01:26,18460.00,50,1588550
20221111,11:01:29,18460.00,100,1588550
20221111,11:01:30,18460.00,100,1588550
20221111,11:01:45,18460.05,450,1588550
20221111,11:01:46,18461.30,50,1588550
20221111,11:01:48,18461.60,100,1588550
20221111,11:01:52,18462.00,100,1588550
20221111,11:01:53,18462.00,50,1588550
20221111,11:02:00,18461.20,50,1588550
20221111,11:02:02,18460.05,200,1588550
20221111,11:02:09,18461.55,100,1588550
20221111,11:02:13,18462.00,50,1588550
20221111,11:02:14,18461.45,250,1588550
20221111,11:02:15,18461.35,50,1588550
20221111,11:02:21,18460.05,200,1588550
20221111,11:02:24,18458.10,350,1588550
20221111,11:02:27,18458.10,200,1588550
20221111,11:02:31,18458.30,200,1588550
20221111,11:02:34,18459.75,50,1588550
20221111,11:02:36,18458.00,100,1588550
20221111,11:02:39,18459.65,150,1588550
20221111,11:02:43,18457.80,200,1588550
20221111,11:02:47,18459.30,50,1594100
20221111,11:02:54,18459.00,250,1594100
20221111,11:03:00,18458.65,50,1594100
20221111,11:03:15,18457.70,200,1594100
20221111,11:03:21,18459.15,50,1594100
20221111,11:03:27,18457.00,100,1594100
20221111,11:03:38,18457.05,50,1594100
20221111,11:03:39,18457.05,50,1594100
20221111,11:03:55,18457.95,50,1594100
20221111,11:04:01,18458.30,100,1594100
20221111,11:04:03,18459.00,100,1594100
20221111,11:04:07,18458.95,50,1594100
20221111,11:04:12,18455.20,450,1594100
20221111,11:04:13,18456.65,100,1594100
20221111,11:04:21,18458.00,150,1594100
20221111,11:04:35,18457.50,100,1594100
20221111,11:04:38,18459.15,350,1594100
20221111,11:04:43,18459.30,50,1594100
20221111,11:04:56,18459.85,50,1594100
20221111,11:04:58,18459.85,50,1594100
20221111,11:05:06,18460.00,50,1594100
20221111,11:05:08,18460.00,50,1594100
20221111,11:05:11,18460.00,50,1594100
20221111,11:05:16,18460.00,100,1594100
20221111,11:05:17,18460.00,150,1594100
20221111,11:05:20,18463.00,100,1594100
20221111,11:05:26,18461.75,150,1594100
20221111,11:05:28,18459.95,450,1594100
20221111,11:05:31,18460.95,100,1594100
20221111,11:05:34,18461.75,250,1594100
20221111,11:05:37,18458.55,100,1594100
20221111,11:06:00,18459.50,50,1596000
20221111,11:06:08,18460.55,50,1596000
20221111,11:06:12,18458.60,300,1596000
20221111,11:06:17,18458.85,100,1596000
20221111,11:06:19,18458.60,50,1596000
20221111,11:06:27,18458.65,50,1596000
20221111,11:06:32,18458.65,50,1596000
20221111,11:06:34,18458.60,50,1596000
20221111,11:06:35,18458.55,50,1596000
20221111,11:06:39,18460.45,150,1596000
20221111,11:06:41,18460.40,350,1596000
20221111,11:06:51,18458.45,50,1596000
20221111,11:06:55,18459.00,100,1596000
20221111,11:07:04,18459.00,50,1596000
20221111,11:07:05,18459.00,100,1596000
20221111,11:07:06,18458.45,200,1596000
20221111,11:07:18,18459.00,50,1596000
20221111,11:07:18,18460.00,50,1596000
20221111,11:07:20,18460.05,150,1596000
20221111,11:07:34,18458.75,50,1596000
20221111,11:07:36,18458.30,50,1596000
20221111,11:07:39,18459.35,50,1596000
20221111,11:07:41,18458.30,50,1596000
20221111,11:07:42,18458.00,400,1596000
20221111,11:07:49,18455.10,200,1596000
20221111,11:07:50,18455.05,50,1596000
20221111,11:07:55,18456.40,50,1596000
20221111,11:08:00,18456.00,50,1596000
20221111,11:08:01,18455.15,50,1596000
20221111,11:08:14,18460.00,100,1596000
20221111,11:08:16,18460.00,150,1596000
20221111,11:08:23,18456.45,250,1596000
20221111,11:08:32,18457.40,100,1596000
20221111,11:08:59,18459.35,100,1597700
20221111,11:09:02,18460.00,50,1597700
20221111,11:09:25,18458.00,100,1597700
20221111,11:09:32,18459.50,150,1597700
20221111,11:09:51,18458.05,300,1597700
20221111,11:10:01,18458.05,100,1597700
20221111,11:10:05,18458.05,100,1597700
20221111,11:10:21,18458.40,200,1597700
20221111,11:10:22,18458.40,200,1597700
20221111,11:10:24,18458.60,150,1597700
20221111,11:10:30,18456.10,50,1597700
20221111,11:10:34,18457.75,50,1597700
20221111,11:10:38,18457.05,50,1597700
20221111,11:10:40,18458.50,50,1597700
20221111,11:10:41,18456.45,250,1597700
20221111,11:10:43,18455.55,150,1597700
20221111,11:10:44,18455.50,50,1597700
20221111,11:11:15,18455.00,50,1597700
20221111,11:11:18,18455.00,50,1597700
20221111,11:11:21,18455.00,50,1597700
20221111,11:11:22,18455.00,150,1597700
20221111,11:11:23,18458.35,150,1597700
20221111,11:11:32,18458.80,50,1597700
20221111,11:11:40,18458.25,100,1597700
20221111,11:11:52,18458.70,100,1599100
20221111,11:11:58,18458.95,50,1599100
20221111,11:12:02,18458.95,700,1599100
20221111,11:12:04,18459.70,100,1599100
20221111,11:12:10,18456.95,100,1599100
20221111,11:12:12,18456.90,50,1599100
20221111,11:12:28,18455.30,50,1599100
20221111,11:12:33,18455.30,50,1599100
20221111,11:12:44,18453.05,400,1599100
20221111,11:12:45,18451.75,1350,1599100
20221111,11:12:53,18451.85,50,1599100
20221111,11:12:56,18455.00,50,1599100
20221111,11:13:03,18452.05,50,1599100
20221111,11:13:26,18453.55,50,1599100
20221111,11:13:37,18455.00,50,1599100
20221111,11:13:38,18454.65,50,1599100
20221111,11:13:50,18458.80,100,1599100
20221111,11:14:23,18458.00,200,1599100
20221111,11:14:24,18456.85,600,1599100
20221111,11:14:27,18455.20,400,1599100
20221111,11:14:30,18457.75,50,1599100
20221111,11:14:31,18454.55,50,1599100
20221111,11:15:04,18457.75,450,1600800
20221111,11:15:05,18457.85,150,1600800
20221111,11:15:08,18455.50,200,1600800
20221111,11:15:13,18455.55,50,1600800
20221111,11:15:14,18455.10,50,1600800
20221111,11:15:19,18454.65,50,1600800
20221111,11:15:34,18458.00,50,1600800
20221111,11:15:48,18456.95,150,1600800
20221111,11:15:50,18456.95,50,1600800
20221111,11:15:51,18456.95,100,1600800
20221111,11:15:52,18456.95,150,1600800
20221111,11:15:53,18458.00,50,1600800
20221111,11:16:02,18456.95,50,1600800
20221111,11:16:27,18456.95,50,1600800
20221111,11:16:28,18456.90,100,1600800
20221111,11:16:30,18456.95,250,1600800
20221111,11:16:35,18456.90,100,1600800
20221111,11:16:38,18456.90,50,1600800
20221111,11:16:40,18456.90,50,1600800
20221111,11:16:49,18456.90,50,1600800
20221111,11:16:52,18457.25,200,1600800
20221111,11:16:53,18458.00,200,1600800
20221111,11:16:54,18458.00,100,1600800
20221111,11:16:59,18457.70,300,1600800
20221111,11:17:00,18457.65,50,1600800
20221111,11:17:02,18457.70,50,1600800
20221111,11:17:05,18455.95,100,1600800
20221111,11:17:38,18456.00,50,1600800
20221111,11:17:42,18456.00,50,1600800
20221111,11:17:47,18455.90,100,1602550
20221111,11:17:49,18456.00,50,1602550
20221111,11:18:03,18457.00,50,1602550
20221111,11:18:31,18457.00,150,1602550
20221111,11:18:43,18456.10,150,1602550
20221111,11:18:56,18457.60,50,1602550
20221111,11:19:04,18458.00,100,1602550
20221111,11:19:19,18456.30,100,1602550
20221111,11:19:34,18456.75,50,1602550
20221111,11:19:38,18456.95,50,1602550
20221111,11:19:40,18459.40,50,1602550
20221111,11:19:56,18457.40,50,1602550
20221111,11:20:08,18456.05,400,1602550
20221111,11:20:21,18456.10,50,1602550
20221111,11:20:30,18456.10,50,1602550
20221111,11:20:31,18456.15,50,1602550
20221111,11:20:36,18455.15,450,1602550
20221111,11:20:39,18455.25,200,1602550
20221111,11:20:51,18455.20,50,1604200
20221111,11:20:53,18455.70,400,1604200
20221111,11:20:53,18455.65,1950,1604200
20221111,11:20:54,18455.80,150,1604200
20221111,11:21:19,18454.60,100,1604200
20221111,11:21:25,18456.75,50,1604200
20221111,11:21:40,18453.40,50,1604200
20221111,11:21:43,18452.75,250,1604200
20221111,11:21:45,18452.00,200,1604200
20221111,11:21:56,18450.40,50,1604200
20221111,11:22:00,18451.45,50,1604200
20221111,11:22:22,18451.45,200,1604200
20221111,11:22:24,18452.20,50,1604200
20221111,11:22:43,18451.85,50,1604200
20221111,11:22:55,18452.65,50,1604200
20221111,11:23:00,18455.00,50,1604200
20221111,11:23:03,18457.10,50,1604200
20221111,11:23:16,18458.25,50,1604200
20221111,11:23:37,18456.05,100,1604200
20221111,11:23:55,18458.00,50,1604200
20221111,11:23:58,18460.00,50,1604150
20221111,11:24:08,18459.00,50,1604150
20221111,11:24:29,18459.45,100,1604150
20221111,11:24:34,18457.40,50,1604150
20221111,11:24:38,18459.50,50,1604150
20221111,11:24:47,18457.80,50,1604150
20221111,11:24:50,18458.85,100,1604150
20221111,11:24:58,18455.75,100,1604150
20221111,11:24:59,18455.75,50,1604150
20221111,11:25:09,18455.65,300,1604150
20221111,11:25:13,18455.65,50,1604150
20221111,11:25:21,18458.65,50,1604150
20221111,11:26:12,18457.95,50,1604150
20221111,11:26:24,18457.95,50,1604150
20221111,11:26:30,18456.25,100,1604150
20221111,11:26:33,18456.00,50,1604150
20221111,11:26:37,18454.25,150,1604150
20221111,11:26:40,18454.25,50,1604150
20221111,11:26:41,18455.00,50,1604150
20221111,11:26:49,18456.25,50,1604800
20221111,11:26:50,18456.25,50,1604800
20221111,11:26:51,18456.35,100,1604800
20221111,11:26:54,18456.35,150,1604800
20221111,11:26:55,18456.65,50,1604800
20221111,11:26:56,18457.95,50,1604800
20221111,11:26:57,18456.95,50,1604800
20221111,11:27:00,18457.10,50,1604800
20221111,11:27:08,18457.10,50,1604800
20221111,11:27:12,18457.95,50,1604800
20221111,11:27:15,18457.95,50,1604800
20221111,11:27:16,18459.00,50,1604800
20221111,11:27:19,18457.10,350,1604800
20221111,11:27:37,18457.00,250,1604800
20221111,11:28:02,18456.95,100,1604800
20221111,11:28:04,18457.70,50,1604800
20221111,11:28:07,18454.95,50,1604800
20221111,11:28:19,18457.00,50,1604800
20221111,11:28:45,18457.60,100,1604800
20221111,11:28:53,18458.10,150,1604800
20221111,11:29:03,18457.00,450,1604800
20221111,11:29:05,18457.00,50,1604800
20221111,11:29:18,18457.00,50,1604800
20221111,11:29:30,18457.35,200,1604800
20221111,11:29:31,18457.70,150,1604800
20221111,11:29:38,18457.05,300,1604800
20221111,11:29:41,18457.00,50,1604800
20221111,11:29:45,18457.00,50,1607250
20221111,11:29:53,18458.00,50,1607250
20221111,11:29:54,18457.85,50,1607250
20221111,11:29:58,18457.85,50,1607250
20221111,11:30:01,18457.85,100,1607250
20221111,11:30:05,18457.05,200,1607250
20221111,11:30:08,18457.00,100,1607250
20221111,11:30:10,18457.45,1150,1607250
20221111,11:30:11,18457.75,50,1607250
20221111,11:30:18,18455.60,50,1607250
20221111,11:30:23,18457.95,50,1607250
20221111,11:30:35,18457.70,50,1607250
20221111,11:30:49,18457.70,450,1607250
20221111,11:30:54,18457.65,50,1607250
20221111,11:31:00,18458.15,200,1607250
20221111,11:31:02,18458.10,50,1607250
20221111,11:31:08,18459.65,50,1607250
20221111,11:31:09,18457.75,50,1607250
20221111,11:31:27,18459.95,50,1607250
20221111,11:31:37,18458.60,50,1607250
20221111,11:32:18,18458.55,350,1607250
20221111,11:32:32,18456.60,50,1607250
20221111,11:32:39,18458.00,50,1607250
20221111,11:32:56,18458.55,50,1608400
20221111,11:33:00,18458.00,50,1608400
20221111,11:33:04,18458.55,50,1608400
20221111,11:33:38,18458.90,50,1608400
20221111,11:33:53,18458.85,100,1608400
20221111,11:33:58,18458.85,50,1608400
20221111,11:34:05,18460.00,50,1608400
20221111,11:34:07,18460.00,750,1608400
20221111,11:34:11,18460.00,50,1608400
20221111,11:34:12,18460.05,50,1608400
20221111,11:34:15,18461.05,50,1608400
20221111,11:34:25,18461.10,200,1608400
20221111,11:34:44,18461.10,50,1608400
20221111,11:34:45,18461.05,250,1608400
20221111,11:34:53,18462.00,50,1608400
20221111,11:34:55,18462.00,100,1608400
20221111,11:34:56,18461.25,50,1608400
20221111,11:35:06,18461.80,50,1608400
20221111,11:35:12,18461.40,50,1608400
20221111,11:35:26,18463.45,50,1608400
20221111,11:35:28,18465.00,250,1608400
20221111,11:35:29,18465.00,100,1608400
20221111,11:35:33,18464.45,50,1608400
20221111,11:35:38,18465.00,300,1608400
20221111,11:35:39,18465.90,100,1608400
20221111,11:35:40,18464.75,50,1608400
20221111,11:35:45,18466.00,50,1608400
20221111,11:35:48,18466.00,50,1608050
20221111,11:35:52,18467.00,50,1608050
20221111,11:36:00,18466.65,50,1608050
20221111,11:36:02,18465.65,50,1608050
20221111,11:36:23,18465.90,50,1608050
20221111,11:36:24,18465.90,50,1608050
20221111,11:36:25,18465.90,50,1608050
20221111,11:36:29,18465.90,50,1608050
20221111,11:36:35,18465.90,50,1608050
20221111,11:36:44,18466.40,50,1608050
20221111,11:36:47,18465.75,200,1608050
20221111,11:37:12,18465.70,50,1608050
20221111,11:37:13,18465.70,50,1608050
20221111,11:37:16,18466.60,50,1608050
20221111,11:37:21,18465.65,50,1608050
20221111,11:37:25,18467.35,200,1608050
20221111,11:37:36,18466.00,50,1608050
20221111,11:37:38,18467.45,250,1608050
20221111,11:37:55,18465.00,100,1608050
20221111,11:38:05,18468.00,50,1608050
20221111,11:38:14,18465.10,100,1608050
20221111,11:38:22,18467.65,550,1608050
20221111,11:38:32,18467.65,200,1608050
20221111,11:38:44,18467.65,50,1608050
20221111,11:38:45,18467.90,50,1608050
20221111,11:38:47,18465.45,50,1608400
20221111,11:38:52,18467.95,50,1608400
20221111,11:39:01,18465.95,50,1608400
20221111,11:39:03,18466.25,100,1608400
20221111,11:39:12,18468.00,150,1608400
20221111,11:39:19,18467.05,50,1608400
20221111,11:39:23,18468.00,50,1608400
20221111,11:39:33,18468.00,50,1608400
20221111,11:39:39,18468.00,50,1608400
20221111,11:39:40,18467.60,100,1608400
20221111,11:39:41,18468.00,50,1608400
