20221110,09:15:05,42100.50,1,34950
20221110,09:15:05,42100.50,25,34950
20221110,09:15:09,42099.00,25,34950
20221110,09:15:14,42119.20,125,34950
20221110,09:15:14,42099.00,125,34950
20221110,09:15:15,42100.50,25,34950
20221110,09:15:17,42100.00,25,34950
20221110,09:15:18,42096.65,75,34950
20221110,09:15:20,42096.65,50,34950
20221110,09:15:26,42094.05,25,34950
20221110,09:15:29,42075.10,75,34950
20221110,09:15:31,42070.15,25,34950
20221110,09:15:32,42065.40,500,34950
20221110,09:15:36,42050.80,125,34950
20221110,09:15:37,42049.45,75,34950
20221110,09:15:39,42043.40,150,34950
20221110,09:15:44,42059.40,100,34950
20221110,09:15:45,42068.45,25,34950
20221110,09:16:00,42044.00,75,34950
20221110,09:16:03,42041.80,150,34950
20221110,09:16:05,42051.80,200,34950
20221110,09:16:10,42065.35,50,34950
20221110,09:16:15,42058.60,50,34950
20221110,09:16:17,42051.50,300,34950
20221110,09:16:20,42061.25,50,34950
20221110,09:16:21,42058.40,75,34950
20221110,09:16:23,42050.00,350,34950
20221110,09:16:25,42047.00,50,34950
20221110,09:16:26,42040.00,50,34950
20221110,09:16:28,42040.00,50,34950
20221110,09:16:33,42040.00,25,34950
20221110,09:16:41,42050.00,25,34950
20221110,09:16:44,42046.50,25,34950
20221110,09:16:46,42040.00,50,34950
20221110,09:16:47,42032.00,250,34950
20221110,09:16:51,42032.00,25,34950
20221110,09:17:22,42032.00,50,34150
20221110,09:17:23,42040.00,25,34150
20221110,09:17:41,42030.00,100,34150
20221110,09:17:46,42030.00,25,34150
20221110,09:17:48,42030.00,50,34150
20221110,09:17:49,42030.00,25,34150
20221110,09:17:53,42030.00,25,34150
20221110,09:17:54,42035.00,25,34150
20221110,09:18:07,42050.00,50,34150
20221110,09:18:12,42070.80,25,34150
20221110,09:18:19,42057.70,50,34150
20221110,09:18:29,42050.00,25,34150
20221110,09:18:35,42055.20,25,34150
20221110,09:18:50,42065.25,25,34150
20221110,09:19:01,42065.15,25,34150
20221110,09:19:03,42055.20,125,34150
20221110,09:19:06,42054.15,50,34150
20221110,09:19:29,42057.15,25,34150
20221110,09:19:34,42050.00,50,34150
20221110,09:19:37,42056.15,25,34150
20221110,09:19:39,42050.00,25,34150
20221110,09:19:52,42058.00,500,34150
20221110,09:19:54,42050.05,125,34150
20221110,09:19:59,42063.95,25,34150
20221110,09:20:26,42077.20,25,33825
20221110,09:20:48,42079.40,25,33825
20221110,09:21:13,42080.00,75,33825
20221110,09:21:16,42080.00,25,33825
20221110,09:21:45,42078.05,50,33825
20221110,09:21:53,42080.00,50,33825
20221110,09:22:21,42084.85,150,33825
20221110,09:22:47,42090.95,25,33825
20221110,09:22:59,42099.00,125,33825
20221110,09:23:02,42094.00,25,33825
20221110,09:23:05,42092.00,25,33825
20221110,09:23:34,42080.00,50,33800
20221110,09:23:37,42078.05,25,33800
20221110,09:23:53,42072.60,75,33800
20221110,09:24:03,42061.20,50,33800
20221110,09:24:10,42053.80,600,33800
20221110,09:24:20,42060.00,25,33800
20221110,09:24:23,42067.60,25,33800
20221110,09:25:47,42070.00,25,33800
20221110,09:25:52,42065.00,25,33800
20221110,09:26:04,42059.95,50,33800
20221110,09:26:41,42058.00,50,34200
20221110,09:26:51,42076.45,25,34200
20221110,09:27:31,42088.45,50,34200
20221110,09:27:38,42087.35,25,34200
20221110,09:27:44,42085.45,25,34200
20221110,09:27:46,42081.85,25,34200
20221110,09:27:48,42076.45,25,34200
20221110,09:27:56,42075.00,25,34200
20221110,09:28:03,42080.20,25,34200
20221110,09:28:08,42060.60,500,34200
20221110,09:28:22,42069.45,25,34200
20221110,09:29:07,42079.80,25,34200
20221110,09:29:19,42078.10,25,34200
20221110,09:29:21,42077.30,25,34200
20221110,09:29:26,42083.20,900,34625
20221110,09:29:42,42082.10,25,34625
20221110,09:29:44,42082.70,100,34625
20221110,09:30:11,42082.70,25,34625
20221110,09:30:13,42082.70,25,34625
20221110,09:30:20,42090.00,25,34625
20221110,09:31:08,42089.70,25,34625
20221110,09:31:44,42088.00,50,34625
20221110,09:32:33,42080.00,250,34400
20221110,09:32:54,42066.60,25,34400
20221110,09:33:03,42058.00,50,34400
20221110,09:33:04,42056.80,25,34400
20221110,09:33:19,42055.00,25,34400
20221110,09:33:21,42055.00,50,34400
20221110,09:33:23,42050.05,50,34400
20221110,09:33:24,42050.00,250,34400
20221110,09:33:26,42046.00,25,34400
20221110,09:34:34,42048.30,25,34400
20221110,09:35:12,42043.10,25,34400
20221110,09:35:21,42043.00,25,34400
20221110,09:35:31,42040.00,425,34200
20221110,09:35:32,42040.00,75,34200
20221110,09:35:56,42038.90,500,34200
20221110,09:36:16,42049.00,25,34200
20221110,09:36:44,42051.10,25,34200
20221110,09:37:51,42054.90,25,34200
20221110,09:38:14,42056.10,25,34200
20221110,09:39:07,42045.00,25,34475
20221110,09:39:23,42049.00,25,34475
20221110,09:40:13,42050.00,25,34475
20221110,09:40:26,42049.95,50,34475
20221110,09:40:28,42044.30,25,34475
20221110,09:41:21,42041.10,25,34475
20221110,09:41:25,42040.00,50,34475
20221110,09:41:33,42030.00,25,34475
20221110,09:41:36,42028.30,50,34525
20221110,09:42:36,42021.00,25,34525
20221110,09:44:24,42021.00,25,34525
20221110,09:45:31,42039.95,25,34550
20221110,09:45:44,42040.00,25,34550
20221110,09:45:57,42047.50,25,34550
20221110,09:46:02,42046.40,25,34550
20221110,09:46:58,42049.95,25,34550
20221110,09:47:20,42040.00,25,34550
20221110,09:47:51,42038.85,25,34500
20221110,09:49:25,42024.90,25,34500
20221110,09:49:32,42033.85,25,34500
20221110,09:50:01,42021.00,25,34500
20221110,09:50:03,42021.00,25,34500
20221110,09:50:41,42006.75,100,34525
20221110,09:50:50,42004.15,25,34525
20221110,09:51:09,42004.15,25,34525
20221110,09:51:18,42004.15,50,34525
20221110,09:51:34,42004.15,25,34525
20221110,09:52:57,42011.15,25,34525
20221110,09:55:05,42014.90,25,34575
20221110,09:55:07,42014.90,25,34575
20221110,09:55:32,42009.00,50,34575
20221110,09:55:34,42009.00,25,34575
20221110,09:55:40,42006.85,25,34575
20221110,09:56:28,42006.85,25,34575
20221110,09:56:31,42002.00,25,34625
20221110,09:56:49,42000.00,250,34625
20221110,09:56:51,42000.00,200,34625
20221110,09:56:52,41996.95,25,34625
20221110,09:57:18,41996.95,25,34625
20221110,09:59:18,41996.95,25,34625
20221110,10:00:22,42005.55,25,34450
20221110,10:00:55,42008.50,25,34450
20221110,10:02:32,42024.00,25,34475
20221110,10:03:20,42028.85,25,34475
20221110,10:03:40,42044.30,25,34475
20221110,10:04:01,42036.15,25,34475
20221110,10:04:19,42038.90,25,34475
20221110,10:05:02,42034.15,25,34475
20221110,10:05:24,42050.00,25,34475
20221110,10:05:47,42046.90,25,34525
20221110,10:08:06,42040.00,25,34525
20221110,10:09:24,42020.00,25,34550
20221110,10:09:50,42022.75,25,34550
20221110,10:12:07,42040.00,25,34525
20221110,10:12:14,42047.10,25,34525
20221110,10:12:59,42035.10,25,34525
20221110,10:13:04,42035.00,25,34525
20221110,10:14:48,42030.00,25,34550
20221110,10:14:56,42023.90,25,34550
20221110,10:15:10,42022.75,25,34550
20221110,10:16:26,42022.85,25,34550
20221110,10:17:15,42030.00,25,34550
20221110,10:17:36,42036.35,25,34550
20221110,10:18:58,42037.00,75,34550
20221110,10:19:40,42035.00,25,34550
20221110,10:19:43,42038.25,25,34550
20221110,10:21:16,42050.00,25,34575
20221110,10:21:47,42052.05,25,34575
20221110,10:22:38,42040.00,25,34575
20221110,10:22:40,42038.25,25,34575
20221110,10:23:46,42022.85,25,34525
20221110,10:24:27,42028.95,50,34525
20221110,10:24:40,42022.75,25,34525
20221110,10:26:31,42030.00,25,34525
20221110,10:27:02,42024.60,25,34625
20221110,10:28:12,42018.00,25,34625
20221110,10:28:34,42030.00,25,34625
20221110,10:28:39,42024.45,25,34625
20221110,10:29:22,42020.00,25,34625
20221110,10:29:50,42012.00,25,34625
20221110,10:30:49,42018.05,25,34600
20221110,10:32:14,42010.00,25,34600
20221110,10:32:52,41996.95,75,34600
20221110,10:33:23,41978.65,25,34600
20221110,10:34:05,41978.65,25,34600
20221110,10:34:24,41985.00,25,34600
20221110,10:34:26,41985.25,25,34600
20221110,10:35:09,41978.60,150,34600
20221110,10:35:13,41960.00,50,34600
20221110,10:36:31,41960.00,25,34475
20221110,10:38:05,41989.80,25,34475
20221110,10:38:39,41976.60,75,34475
20221110,10:42:40,41995.95,50,34575
20221110,10:43:03,41985.00,25,34575
20221110,10:44:02,41998.90,25,34575
20221110,10:44:38,42000.00,25,34625
20221110,10:45:14,42000.00,25,34625
20221110,10:47:22,41995.00,25,34625
20221110,10:47:24,41996.90,100,34625
20221110,10:49:17,41995.00,25,34675
20221110,10:52:59,41982.00,25,34700
20221110,10:54:21,41978.45,25,34725
20221110,10:54:23,41980.00,25,34725
20221110,10:55:46,41988.00,25,34725
20221110,10:56:18,41990.95,25,34725
20221110,10:56:31,41988.50,25,34725
20221110,10:57:33,41975.00,50,34725
20221110,10:57:36,41970.00,50,34725
20221110,10:58:47,41961.35,25,34725
20221110,10:59:19,41957.85,175,34725
20221110,10:59:53,41950.00,50,34725
20221110,10:59:58,41950.00,25,34650
20221110,10:59:59,41950.00,75,34650
20221110,11:00:40,41940.95,50,34650
20221110,11:00:44,41940.95,25,34650
20221110,11:02:17,41960.65,25,34650
20221110,11:03:14,41966.95,25,34650
20221110,11:05:55,41976.35,25,34700
20221110,11:07:37,41982.90,25,34700
20221110,11:09:30,41967.00,25,34675
20221110,11:09:43,41973.65,100,34675
20221110,11:10:24,41964.90,100,34675
20221110,11:10:54,41954.45,25,34675
20221110,11:11:33,41950.00,50,34675
20221110,11:11:42,41951.00,25,34675
20221110,11:20:22,41955.90,25,34700
20221110,11:21:14,41962.50,25,34700
20221110,11:21:20,41964.15,100,34700
20221110,11:22:19,41964.15,25,34700
20221110,11:26:21,41964.15,25,34775
20221110,11:27:18,41966.95,25,34775
20221110,11:27:26,41969.10,25,34775
20221110,11:28:00,41969.45,25,34775
20221110,11:28:55,41962.90,25,34775
20221110,11:33:36,41980.00,25,34725
20221110,11:42:08,42000.00,50,34725
20221110,11:42:10,42000.00,25,34725
20221110,11:43:12,41990.00,25,34725
20221110,11:45:56,42002.75,25,34800
20221110,11:45:58,41992.85,25,34800
20221110,11:46:59,41985.00,25,34800
20221110,11:47:09,41982.95,25,34800
20221110,11:47:12,41982.25,50,34800
20221110,11:47:19,41981.50,50,34800
20221110,11:47:50,41984.00,25,34875
20221110,11:49:18,41993.00,25,34875
20221110,11:50:19,41984.00,25,34875
20221110,11:50:24,41983.95,125,34875
20221110,11:50:54,41987.05,125,34925
20221110,11:51:20,41980.00,50,34925
20221110,11:51:38,41985.75,125,34925
20221110,11:53:37,41995.00,25,34925
20221110,11:55:08,41995.00,50,34875
20221110,11:55:09,41995.00,25,34875
20221110,11:55:39,41995.00,25,34875
20221110,11:55:46,41995.00,100,34875
20221110,11:56:26,41990.00,200,34875
20221110,11:56:44,41990.00,25,34875
20221110,11:56:51,41990.00,300,35075
20221110,11:58:13,41995.80,200,35075
20221110,11:59:15,41990.00,75,35075
20221110,11:59:18,41990.00,50,35075
20221110,11:59:51,41990.00,75,35450
20221110,11:59:53,41990.00,100,35450
20221110,12:00:47,41985.00,100,35450
20221110,12:00:57,41971.85,25,35450
20221110,12:01:14,41960.00,25,35450
20221110,12:01:19,41950.00,325,35450
20221110,12:01:20,41950.00,775,35450
20221110,12:01:22,41945.00,50,35450
20221110,12:01:24,41940.00,75,35450
20221110,12:01:34,41940.00,100,35450
20221110,12:02:17,41947.30,25,35450
20221110,12:02:47,41947.30,125,36075
20221110,12:03:00,41944.00,25,36075
20221110,12:03:02,41940.95,25,36075
20221110,12:03:14,41920.00,925,36075
20221110,12:03:15,41902.15,100,36075
20221110,12:03:40,41916.70,25,36075
20221110,12:03:52,41920.00,25,36075
20221110,12:03:57,41923.05,25,36075
20221110,12:04:28,41922.55,25,36075
20221110,12:04:36,41922.35,25,36075
20221110,12:05:18,41924.65,25,36075
20221110,12:06:03,41925.00,25,36425
20221110,12:06:08,41922.35,25,36425
20221110,12:06:10,41920.00,200,36425
20221110,12:06:11,41920.00,50,36425
20221110,12:06:16,41919.95,25,36425
20221110,12:06:26,41920.00,25,36425
20221110,12:06:59,41929.50,25,36425
20221110,12:08:17,41920.00,25,36425
20221110,12:09:06,41920.00,25,36550
20221110,12:09:33,41928.35,125,36550
20221110,12:09:44,41928.70,25,36550
20221110,12:09:46,41928.70,25,36550
20221110,12:09:59,41929.35,50,36550
20221110,12:10:24,41919.00,75,36550
20221110,12:10:37,41917.80,75,36550
20221110,12:10:52,41917.80,25,36550
20221110,12:11:05,41902.00,75,36550
20221110,12:11:14,41900.00,200,36550
20221110,12:11:15,41900.00,150,36550
20221110,12:11:32,41900.00,50,36550
20221110,12:12:00,41906.05,75,36825
20221110,12:12:02,41905.45,25,36825
20221110,12:12:03,41906.00,25,36825
20221110,12:12:05,41907.35,25,36825
20221110,12:12:18,41900.00,50,36825
20221110,12:12:25,41900.55,25,36825
20221110,12:12:39,41892.55,25,36825
20221110,12:13:54,41892.55,25,36825
20221110,12:14:54,41902.15,25,36725
20221110,12:14:59,41909.60,25,36725
20221110,12:15:09,41907.50,50,36725
20221110,12:17:01,41910.00,25,36725
20221110,12:17:15,41887.35,25,36725
20221110,12:17:59,41887.35,25,36650
20221110,12:18:11,41880.00,50,36650
20221110,12:18:16,41877.00,25,36650
20221110,12:18:26,41873.85,25,36650
20221110,12:18:58,41873.85,100,36650
20221110,12:19:29,41880.00,25,36650
20221110,12:21:15,41907.55,200,36825
20221110,12:22:37,41900.00,25,36825
20221110,12:23:35,41894.95,25,36825
20221110,12:24:00,41887.70,25,36700
20221110,12:24:44,41876.00,50,36700
20221110,12:24:54,41880.35,25,36700
20221110,12:25:07,41880.60,25,36700
20221110,12:25:38,41903.20,50,36700
20221110,12:25:53,41903.95,50,36700
20221110,12:26:32,41900.00,25,36700
20221110,12:26:47,41904.50,50,36700
20221110,12:27:19,41909.70,25,36700
20221110,12:27:29,41908.15,25,36700
20221110,12:27:35,41908.15,25,36700
20221110,12:27:54,41904.40,25,36700
20221110,12:27:58,41901.00,25,36700
20221110,12:28:08,41886.20,25,36700
20221110,12:28:16,41877.50,25,36700
20221110,12:29:42,41884.45,25,36700
20221110,12:29:48,41884.25,25,36700
20221110,12:34:08,41895.00,50,36800
20221110,12:34:16,41895.00,25,36800
20221110,12:34:24,41894.00,50,36800
20221110,12:35:57,41898.90,25,36850
20221110,12:36:38,41904.00,25,36850
20221110,12:37:42,41905.00,25,36850
20221110,12:37:44,41904.00,25,36850
20221110,12:37:54,41898.20,25,36850
20221110,12:40:22,41899.00,25,36875
20221110,12:40:46,41898.20,25,36875
20221110,12:40:53,41899.85,25,36875
20221110,12:41:17,41880.25,25,36875
20221110,12:41:37,41881.00,25,36875
20221110,12:42:07,41881.90,25,36900
20221110,12:42:17,41882.55,50,36900
20221110,12:42:19,41882.85,25,36900
20221110,12:42:21,41882.90,25,36900
20221110,12:44:24,41890.00,25,36900
20221110,12:45:53,41903.40,25,36800
20221110,12:46:19,41890.30,25,36800
20221110,12:50:14,41890.15,25,36825
20221110,12:50:16,41887.75,25,36825
20221110,12:50:22,41875.00,50,36825
20221110,12:50:27,41856.25,600,36825
20221110,12:50:55,41858.15,25,36825
20221110,12:51:42,41864.95,25,37200
20221110,12:52:40,41873.80,50,37200
20221110,12:52:51,41875.30,25,37200
20221110,12:54:02,41876.85,25,37125
20221110,12:56:25,41882.05,50,37125
20221110,12:56:42,41899.85,25,37125
20221110,12:58:18,41890.00,25,37075
20221110,12:58:49,41870.00,50,37075
20221110,12:59:10,41870.00,25,37075
20221110,13:02:42,41870.00,100,37125
20221110,13:03:12,41873.00,25,37225
20221110,13:04:49,41870.00,25,37225
20221110,13:05:22,41887.30,125,37225
20221110,13:05:55,41895.45,25,37225
20221110,13:05:57,41897.25,25,37225
20221110,13:06:03,41901.30,25,37200
20221110,13:06:05,41905.00,25,37200
20221110,13:07:01,41909.05,50,37200
20221110,13:07:04,41912.30,25,37200
20221110,13:07:24,41900.05,25,37200
20221110,13:07:45,41897.95,25,37200
20221110,13:07:57,41890.00,25,37200
20221110,13:08:08,41896.15,25,37200
20221110,13:09:48,41906.70,25,37225
20221110,13:09:59,41909.75,25,37225
20221110,13:11:03,41915.00,25,37225
20221110,13:15:51,41912.15,150,37225
20221110,13:16:24,41914.25,25,37250
20221110,13:16:39,41917.40,25,37250
20221110,13:16:46,41914.25,300,37250
20221110,13:16:51,41912.00,125,37250
20221110,13:17:06,41904.95,25,37250
20221110,13:18:11,41906.10,25,37600
20221110,13:18:27,41910.50,25,37600
20221110,13:18:40,41923.20,150,37600
20221110,13:19:05,41944.00,25,37600
20221110,13:19:26,41944.00,25,37600
20221110,13:19:45,41942.20,25,37600
20221110,13:19:53,41934.60,25,37600
20221110,13:22:48,41936.80,25,37575
20221110,13:23:09,41936.80,25,37575
20221110,13:24:03,41948.10,25,37575
20221110,13:24:33,41950.50,200,37575
20221110,13:27:17,41948.95,75,37425
20221110,13:27:19,41949.00,50,37425
20221110,13:27:27,41954.50,500,37425
20221110,13:27:41,41957.25,500,37425
20221110,13:28:37,41950.45,25,37425
20221110,13:29:46,41933.25,25,37425
20221110,13:30:44,41919.05,200,36975
20221110,13:31:06,41933.55,100,36975
20221110,13:32:35,41931.25,25,36975
20221110,13:35:57,41955.00,25,37025
20221110,13:36:07,41964.50,225,37000
20221110,13:37:07,41960.00,25,37000
20221110,13:37:36,41955.50,50,37000
20221110,13:40:40,41965.50,25,37075
20221110,13:41:18,41961.95,25,37075
20221110,13:42:14,41967.15,25,37075
20221110,13:44:16,41961.40,25,37075
20221110,13:45:10,41965.55,25,37025
20221110,13:45:13,41962.00,25,37025
20221110,13:47:29,41950.00,25,37025
20221110,13:48:12,41940.95,25,37075
20221110,13:48:30,41947.40,100,37075
20221110,13:50:17,41948.20,50,37075
20221110,13:50:51,41967.15,25,37075
20221110,13:54:25,41950.75,25,36975
20221110,13:55:16,41960.75,25,36975
20221110,13:55:23,41970.00,125,36975
20221110,13:55:51,41968.65,125,36975
20221110,13:56:19,41970.15,25,36975
20221110,14:00:34,41967.15,25,36750
20221110,14:00:37,41970.15,25,36750
20221110,14:00:55,41975.00,25,36750
20221110,14:01:45,41970.00,25,36750
20221110,14:01:50,41975.00,25,36750
20221110,14:03:31,42000.00,325,36700
20221110,14:04:15,41985.65,25,36700
20221110,14:04:41,41980.00,25,36700
20221110,14:06:22,41988.50,25,36825
20221110,14:07:18,41990.95,25,36825
20221110,14:07:32,41990.85,25,36825
20221110,14:09:10,41981.00,25,36825
20221110,14:11:54,41985.00,25,36825
20221110,14:12:52,41990.85,25,36825
20221110,14:13:08,41993.15,25,36825
20221110,14:13:38,41990.00,100,36825
20221110,14:14:41,41990.00,25,36825
20221110,14:15:16,42001.10,175,36675
20221110,14:15:18,42006.10,250,36675
20221110,14:16:26,42019.95,25,36675
20221110,14:16:36,42020.00,50,36675
20221110,14:16:56,42020.00,25,36675
20221110,14:17:29,42020.00,25,36675
20221110,14:17:33,42020.00,150,36675
20221110,14:18:46,41990.00,50,36675
20221110,14:20:03,41960.00,50,36675
20221110,14:20:06,41950.00,25,36675
20221110,14:20:26,41940.00,25,36675
20221110,14:20:43,41933.95,25,36675
20221110,14:20:53,41930.00,25,36675
20221110,14:21:24,41924.35,25,36675
20221110,14:21:26,41917.20,500,36675
20221110,14:21:31,41924.75,25,36675
20221110,14:22:53,41922.60,25,36675
20221110,14:23:00,41935.10,25,36675
20221110,14:23:03,41923.40,25,36675
20221110,14:23:28,41917.10,50,36675
20221110,14:24:26,41925.80,25,37075
20221110,14:25:48,41924.20,25,37075
20221110,14:25:51,41926.00,75,37075
20221110,14:26:43,41942.15,25,37075
20221110,14:26:49,41942.70,25,37075
20221110,14:27:04,41944.95,25,37075
20221110,14:27:13,41945.00,100,37150
20221110,14:27:16,41953.90,25,37150
20221110,14:27:48,41946.00,150,37150
20221110,14:28:01,41943.50,150,37150
20221110,14:28:29,41953.05,50,37150
20221110,14:29:26,41960.00,25,37150
20221110,14:29:35,41975.00,25,37150
20221110,14:29:55,41970.05,175,37150
20221110,14:29:59,41970.90,25,37150
20221110,14:30:30,41966.25,25,36700
20221110,14:31:08,41980.00,25,36700
20221110,14:31:53,41974.00,100,36700
20221110,14:32:23,41966.00,25,36700
20221110,14:32:53,41961.00,25,36700
20221110,14:34:25,41944.00,50,36600
20221110,14:34:27,41944.00,50,36600
20221110,14:34:29,41950.95,25,36600
20221110,14:35:12,41950.00,25,36600
20221110,14:35:14,41951.00,100,36600
20221110,14:38:05,41965.75,25,36425
20221110,14:38:25,41979.40,25,36425
20221110,14:39:33,41996.60,25,36425
20221110,14:40:00,41990.00,125,36425
20221110,14:40:25,42014.85,25,36425
20221110,14:40:54,42000.45,25,36425
20221110,14:41:09,41985.80,25,36425
20221110,14:41:15,41990.25,25,36425
20221110,14:41:24,41985.00,100,36425
20221110,14:41:48,41998.15,50,36425
20221110,14:42:13,41995.45,50,36475
20221110,14:42:45,41990.00,25,36475
20221110,14:43:04,41995.45,25,36475
20221110,14:44:16,42005.00,25,36475
20221110,14:44:52,41995.15,100,36475
20221110,14:45:33,42005.00,50,36525
20221110,14:45:59,42012.95,25,36525
20221110,14:47:45,41995.00,100,36525
20221110,14:47:55,41986.50,50,36525
20221110,14:49:31,41991.10,50,36525
20221110,14:50:40,41995.00,25,36625
20221110,14:51:17,42007.85,50,36675
20221110,14:52:19,42012.00,25,36675
20221110,14:53:25,42031.10,50,36675
20221110,14:53:57,42023.00,25,36675
20221110,14:54:15,42016.30,25,36675
20221110,14:54:38,42016.30,25,36675
20221110,14:55:13,42043.40,25,36675
20221110,14:57:19,42040.00,25,36675
20221110,14:59:55,42030.00,25,36675
20221110,14:59:56,42032.50,25,36675
20221110,15:00:01,42043.40,50,36675
20221110,15:00:06,42050.00,125,36675
20221110,15:00:09,42055.00,25,36675
20221110,15:00:21,42030.00,75,36475
20221110,15:00:22,42042.80,25,36475
20221110,15:01:00,42061.00,25,36475
20221110,15:01:43,42066.35,25,36475
20221110,15:02:26,42075.00,25,36475
20221110,15:02:37,42075.75,25,36475
20221110,15:02:44,42080.00,25,36475
20221110,15:02:51,42085.00,25,36475
20221110,15:02:54,42085.00,25,36475
20221110,15:02:57,42085.00,50,36475
20221110,15:03:01,42090.00,25,36475
20221110,15:03:06,42090.65,175,36475
20221110,15:03:19,42090.00,25,36125
20221110,15:03:20,42090.00,25,36125
20221110,15:03:42,42075.75,25,36125
20221110,15:04:26,42086.25,25,36125
20221110,15:04:36,42096.10,25,36125
20221110,15:05:09,42080.45,75,36125
20221110,15:06:59,42075.00,50,36025
20221110,15:07:02,42075.00,75,36025
20221110,15:07:04,42075.00,100,36025
20221110,15:07:08,42075.00,225,36025
20221110,15:07:15,42075.00,50,36025
20221110,15:07:31,42075.00,100,36025
20221110,15:07:32,42075.00,100,36025
20221110,15:07:34,42070.40,25,36025
20221110,15:07:38,42070.10,50,36025
20221110,15:07:43,42070.00,25,36025
20221110,15:08:04,42059.75,25,36025
20221110,15:08:20,42042.00,25,36025
20221110,15:08:25,42040.40,25,36025
20221110,15:08:28,42042.00,250,36025
20221110,15:08:30,42042.00,50,36025
20221110,15:08:43,42060.95,25,36025
20221110,15:09:52,42080.00,25,34950
20221110,15:10:04,42080.00,25,34950
20221110,15:10:14,42091.00,25,34950
20221110,15:10:55,42087.25,25,34950
20221110,15:11:23,42087.00,25,34950
20221110,15:11:26,42091.55,50,34950
20221110,15:12:03,42084.00,25,34950
20221110,15:13:06,42082.95,25,34900
20221110,15:13:08,42083.20,25,34900
20221110,15:13:34,42073.95,25,34900
20221110,15:13:44,42072.10,25,34900
20221110,15:13:45,42079.85,25,34900
20221110,15:14:04,42075.00,25,34900
20221110,15:14:24,42080.00,25,34900
20221110,15:14:25,42080.00,25,34900
20221110,15:15:03,42084.00,25,34900
20221110,15:15:08,42080.35,50,34900
20221110,15:15:22,42088.00,25,34850
20221110,15:15:25,42090.00,50,34850
20221110,15:15:30,42089.00,50,34850
20221110,15:15:35,42089.00,100,34850
20221110,15:15:49,42084.85,25,34850
20221110,15:15:56,42080.35,25,34850
20221110,15:16:04,42080.35,25,34850
20221110,15:16:08,42067.50,25,34850
20221110,15:16:21,42072.05,50,34850
20221110,15:16:34,42080.00,500,34850
20221110,15:16:40,42083.05,25,34850
20221110,15:17:09,42089.70,375,34850
20221110,15:17:12,42090.00,25,34850
20221110,15:17:30,42091.00,25,34850
20221110,15:17:32,42091.00,25,34850
20221110,15:17:52,42099.00,25,34850
20221110,15:18:02,42100.00,25,34850
20221110,15:18:15,42100.00,25,34850
20221110,15:18:17,42099.00,25,34850
20221110,15:18:25,42100.00,25,34975
20221110,15:18:53,42100.00,25,34975
20221110,15:18:59,42100.00,25,34975
20221110,15:19:26,42090.40,25,34975
20221110,15:19:36,42090.00,25,34975
20221110,15:20:08,42090.00,25,34975
20221110,15:20:28,42090.05,25,34975
20221110,15:20:43,42090.05,25,34975
20221110,15:20:54,42090.00,25,34975
20221110,15:20:56,42090.00,25,34975
20221110,15:20:57,42090.00,25,34975
20221110,15:22:00,42095.05,25,34850
20221110,15:22:03,42091.40,25,34850
20221110,15:22:51,42093.70,25,34850
20221110,15:23:00,42099.50,25,34850
20221110,15:23:15,42099.45,25,34850
20221110,15:23:16,42099.45,25,34850
20221110,15:23:50,42093.70,25,34850
20221110,15:24:06,42098.00,450,34850
20221110,15:24:09,42099.00,25,34850
20221110,15:24:11,42100.00,50,34850
20221110,15:24:20,42101.00,25,34375
20221110,15:24:22,42100.00,25,34375
20221110,15:24:26,42101.00,50,34375
20221110,15:24:52,42101.00,25,34375
20221110,15:25:09,42109.65,25,34375
20221110,15:25:20,42100.20,25,34375
20221110,15:25:35,42102.60,25,34375
20221110,15:25:52,42102.60,25,34375
20221110,15:26:19,42102.85,25,34375
20221110,15:26:55,42104.05,100,34375
20221110,15:27:08,42104.05,25,34375
20221110,15:27:21,42104.00,25,34300
20221110,15:28:11,42109.00,25,34300
20221110,15:28:28,42105.00,25,34300
20221110,15:28:41,42103.05,25,34300
20221110,15:28:53,42105.00,25,34300
20221110,15:29:15,42105.50,50,34300
20221110,15:29:20,42105.50,25,34300
20221110,15:29:27,42105.50,25,34300
20221110,15:29:28,42105.50,25,34300
20221110,15:29:30,42109.00,25,34300
20221110,15:29:32,42110.00,50,34300
20221110,15:29:36,42116.15,25,34300
20221110,15:29:42,42110.00,25,34300
20221110,15:29:59,42125.00,150,34300
