20221110,09:15:04,41875.45,1,362275
20221110,09:15:04,41870.55,50,362275
20221110,09:15:06,41888.70,75,362275
20221110,09:15:07,41909.15,350,362275
20221110,09:15:09,41946.25,1050,362275
20221110,09:15:10,41983.65,175,362275
20221110,09:15:12,41985.10,250,362275
20221110,09:15:13,41995.60,100,362275
20221110,09:15:15,41995.60,100,362275
20221110,09:15:16,41958.60,100,362275
20221110,09:15:18,41934.80,150,362275
20221110,09:15:19,41961.50,125,362275
20221110,09:15:21,41958.55,25,362275
20221110,09:15:22,41950.00,50,362275
20221110,09:15:24,41950.20,25,362275
20221110,09:15:26,41947.15,125,362275
20221110,09:15:27,41934.90,150,362275
20221110,09:15:29,41929.00,50,362275
20221110,09:15:30,41925.55,50,362275
20221110,09:15:32,41902.30,400,362275
20221110,09:15:34,41900.00,250,362275
20221110,09:15:35,41900.00,200,362275
20221110,09:15:37,41900.00,25,362275
20221110,09:15:38,41890.00,75,362275
20221110,09:15:41,41898.90,50,362275
20221110,09:15:43,41900.00,375,362275
20221110,09:15:45,41905.45,25,362275
20221110,09:15:48,41915.20,50,362275
20221110,09:15:49,41903.85,125,362275
20221110,09:15:51,41897.35,25,362275
20221110,09:15:53,41895.35,75,362275
20221110,09:15:54,41907.40,50,362275
20221110,09:15:56,41915.70,75,362275
20221110,09:15:59,41907.00,100,362275
20221110,09:16:01,41900.00,325,362275
20221110,09:16:02,41894.85,1075,362275
20221110,09:16:04,41895.40,825,362275
20221110,09:16:05,41900.00,50,362275
20221110,09:16:07,41893.00,50,362275
20221110,09:16:09,41902.95,100,362275
20221110,09:16:10,41903.00,250,362275
20221110,09:16:12,41907.95,300,362275
20221110,09:16:14,41905.65,50,362275
20221110,09:16:15,41908.00,50,362275
20221110,09:16:17,41900.00,50,362275
20221110,09:16:18,41903.30,150,362275
20221110,09:16:20,41909.40,75,362275
20221110,09:16:22,41895.00,225,362275
20221110,09:16:23,41900.00,75,362275
20221110,09:16:25,41895.00,25,362275
20221110,09:16:26,41890.10,125,362275
20221110,09:16:28,41890.05,50,362275
20221110,09:16:30,41900.00,25,362275
20221110,09:16:31,41900.00,50,362275
20221110,09:16:36,41899.95,150,362275
20221110,09:16:38,41889.50,500,362275
20221110,09:16:39,41900.00,100,362275
20221110,09:16:41,41897.35,200,362275
20221110,09:16:42,41888.00,75,362275
20221110,09:16:44,41883.30,50,362275
20221110,09:16:47,41880.05,50,362275
20221110,09:16:52,41887.95,125,362275
20221110,09:16:54,41887.95,50,362275
20221110,09:16:56,41890.00,150,362275
20221110,09:16:57,41896.95,225,362275
20221110,09:17:01,41892.55,50,362275
20221110,09:17:04,41887.90,25,362275
20221110,09:17:14,41893.25,25,362275
20221110,09:17:16,41892.50,25,362275
20221110,09:17:17,41894.85,100,362275
20221110,09:17:19,41894.10,50,362275
20221110,09:17:22,41896.00,75,362275
20221110,09:17:24,41889.05,25,362275
20221110,09:17:26,41895.00,25,362275
20221110,09:17:27,41888.00,50,362275
20221110,09:17:32,41888.05,50,362275
20221110,09:17:34,41894.85,125,362275
20221110,09:17:37,41885.00,50,362775
20221110,09:17:39,41890.65,25,362775
20221110,09:17:44,41890.00,25,362775
20221110,09:17:47,41892.60,125,362775
20221110,09:17:50,41890.05,125,362775
20221110,09:17:52,41890.10,25,362775
20221110,09:17:57,41890.95,300,362775
20221110,09:18:00,41900.00,25,362775
20221110,09:18:02,41900.00,25,362775
20221110,09:18:05,41900.00,100,362775
20221110,09:18:07,41904.20,200,362775
20221110,09:18:09,41910.00,25,362775
20221110,09:18:10,41909.65,125,362775
20221110,09:18:14,41912.80,100,362775
20221110,09:18:15,41904.00,50,362775
20221110,09:18:17,41907.30,125,362775
20221110,09:18:19,41904.20,100,362775
20221110,09:18:21,41908.50,25,362775
20221110,09:18:22,41908.80,25,362775
20221110,09:18:24,41905.30,25,362775
20221110,09:18:26,41900.00,75,362775
20221110,09:18:27,41906.75,25,362775
20221110,09:18:32,41900.00,150,362775
20221110,09:18:35,41906.45,25,362775
20221110,09:18:39,41907.30,25,362775
20221110,09:18:40,41907.30,25,362775
20221110,09:18:45,41917.35,75,362775
20221110,09:18:49,41920.20,50,362775
20221110,09:18:52,41917.35,50,362775
20221110,09:18:54,41917.15,25,362775
20221110,09:19:02,41907.30,100,362775
20221110,09:19:04,41906.45,50,362775
20221110,09:19:05,41906.40,50,362775
20221110,09:19:09,41912.05,25,362775
20221110,09:19:23,41901.05,25,362775
20221110,09:19:27,41901.00,25,362775
20221110,09:19:32,41900.05,75,362775
20221110,09:19:33,41900.05,25,362775
20221110,09:19:35,41900.00,125,362775
20221110,09:19:37,41900.00,200,362775
20221110,09:19:40,41900.00,425,362775
20221110,09:19:42,41900.00,100,362775
20221110,09:19:43,41905.00,25,362775
20221110,09:19:48,41904.65,25,362775
20221110,09:19:53,41906.85,25,362775
20221110,09:19:55,41900.00,150,362775
20221110,09:19:58,41910.70,225,362775
20221110,09:20:00,41910.70,150,362775
20221110,09:20:02,41910.70,150,362775
20221110,09:20:12,41910.70,25,362775
20221110,09:20:13,41902.20,250,362775
20221110,09:20:15,41915.85,25,362775
20221110,09:20:32,41932.00,50,362775
20221110,09:20:35,41929.95,50,362775
20221110,09:20:37,41922.25,25,364200
20221110,09:20:42,41923.95,25,364200
20221110,09:20:48,41926.85,25,364200
20221110,09:20:50,41920.65,50,364200
20221110,09:20:52,41922.55,100,364200
20221110,09:20:57,41918.95,100,364200
20221110,09:20:58,41920.95,100,364200
20221110,09:21:08,41926.90,25,364200
20221110,09:21:18,41926.90,25,364200
20221110,09:21:20,41926.85,25,364200
20221110,09:21:23,41925.95,50,364200
20221110,09:21:25,41926.95,25,364200
20221110,09:21:31,41928.95,25,364200
20221110,09:21:33,41929.00,25,364200
20221110,09:21:34,41928.25,25,364200
20221110,09:21:38,41929.90,100,364200
20221110,09:21:42,41926.95,25,364200
20221110,09:21:56,41930.00,25,364200
20221110,09:21:57,41926.60,100,364200
20221110,09:22:04,41927.15,400,364200
20221110,09:22:07,41935.00,50,364200
20221110,09:22:13,41931.95,25,364200
20221110,09:22:15,41938.55,100,364200
20221110,09:22:17,41942.30,200,364200
20221110,09:22:20,41935.25,100,364200
20221110,09:22:23,41940.00,25,364200
20221110,09:22:25,41943.70,400,364200
20221110,09:22:28,41932.20,75,364200
20221110,09:22:30,41938.15,25,364200
20221110,09:22:33,41932.35,50,364200
20221110,09:22:40,41930.00,25,364200
20221110,09:22:41,41934.05,25,364200
20221110,09:22:45,41940.00,525,364200
20221110,09:22:48,41945.55,25,364200
20221110,09:22:50,41940.40,125,364200
20221110,09:22:55,41950.00,125,364200
20221110,09:22:58,41950.00,150,364200
20221110,09:23:01,41947.95,25,364200
20221110,09:23:08,41940.00,25,364200
20221110,09:23:10,41940.00,75,364200
20221110,09:23:16,41940.00,25,364200
20221110,09:23:20,41940.00,25,364200
20221110,09:23:25,41945.70,500,364200
20221110,09:23:30,41927.00,125,364200
20221110,09:23:40,41927.05,25,363025
20221110,09:23:41,41927.00,25,363025
20221110,09:23:43,41935.85,25,363025
20221110,09:23:45,41931.00,25,363025
20221110,09:23:46,41927.00,25,363025
20221110,09:23:48,41926.00,50,363025
20221110,09:23:51,41921.55,100,363025
20221110,09:23:53,41920.00,75,363025
20221110,09:23:55,41920.00,25,363025
20221110,09:23:58,41915.55,25,363025
20221110,09:24:00,41915.80,25,363025
20221110,09:24:08,41915.80,25,363025
20221110,09:24:10,41908.05,100,363025
20221110,09:24:15,41911.95,100,363025
20221110,09:24:18,41910.00,25,363025
20221110,09:24:21,41912.90,125,363025
20221110,09:24:30,41927.00,50,363025
20221110,09:24:31,41912.95,300,363025
20221110,09:24:33,41919.05,25,363025
20221110,09:24:36,41922.00,25,363025
20221110,09:24:40,41923.00,250,363025
20221110,09:24:48,41920.00,25,363025
20221110,09:24:51,41925.15,25,363025
20221110,09:24:53,41917.00,200,363025
20221110,09:24:55,41919.95,25,363025
20221110,09:24:58,41921.00,50,363025
20221110,09:25:03,41934.35,50,363025
20221110,09:25:15,41921.70,25,363025
20221110,09:25:16,41930.00,50,363025
20221110,09:25:18,41934.00,25,363025
20221110,09:25:25,41932.60,75,363025
20221110,09:25:26,41933.25,50,363025
20221110,09:25:33,41925.05,25,363025
20221110,09:25:48,41920.00,25,363025
20221110,09:25:53,41915.00,25,363025
20221110,09:25:54,41915.00,50,363025
20221110,09:25:58,41917.60,25,363025
20221110,09:25:59,41910.00,75,363025
20221110,09:26:04,41914.45,75,363025
20221110,09:26:06,41907.05,25,363025
20221110,09:26:08,41907.00,25,363025
20221110,09:26:09,41907.00,25,363025
20221110,09:26:11,41908.30,50,363025
20221110,09:26:16,41914.95,125,363025
20221110,09:26:18,41910.00,75,363025
20221110,09:26:19,41910.00,25,363025
20221110,09:26:21,41910.00,250,363025
20221110,09:26:22,41910.00,75,363025
20221110,09:26:24,41906.05,25,363025
20221110,09:26:26,41906.05,50,363025
20221110,09:26:27,41906.25,75,363025
20221110,09:26:31,41910.05,25,363025
20221110,09:26:35,41908.60,25,364250
20221110,09:26:40,41915.65,75,364250
20221110,09:26:42,41917.10,50,364250
20221110,09:26:44,41917.85,50,364250
20221110,09:26:52,41928.40,50,364250
20221110,09:26:54,41937.85,50,364250
20221110,09:26:55,41928.70,250,364250
20221110,09:27:01,41927.05,75,364250
20221110,09:27:11,41928.70,25,364250
20221110,09:27:21,41940.00,25,364250
20221110,09:27:24,41945.55,25,364250
20221110,09:27:26,41939.70,250,364250
20221110,09:27:29,41943.95,125,364250
20221110,09:27:31,41940.00,25,364250
20221110,09:27:37,41929.55,25,364250
20221110,09:27:49,41927.05,25,364250
20221110,09:27:50,41924.35,25,364250
20221110,09:28:02,41923.00,50,364250
20221110,09:28:14,41920.15,100,364250
20221110,09:28:15,41920.05,25,364250
20221110,09:28:17,41920.00,25,364250
20221110,09:28:20,41917.85,25,364250
20221110,09:28:30,41916.15,50,364250
20221110,09:28:36,41925.90,100,364250
20221110,09:28:45,41924.20,25,364250
20221110,09:28:48,41925.90,125,364250
20221110,09:28:50,41925.90,25,364250
20221110,09:29:00,41933.35,125,364250
20221110,09:29:10,41923.65,25,364250
20221110,09:29:36,41933.35,25,364250
20221110,09:29:45,41933.70,25,363875
20221110,09:29:54,41925.05,25,363875
20221110,09:30:22,41941.00,25,363875
20221110,09:30:24,41935.00,25,363875
20221110,09:30:35,41925.15,100,363875
20221110,09:30:37,41931.95,25,363875
20221110,09:30:42,41930.00,25,363875
20221110,09:30:54,41934.05,25,363875
20221110,09:30:55,41942.60,25,363875
20221110,09:30:59,41943.00,25,363875
20221110,09:31:29,41940.00,25,363875
20221110,09:31:32,41943.00,25,363875
20221110,09:31:39,41934.95,25,363875
20221110,09:31:51,41935.10,25,363875
20221110,09:31:54,41937.00,25,363875
20221110,09:31:59,41928.20,25,363875
20221110,09:32:04,41928.05,25,363875
20221110,09:32:12,41929.95,25,363875
20221110,09:32:40,41922.25,50,363850
20221110,09:32:42,41922.65,50,363850
20221110,09:32:45,41915.00,100,363850
20221110,09:32:54,41910.00,25,363850
20221110,09:32:55,41910.00,25,363850
20221110,09:32:59,41910.00,75,363850
20221110,09:33:02,41910.00,25,363850
20221110,09:33:04,41909.00,350,363850
20221110,09:33:05,41913.05,25,363850
20221110,09:33:15,41910.05,25,363850
20221110,09:33:22,41904.00,100,363850
20221110,09:33:24,41900.00,1200,363850
20221110,09:33:25,41899.00,125,363850
20221110,09:33:29,41899.65,25,363850
20221110,09:33:32,41902.05,25,363850
20221110,09:33:39,41900.05,25,363850
20221110,09:33:42,41895.00,75,363850
20221110,09:33:46,41901.80,25,363850
20221110,09:33:51,41897.15,75,363850
20221110,09:33:56,41903.20,25,363850
20221110,09:33:59,41899.70,50,363850
20221110,09:34:01,41899.50,25,363850
20221110,09:34:17,41899.00,50,363850
20221110,09:34:19,41896.45,25,363850
20221110,09:34:22,41897.45,25,363850
20221110,09:34:26,41899.50,75,363850
20221110,09:34:29,41899.00,25,363850
20221110,09:34:34,41892.70,75,363850
20221110,09:34:40,41899.00,50,363850
20221110,09:34:47,41896.45,25,363850
20221110,09:34:55,41897.90,25,363850
20221110,09:34:57,41897.95,25,363850
20221110,09:35:12,41896.00,225,363850
20221110,09:35:14,41899.00,75,363850
20221110,09:35:17,41897.80,50,363850
20221110,09:35:20,41895.00,25,363850
20221110,09:35:29,41891.80,75,363850
20221110,09:35:37,41897.25,25,363850
20221110,09:35:40,41891.60,25,364775
20221110,09:35:45,41890.60,25,364775
20221110,09:35:49,41890.00,25,364775
20221110,09:35:55,41895.10,25,364775
20221110,09:36:04,41897.60,25,364775
20221110,09:36:14,41900.00,50,364775
20221110,09:36:17,41904.95,25,364775
20221110,09:36:25,41912.20,25,364775
20221110,09:36:35,41917.15,100,364775
20221110,09:36:37,41917.15,150,364775
20221110,09:36:45,41902.90,50,364775
20221110,09:36:47,41897.75,25,364775
20221110,09:36:57,41900.00,75,364775
20221110,09:37:02,41897.75,25,364775
20221110,09:37:04,41897.75,25,364775
20221110,09:37:07,41898.75,25,364775
20221110,09:37:09,41899.85,75,364775
20221110,09:37:22,41891.60,50,364775
20221110,09:37:23,41892.90,25,364775
20221110,09:37:30,41891.20,25,364775
20221110,09:37:32,41891.20,75,364775
20221110,09:37:33,41890.40,50,364775
20221110,09:37:35,41900.80,300,364775
20221110,09:37:40,41894.05,25,364775
20221110,09:37:56,41902.70,75,364775
20221110,09:38:03,41909.00,25,364775
20221110,09:38:15,41909.55,500,364775
20221110,09:38:18,41910.05,75,364775
20221110,09:38:35,41909.95,75,364775
20221110,09:38:41,41902.05,25,364975
20221110,09:39:03,41902.05,50,364975
20221110,09:39:18,41897.20,25,364975
20221110,09:39:41,41905.85,25,364975
20221110,09:39:43,41906.45,25,364975
20221110,09:39:46,41897.05,25,364975
20221110,09:39:48,41897.20,25,364975
20221110,09:39:51,41900.00,75,364975
20221110,09:39:53,41898.00,400,364975
20221110,09:39:59,41906.45,25,364975
20221110,09:40:11,41897.60,25,364975
20221110,09:40:14,41900.00,25,364975
20221110,09:40:21,41901.15,25,364975
20221110,09:40:44,41905.00,25,364975
20221110,09:40:48,41905.00,25,364975
20221110,09:41:03,41906.95,75,364975
20221110,09:41:11,41897.00,25,364975
20221110,09:41:13,41895.05,75,364975
20221110,09:41:14,41900.35,25,364975
20221110,09:41:21,41890.00,50,364975
20221110,09:41:26,41895.85,25,364975
20221110,09:41:27,41890.00,50,364975
20221110,09:41:29,41886.00,100,364975
20221110,09:41:34,41880.05,25,364975
20221110,09:41:37,41880.00,50,364975
20221110,09:41:39,41880.00,100,364975
20221110,09:41:46,41886.30,50,365125
20221110,09:41:49,41886.35,25,365125
20221110,09:41:54,41889.50,25,365125
20221110,09:41:55,41890.05,75,365125
20221110,09:42:12,41886.65,25,365125
20221110,09:42:23,41886.65,50,365125
20221110,09:42:29,41886.40,25,365125
20221110,09:42:33,41880.00,50,365125
20221110,09:42:34,41880.00,25,365125
20221110,09:42:46,41886.65,50,365125
20221110,09:42:51,41882.55,25,365125
20221110,09:42:56,41883.30,25,365125
20221110,09:42:59,41886.50,50,365125
20221110,09:43:09,41885.65,75,365125
20221110,09:43:15,41886.50,50,365125
20221110,09:43:17,41883.00,250,365125
20221110,09:43:24,41887.45,75,365125
20221110,09:43:48,41884.00,25,365125
20221110,09:43:54,41882.00,25,365125
20221110,09:44:05,41888.80,25,365125
20221110,09:44:13,41889.90,75,365125
20221110,09:44:24,41887.45,25,365125
20221110,09:44:26,41885.00,25,365125
20221110,09:44:40,41890.00,50,365225
20221110,09:44:56,41890.00,25,365225
20221110,09:44:58,41885.00,150,365225
20221110,09:45:00,41890.00,25,365225
20221110,09:45:08,41884.00,25,365225
20221110,09:45:10,41880.00,150,365225
20221110,09:45:11,41880.00,50,365225
20221110,09:45:16,41877.00,100,365225
20221110,09:45:26,41879.05,25,365225
20221110,09:45:39,41890.05,25,365225
20221110,09:45:46,41900.00,50,365225
20221110,09:45:49,41899.20,25,365225
20221110,09:45:51,41899.40,25,365225
20221110,09:45:59,41894.00,25,365225
20221110,09:46:00,41894.00,25,365225
20221110,09:46:02,41892.00,25,365225
20221110,09:46:20,41905.00,50,365225
20221110,09:46:48,41902.35,25,365225
20221110,09:46:58,41907.00,25,365225
20221110,09:47:16,41896.65,25,365225
20221110,09:47:21,41894.80,50,365225
20221110,09:47:52,41884.00,50,365275
20221110,09:48:39,41898.35,50,365275
20221110,09:48:53,41889.00,25,365275
20221110,09:49:08,41882.05,25,365275
20221110,09:49:17,41882.05,100,365275
20221110,09:49:18,41884.35,25,365275
20221110,09:49:28,41880.00,25,365275
20221110,09:49:38,41883.75,25,365275
20221110,09:49:39,41878.00,25,365275
20221110,09:49:41,41880.00,25,365275
20221110,09:49:43,41885.30,25,365275
20221110,09:49:54,41882.95,25,365275
20221110,09:50:01,41875.00,25,365275
20221110,09:50:03,41870.00,150,365275
20221110,09:50:04,41870.00,25,365275
20221110,09:50:06,41865.00,75,365275
20221110,09:50:07,41864.00,50,365275
20221110,09:50:11,41864.00,25,365275
20221110,09:50:12,41870.00,25,365275
20221110,09:50:30,41875.00,25,365275
20221110,09:50:40,41860.00,325,365175
20221110,09:50:42,41856.05,75,365175
20221110,09:50:45,41863.80,50,365175
20221110,09:51:00,41868.75,25,365175
20221110,09:51:03,41861.95,25,365175
20221110,09:51:05,41861.95,100,365175
20221110,09:51:11,41865.70,25,365175
20221110,09:51:21,41861.00,150,365175
20221110,09:51:29,41858.50,25,365175
20221110,09:51:32,41860.00,125,365175
20221110,09:51:40,41864.80,25,365175
20221110,09:51:42,41859.00,25,365175
20221110,09:51:44,41866.00,50,365175
20221110,09:51:45,41865.00,25,365175
20221110,09:51:50,41869.05,200,365175
20221110,09:51:52,41870.10,50,365175
20221110,09:52:24,41871.95,25,365175
20221110,09:52:30,41865.75,25,365175
20221110,09:52:37,41867.95,25,365175
20221110,09:52:46,41871.80,50,365175
20221110,09:52:49,41867.95,200,365175
20221110,09:52:51,41860.65,25,365175
20221110,09:52:54,41860.00,25,365175
20221110,09:52:56,41863.85,50,365175
20221110,09:52:57,41855.00,25,365175
20221110,09:53:00,41855.00,25,365175
20221110,09:53:02,41857.05,25,365175
20221110,09:53:05,41860.65,50,365175
20221110,09:53:07,41857.30,25,365175
20221110,09:53:12,41857.50,25,365175
20221110,09:53:14,41864.60,25,365175
20221110,09:53:19,41865.00,50,365175
20221110,09:53:20,41869.95,25,365175
20221110,09:53:22,41863.90,25,365175
20221110,09:53:24,41877.00,275,365175
20221110,09:53:47,41870.05,25,365000
20221110,09:54:00,41871.25,50,365000
20221110,09:54:08,41869.75,25,365000
20221110,09:54:23,41867.80,50,365000
20221110,09:54:31,41867.80,75,365000
20221110,09:54:45,41867.00,25,365000
20221110,09:54:47,41867.00,25,365000
20221110,09:54:52,41870.95,75,365000
20221110,09:54:55,41865.85,25,365000
20221110,09:55:20,41868.85,25,365000
20221110,09:55:22,41867.90,50,365000
20221110,09:55:23,41867.10,25,365000
20221110,09:55:27,41865.00,100,365000
20221110,09:55:34,41860.00,50,365000
20221110,09:55:39,41865.05,25,365000
20221110,09:55:52,41860.00,50,365000
20221110,09:56:03,41861.45,25,365000
20221110,09:56:19,41855.05,25,365000
20221110,09:56:28,41855.15,50,365000
20221110,09:56:29,41853.25,125,365000
20221110,09:56:31,41853.25,75,365000
20221110,09:56:33,41861.40,25,365000
20221110,09:56:36,41859.90,25,365000
20221110,09:56:47,41852.00,50,365150
20221110,09:56:49,41850.00,125,365150
20221110,09:56:52,41850.00,325,365150
20221110,09:56:58,41843.40,25,365150
20221110,09:57:00,41842.40,25,365150
20221110,09:57:16,41842.40,25,365150
20221110,09:57:18,41850.00,75,365150
20221110,09:57:31,41854.90,25,365150
20221110,09:57:35,41850.00,50,365150
20221110,09:57:37,41846.30,100,365150
20221110,09:57:38,41851.00,50,365150
20221110,09:57:40,41853.60,25,365150
20221110,09:57:49,41847.05,25,365150
20221110,09:58:13,41855.75,25,365150
20221110,09:58:36,41852.20,25,365150
20221110,09:59:00,41858.00,50,365150
20221110,09:59:01,41856.95,100,365150
20221110,09:59:05,41856.00,100,365150
20221110,09:59:13,41852.20,25,365150
20221110,09:59:29,41850.00,25,365150
20221110,09:59:34,41850.25,25,365150
20221110,09:59:39,41855.00,25,365150
20221110,09:59:44,41850.00,25,365425
20221110,09:59:49,41853.70,50,365425
20221110,09:59:54,41855.40,25,365425
20221110,10:00:02,41850.75,25,365425
20221110,10:00:06,41850.75,100,365425
20221110,10:00:17,41861.20,25,365425
20221110,10:00:19,41856.40,50,365425
20221110,10:00:22,41856.00,25,365425
20221110,10:00:24,41855.20,200,365425
20221110,10:00:25,41854.60,25,365425
20221110,10:00:27,41858.55,75,365425
20221110,10:00:29,41858.30,25,365425
20221110,10:00:34,41863.10,50,365425
20221110,10:00:35,41856.65,25,365425
20221110,10:00:38,41856.25,25,365425
20221110,10:00:40,41856.95,25,365425
20221110,10:00:43,41863.65,25,365425
20221110,10:00:55,41858.25,25,365425
20221110,10:01:00,41859.70,25,365425
20221110,10:01:13,41869.10,50,365425
20221110,10:01:20,41874.35,50,365425
20221110,10:01:28,41876.95,25,365425
20221110,10:01:33,41877.00,50,365425
20221110,10:01:35,41863.95,25,365425
20221110,10:01:38,41873.40,25,365425
20221110,10:01:43,41873.10,25,365425
20221110,10:01:55,41876.25,25,365425
20221110,10:02:01,41877.10,25,365425
20221110,10:02:28,41879.05,25,365425
20221110,10:02:38,41879.05,25,365425
20221110,10:02:41,41878.55,50,365450
20221110,10:02:56,41873.55,150,365450
20221110,10:02:59,41881.95,25,365450
20221110,10:03:05,41871.65,25,365450
20221110,10:03:07,41874.45,50,365450
20221110,10:03:09,41874.45,25,365450
20221110,10:03:12,41882.90,25,365450
20221110,10:03:13,41880.00,25,365450
20221110,10:03:20,41870.00,25,365450
20221110,10:03:27,41880.00,25,365450
20221110,10:03:31,41885.70,25,365450
20221110,10:03:39,41890.00,50,365450
20221110,10:03:49,41895.00,25,365450
20221110,10:03:56,41898.95,25,365450
20221110,10:03:57,41897.85,25,365450
20221110,10:04:02,41897.30,100,365450
20221110,10:04:22,41899.00,25,365450
20221110,10:04:35,41893.50,50,365450
20221110,10:04:40,41891.60,75,365450
20221110,10:04:57,41887.00,25,365450
20221110,10:04:58,41884.00,75,365450
20221110,10:05:05,41890.00,50,365450
20221110,10:05:23,41900.00,25,365450
20221110,10:05:43,41900.00,25,365500
20221110,10:05:45,41899.05,25,365500
20221110,10:05:47,41897.45,25,365500
20221110,10:05:53,41899.20,200,365500
20221110,10:05:55,41899.95,25,365500
20221110,10:06:03,41900.00,25,365500
20221110,10:06:15,41896.20,350,365500
20221110,10:06:20,41904.65,50,365500
20221110,10:06:21,41905.00,50,365500
20221110,10:06:25,41904.85,25,365500
20221110,10:06:33,41904.55,25,365500
20221110,10:06:35,41903.00,50,365500
20221110,10:06:51,41903.00,50,365500
20221110,10:07:01,41909.25,50,365500
20221110,10:07:09,41908.80,25,365500
20221110,10:07:27,41908.80,25,365500
20221110,10:07:59,41892.05,25,365500
20221110,10:08:05,41892.00,25,365500
20221110,10:08:27,41891.75,25,365500
20221110,10:08:43,41891.35,25,365800
20221110,10:09:06,41883.00,25,365800
20221110,10:09:13,41880.00,75,365800
20221110,10:09:19,41873.50,25,365800
20221110,10:09:26,41873.50,150,365800
20221110,10:09:29,41876.50,50,365800
20221110,10:09:31,41876.55,25,365800
20221110,10:09:34,41880.05,50,365800
20221110,10:09:47,41879.95,25,365800
20221110,10:09:59,41873.55,25,365800
20221110,10:10:13,41875.00,25,365800
20221110,10:10:22,41873.50,50,365800
20221110,10:10:27,41872.05,25,365800
20221110,10:11:01,41872.30,25,365800
20221110,10:11:04,41880.00,50,365800
20221110,10:11:27,41882.10,25,365800
20221110,10:11:49,41892.50,50,366025
20221110,10:11:59,41891.05,25,366025
20221110,10:12:41,41888.15,25,366025
20221110,10:13:07,41889.85,25,366025
20221110,10:13:22,41880.00,100,366025
20221110,10:13:27,41873.05,25,366025
20221110,10:13:53,41890.45,25,366025
20221110,10:14:01,41882.65,50,366025
20221110,10:14:16,41882.70,25,366025
20221110,10:14:28,41882.65,25,366025
20221110,10:14:36,41889.05,25,366025
20221110,10:14:52,41878.00,25,366125
20221110,10:15:09,41879.65,25,366125
20221110,10:15:22,41870.20,25,366125
20221110,10:15:23,41870.65,25,366125
20221110,10:15:28,41874.20,25,366125
20221110,10:15:35,41875.80,25,366125
20221110,10:15:41,41876.00,50,366125
20221110,10:15:45,41876.20,25,366125
20221110,10:15:46,41876.40,25,366125
20221110,10:15:49,41877.10,25,366125
20221110,10:15:53,41879.25,50,366125
20221110,10:15:54,41880.35,25,366125
20221110,10:15:57,41880.10,500,366125
20221110,10:16:01,41882.75,25,366125
20221110,10:16:17,41880.00,25,366125
20221110,10:16:44,41882.85,25,366125
20221110,10:17:00,41880.05,50,366125
20221110,10:17:38,41880.05,25,366125
20221110,10:17:51,41880.00,25,365900
20221110,10:17:53,41880.00,25,365900
20221110,10:18:13,41886.00,25,365900
20221110,10:18:51,41880.00,25,365900
20221110,10:18:57,41880.00,25,365900
20221110,10:19:17,41880.10,75,365900
20221110,10:19:42,41889.95,100,365900
20221110,10:19:43,41889.95,25,365900
20221110,10:19:45,41890.00,50,365900
20221110,10:19:47,41890.00,75,365900
20221110,10:19:50,41885.50,25,365900
20221110,10:19:53,41891.75,25,365900
20221110,10:20:06,41884.15,25,365900
20221110,10:20:19,41895.95,150,365900
20221110,10:20:20,41896.00,150,365900
20221110,10:20:22,41895.00,25,365900
20221110,10:20:25,41893.00,50,365900
20221110,10:20:35,41891.15,25,365900
20221110,10:21:01,41892.00,25,365575
20221110,10:21:18,41900.00,25,365575
20221110,10:21:40,41893.30,75,365575
20221110,10:21:42,41900.00,25,365575
20221110,10:21:48,41900.00,25,365575
20221110,10:22:09,41893.05,25,365575
20221110,10:22:33,41893.00,25,365575
20221110,10:22:37,41893.00,125,365575
20221110,10:22:38,41892.00,200,365575
20221110,10:22:52,41885.00,25,365575
20221110,10:22:55,41884.00,50,365575
20221110,10:22:58,41884.00,50,365575
20221110,10:23:06,41880.05,25,365575
20221110,10:23:39,41880.00,25,365575
20221110,10:23:55,41877.75,50,365600
20221110,10:24:05,41875.00,25,365600
20221110,10:24:22,41875.00,25,365600
20221110,10:24:28,41875.00,25,365600
20221110,10:24:35,41875.00,25,365600
20221110,10:24:40,41875.00,50,365600
20221110,10:25:02,41873.60,25,365600
20221110,10:25:29,41870.05,100,365600
20221110,10:25:42,41872.00,25,365600
20221110,10:26:42,41877.85,25,365600
20221110,10:26:44,41878.20,25,365600
20221110,10:27:11,41875.80,150,365625
20221110,10:27:13,41870.00,75,365625
20221110,10:27:15,41870.00,225,365625
20221110,10:27:18,41860.00,50,365625
20221110,10:27:21,41855.35,25,365625
20221110,10:27:25,41866.80,50,365625
20221110,10:27:28,41865.95,25,365625
20221110,10:27:39,41859.05,25,365625
20221110,10:27:44,41865.00,25,365625
20221110,10:27:46,41860.15,25,365625
20221110,10:27:59,41871.45,25,365625
20221110,10:29:01,41879.75,25,365625
20221110,10:29:22,41873.15,25,365625
20221110,10:29:24,41870.15,25,365625
20221110,10:29:28,41873.60,25,365625
20221110,10:29:50,41871.70,100,365675
20221110,10:30:06,41862.05,25,365675
20221110,10:30:30,41865.05,25,365675
20221110,10:30:46,41869.30,25,365675
20221110,10:30:58,41871.90,25,365675
20221110,10:31:23,41863.30,25,365675
20221110,10:31:32,41861.05,25,365675
20221110,10:31:34,41869.20,75,365675
20221110,10:31:44,41866.65,25,365675
20221110,10:32:12,41858.05,25,365675
20221110,10:32:32,41855.00,25,365675
20221110,10:32:34,41858.00,50,365675
20221110,10:32:50,41853.95,25,365875
20221110,10:32:51,41850.00,425,365875
20221110,10:32:53,41843.00,75,365875
20221110,10:33:08,41848.55,25,365875
20221110,10:33:13,41840.00,75,365875
20221110,10:33:14,41836.00,175,365875
20221110,10:33:16,41828.55,50,365875
20221110,10:33:21,41828.05,25,365875
20221110,10:33:26,41828.05,50,365875
20221110,10:34:01,41830.00,25,365875
20221110,10:34:03,41835.65,75,365875
20221110,10:34:06,41832.60,25,365875
20221110,10:34:11,41837.15,25,365875
20221110,10:34:29,41840.00,25,365875
20221110,10:34:37,41840.70,25,365875
20221110,10:34:39,41834.00,25,365875
20221110,10:34:40,41840.00,25,365875
20221110,10:34:42,41843.15,25,365875
20221110,10:35:10,41825.00,150,365875
20221110,10:35:12,41815.10,425,365875
20221110,10:35:14,41810.00,50,365875
20221110,10:35:27,41825.60,100,365875
20221110,10:35:31,41826.05,325,365875
20221110,10:35:34,41828.00,25,365875
20221110,10:35:40,41828.80,25,365875
20221110,10:35:42,41828.45,25,365875
20221110,10:35:44,41830.00,25,365875
20221110,10:35:49,41837.80,50,365800
20221110,10:35:52,41836.90,125,365800
20221110,10:36:05,41842.95,25,365800
20221110,10:36:07,41840.40,25,365800
20221110,10:36:15,41834.55,25,365800
20221110,10:36:20,41833.25,25,365800
20221110,10:36:29,41840.00,25,365800
20221110,10:36:56,41840.00,50,365800
20221110,10:36:58,41843.15,25,365800
20221110,10:37:13,41840.00,25,365800
20221110,10:37:28,41843.15,25,365800
20221110,10:37:38,41846.65,25,365800
20221110,10:37:44,41850.95,50,365800
20221110,10:37:46,41851.10,125,365800
20221110,10:37:53,41849.40,125,365800
20221110,10:37:59,41846.00,75,365800
20221110,10:38:01,41846.00,25,365800
20221110,10:38:02,41845.00,25,365800
20221110,10:38:06,41840.80,50,365800
20221110,10:38:11,41845.30,25,365800
20221110,10:38:14,41841.95,25,365800
20221110,10:38:15,41840.00,125,365800
20221110,10:38:17,41837.40,100,365800
20221110,10:38:19,41832.60,25,365800
20221110,10:38:25,41829.60,25,365800
20221110,10:38:30,41835.00,250,365800
20221110,10:38:32,41835.00,175,365800
20221110,10:38:34,41835.00,25,365800
20221110,10:38:35,41835.00,125,365800
20221110,10:38:38,41835.00,50,365800
20221110,10:38:40,41835.65,250,365800
20221110,10:38:42,41835.90,75,365800
20221110,10:38:43,41838.00,25,365800
20221110,10:38:45,41837.85,50,365800
20221110,10:38:58,41839.25,25,366775
20221110,10:39:03,41838.00,25,366775
20221110,10:39:05,41842.40,150,366775
20221110,10:39:06,41835.25,100,366775
20221110,10:39:08,41835.40,125,366775
20221110,10:39:11,41830.05,25,366775
20221110,10:39:15,41833.45,25,366775
20221110,10:39:23,41830.00,25,366775
20221110,10:39:28,41834.00,25,366775
20221110,10:39:37,41834.45,25,366775
20221110,10:39:56,41835.00,25,366775
20221110,10:40:02,41830.00,25,366775
20221110,10:40:12,41830.25,25,366775
20221110,10:40:14,41831.95,25,366775
20221110,10:40:16,41835.00,25,366775
20221110,10:40:21,41832.40,25,366775
20221110,10:40:27,41832.50,25,366775
20221110,10:41:25,41844.35,25,366775
20221110,10:41:43,41849.65,100,366775
20221110,10:41:46,41849.65,75,366775
20221110,10:41:57,41849.00,25,367000
20221110,10:42:00,41853.00,50,367000
20221110,10:42:10,41847.05,25,367000
20221110,10:42:13,41846.05,25,367000
20221110,10:42:20,41850.00,25,367000
20221110,10:42:21,41850.00,25,367000
20221110,10:42:23,41850.00,25,367000
20221110,10:42:38,41853.60,25,367000
20221110,10:42:42,41845.05,25,367000
20221110,10:42:50,41851.00,25,367000
20221110,10:43:03,41844.20,25,367000
20221110,10:43:06,41844.10,25,367000
20221110,10:43:19,41846.25,25,367000
20221110,10:43:47,41847.25,25,367000
20221110,10:43:50,41850.00,25,367000
20221110,10:44:02,41851.00,25,367000
20221110,10:44:26,41854.15,50,367000
20221110,10:45:04,41858.05,25,367150
20221110,10:45:07,41856.05,25,367150
20221110,10:45:14,41858.05,50,367150
20221110,10:45:37,41874.85,50,367150
20221110,10:45:57,41870.00,25,367150
20221110,10:46:22,41869.00,25,367150
20221110,10:46:24,41865.05,25,367150
20221110,10:47:04,41862.20,25,367150
20221110,10:47:10,41862.00,25,367150
20221110,10:47:32,41847.45,25,367150
20221110,10:47:56,41848.45,25,367225
20221110,10:48:20,41848.45,25,367225
20221110,10:48:35,41849.35,25,367225
20221110,10:48:51,41847.40,200,367225
20221110,10:48:54,41849.00,25,367225
20221110,10:49:11,41853.60,25,367225
20221110,10:49:22,41848.85,25,367225
20221110,10:49:30,41845.90,25,367225
20221110,10:49:43,41838.10,100,367225
20221110,10:50:03,41843.60,25,367225
20221110,10:50:36,41855.00,25,367225
20221110,10:51:14,41843.60,25,367275
20221110,10:51:18,41841.40,25,367275
20221110,10:51:24,41845.45,25,367275
20221110,10:51:28,41842.05,25,367275
20221110,10:51:33,41843.95,25,367275
20221110,10:52:00,41842.85,25,367275
20221110,10:52:02,41840.70,125,367275
20221110,10:52:04,41842.50,25,367275
20221110,10:52:41,41835.00,25,367275
20221110,10:52:56,41831.00,75,367275
20221110,10:53:01,41836.80,25,367275
20221110,10:53:06,41838.10,25,367275
20221110,10:53:12,41834.60,25,367275
20221110,10:53:24,41838.10,50,367275
20221110,10:53:27,41840.30,25,367275
20221110,10:53:50,41842.50,25,367275
20221110,10:53:55,41840.60,25,367350
20221110,10:54:04,41840.00,25,367350
20221110,10:54:06,41836.75,25,367350
20221110,10:55:36,41835.05,25,367350
20221110,10:56:06,41846.35,25,367350
20221110,10:56:36,41837.30,50,367350
20221110,10:56:44,41835.35,25,367350
20221110,10:57:11,41845.80,100,367450
20221110,10:57:29,41831.00,25,367450
20221110,10:57:34,41820.00,125,367450
20221110,10:57:39,41820.00,50,367450
20221110,10:57:42,41820.00,25,367450
20221110,10:58:42,41813.25,50,367450
20221110,10:58:47,41820.00,25,367450
20221110,10:59:19,41810.00,150,367450
20221110,10:59:21,41809.00,225,367450
20221110,10:59:22,41809.00,25,367450
20221110,10:59:26,41806.95,25,367450
20221110,10:59:29,41805.00,25,367450
20221110,10:59:35,41805.00,100,367450
20221110,10:59:39,41808.00,25,367450
20221110,10:59:44,41806.20,25,367450
20221110,10:59:47,41808.55,25,367450
20221110,10:59:53,41801.00,100,367450
20221110,10:59:55,41800.00,100,367450
20221110,10:59:57,41801.75,50,367450
20221110,10:59:58,41800.00,50,367450
20221110,11:00:00,41800.00,175,367450
20221110,11:00:02,41800.00,225,367450
20221110,11:00:03,41800.00,100,367450
20221110,11:00:05,41800.00,150,367450
20221110,11:00:08,41800.00,50,367450
20221110,11:00:10,41792.00,600,367450
20221110,11:00:13,41790.00,100,367450
20221110,11:00:15,41788.25,25,367450
20221110,11:00:17,41788.25,100,367450
20221110,11:00:27,41791.65,100,367450
20221110,11:00:30,41791.50,25,367450
20221110,11:00:32,41790.00,25,367450
20221110,11:00:33,41794.85,125,367450
20221110,11:00:40,41794.90,25,367450
20221110,11:00:48,41791.05,25,367450
20221110,11:00:52,41800.00,25,367450
20221110,11:00:53,41804.70,25,367450
20221110,11:01:13,41816.05,125,367450
20221110,11:01:15,41809.05,25,367450
20221110,11:01:26,41811.05,25,367450
20221110,11:01:41,41815.00,25,367450
20221110,11:01:43,41817.15,25,367450
20221110,11:01:45,41815.35,450,367450
20221110,11:01:46,41810.85,25,367450
20221110,11:02:12,41820.00,25,367450
20221110,11:02:17,41820.80,25,367450
20221110,11:02:28,41829.60,325,367450
20221110,11:04:06,41818.05,25,368500
20221110,11:04:22,41824.40,25,368500
20221110,11:04:44,41819.00,200,368500
20221110,11:04:47,41824.90,25,368500
20221110,11:04:57,41824.90,25,368500
20221110,11:05:13,41824.90,25,368500
20221110,11:05:15,41820.00,25,368500
20221110,11:05:36,41830.00,75,368500
20221110,11:05:38,41826.00,250,368500
20221110,11:05:51,41826.85,25,368500
20221110,11:05:53,41823.00,25,368825
20221110,11:05:56,41821.95,25,368825
20221110,11:05:59,41827.90,25,368825
20221110,11:06:03,41830.00,25,368825
20221110,11:06:05,41830.00,75,368825
20221110,11:06:06,41832.00,25,368825
20221110,11:06:19,41839.85,25,368825
20221110,11:06:31,41835.00,25,368825
20221110,11:06:47,41839.65,50,368825
20221110,11:06:49,41831.00,125,368825
20221110,11:06:54,41830.00,25,368825
20221110,11:06:59,41839.30,75,368825
20221110,11:07:36,41829.55,250,368825
20221110,11:07:53,41826.00,25,368825
20221110,11:08:19,41825.00,50,368825
20221110,11:08:23,41825.00,75,368825
20221110,11:08:36,41825.00,25,368825
20221110,11:08:41,41823.00,25,368825
20221110,11:08:52,41833.95,75,368975
20221110,11:09:05,41830.00,25,368975
20221110,11:09:07,41833.95,25,368975
20221110,11:09:14,41827.00,50,368975
20221110,11:09:43,41825.00,50,368975
20221110,11:09:44,41823.00,25,368975
20221110,11:09:59,41820.00,25,368975
20221110,11:10:01,41823.65,25,368975
20221110,11:10:07,41817.05,25,368975
20221110,11:10:17,41816.00,50,368975
20221110,11:10:20,41817.00,25,368975
20221110,11:10:22,41815.00,25,368975
20221110,11:10:39,41810.85,25,368975
20221110,11:11:08,41804.70,25,368975
20221110,11:11:18,41803.85,75,368975
20221110,11:11:23,41800.00,25,368975
20221110,11:11:25,41805.10,50,368975
20221110,11:11:28,41804.70,25,368975
20221110,11:11:31,41805.10,25,368975
20221110,11:11:46,41800.75,25,368975
20221110,11:11:54,41801.20,25,369200
20221110,11:12:01,41800.00,25,369200
20221110,11:12:06,41801.05,25,369200
20221110,11:12:07,41801.05,75,369200
20221110,11:12:32,41803.20,50,369200
20221110,11:12:33,41805.00,25,369200
20221110,11:13:35,41805.05,50,369200
20221110,11:14:28,41813.95,25,369200
20221110,11:14:44,41813.95,25,369200
20221110,11:15:06,41810.00,25,369200
20221110,11:15:16,41810.00,25,369275
20221110,11:15:17,41810.00,25,369275
20221110,11:15:40,41813.95,25,369275
20221110,11:15:42,41819.40,50,369275
20221110,11:15:43,41823.85,100,369275
20221110,11:15:45,41823.45,25,369275
20221110,11:16:26,41823.45,25,369275
20221110,11:16:35,41828.95,50,369275
20221110,11:16:56,41833.20,50,369275
20221110,11:17:02,41828.95,25,369275
20221110,11:17:06,41833.20,175,369275
20221110,11:17:15,41827.90,50,369275
20221110,11:17:48,41820.70,50,369275
20221110,11:17:53,41817.45,25,369200
20221110,11:18:04,41830.95,25,369200
20221110,11:18:19,41829.90,25,369200
20221110,11:19:04,41828.75,50,369200
20221110,11:19:15,41828.90,25,369200
20221110,11:19:53,41814.80,150,369200
20221110,11:19:55,41818.00,25,369200
20221110,11:20:01,41815.00,25,369200
20221110,11:20:16,41815.00,100,369200
20221110,11:20:36,41810.00,25,369200
20221110,11:21:53,41820.00,25,369125
20221110,11:21:58,41820.00,25,369125
20221110,11:22:01,41820.00,25,369125
20221110,11:22:03,41820.00,75,369125
20221110,11:22:05,41820.00,75,369125
20221110,11:22:09,41820.00,25,369125
20221110,11:22:12,41820.00,150,369125
20221110,11:22:14,41820.00,25,369125
20221110,11:22:17,41820.00,75,369125
20221110,11:22:19,41816.00,25,369125
20221110,11:22:20,41817.15,50,369125
20221110,11:22:32,41824.90,125,369125
20221110,11:22:47,41825.00,25,369125
20221110,11:22:48,41829.05,25,369125
20221110,11:22:56,41828.90,25,369125
20221110,11:23:06,41831.25,100,369125
20221110,11:23:18,41830.55,25,369125
20221110,11:23:26,41825.00,25,369125
20221110,11:23:52,41825.00,25,369125
20221110,11:24:09,41811.30,500,369500
20221110,11:24:23,41818.65,25,369500
20221110,11:24:25,41812.95,25,369500
20221110,11:24:26,41818.85,50,369500
20221110,11:24:36,41825.00,150,369500
20221110,11:24:38,41825.00,225,369500
20221110,11:24:43,41825.00,125,369500
20221110,11:24:53,41818.00,25,369500
20221110,11:25:11,41816.95,25,369500
20221110,11:26:05,41811.30,25,369500
20221110,11:26:14,41814.65,25,369500
20221110,11:26:19,41815.15,25,369500
20221110,11:26:27,41815.50,25,369500
20221110,11:26:51,41814.65,25,369500
20221110,11:27:12,41815.90,25,369500
20221110,11:27:14,41816.15,25,369350
20221110,11:28:12,41814.00,25,369350
20221110,11:28:21,41810.00,50,369350
20221110,11:28:22,41810.00,50,369350
20221110,11:28:35,41805.50,25,369350
20221110,11:28:39,41814.25,25,369350
20221110,11:29:06,41809.80,25,369350
20221110,11:29:16,41812.70,25,369350
20221110,11:29:18,41812.75,25,369350
20221110,11:29:20,41816.00,25,369350
20221110,11:30:06,41813.00,25,369400
20221110,11:30:36,41814.15,25,369400
20221110,11:30:51,41821.65,75,369400
20221110,11:30:57,41821.10,50,369400
20221110,11:30:59,41819.15,50,369400
20221110,11:31:00,41819.15,125,369400
20221110,11:31:58,41801.70,50,369400
20221110,11:32:08,41811.10,25,369400
20221110,11:32:18,41811.10,25,369400
20221110,11:32:39,41816.95,25,369400
20221110,11:33:27,41816.10,25,369400
20221110,11:33:36,41835.00,75,369700
20221110,11:33:37,41839.00,25,369700
20221110,11:33:42,41838.90,25,369700
20221110,11:33:51,41838.90,25,369700
20221110,11:33:52,41830.85,25,369700
20221110,11:33:59,41839.00,25,369700
20221110,11:34:00,41840.00,25,369700
20221110,11:34:02,41847.95,25,369700
20221110,11:34:04,41850.00,25,369700
20221110,11:34:07,41850.05,25,369700
20221110,11:34:22,41855.00,25,369700
20221110,11:34:27,41850.00,450,369700
20221110,11:34:44,41854.95,25,369700
20221110,11:34:52,41854.95,100,369700
20221110,11:35:09,41854.95,50,369700
20221110,11:35:12,41850.00,50,369700
20221110,11:35:22,41851.95,25,369700
20221110,11:36:30,41846.95,75,369475
20221110,11:37:08,41845.00,25,369475
20221110,11:37:34,41846.95,25,369475
20221110,11:37:39,41850.00,25,369475
20221110,11:38:34,41864.85,25,369475
20221110,11:38:39,41860.00,25,369475
20221110,11:38:52,41861.00,25,369475
20221110,11:39:19,41858.55,25,369500
20221110,11:39:48,41869.00,25,369500
20221110,11:40:00,41860.05,50,369500
20221110,11:40:09,41866.20,50,369500
20221110,11:40:14,41858.50,50,369500
20221110,11:40:32,41854.05,50,369500
20221110,11:40:55,41852.40,25,369500
20221110,11:41:03,41853.70,25,369500
20221110,11:41:15,41854.95,25,369500
20221110,11:41:27,41855.95,75,369500
20221110,11:41:33,41856.65,25,369500
20221110,11:41:36,41851.00,25,369500
20221110,11:41:46,41850.00,25,369500
20221110,11:42:33,41851.95,25,369525
20221110,11:42:52,41845.00,25,369525
20221110,11:43:12,41840.00,50,369525
20221110,11:43:13,41840.00,25,369525
20221110,11:43:18,41843.00,50,369525
20221110,11:44:36,41843.00,25,369525
20221110,11:44:39,41840.25,25,369525
20221110,11:44:46,41840.25,25,369525
20221110,11:45:08,41850.00,50,369500
20221110,11:45:12,41850.00,50,369500
20221110,11:45:51,41849.95,25,369500
20221110,11:45:55,41840.10,25,369500
20221110,11:46:10,41840.55,25,369500
20221110,11:46:30,41840.00,25,369500
20221110,11:46:39,41842.90,25,369500
20221110,11:46:42,41835.70,25,369500
20221110,11:47:12,41832.80,25,369500
20221110,11:47:17,41835.45,25,369500
20221110,11:47:31,41835.70,25,369500
20221110,11:48:14,41831.95,25,369600
20221110,11:48:44,41833.70,25,369600
20221110,11:48:56,41835.70,75,369600
20221110,11:48:57,41841.95,75,369600
20221110,11:48:59,41841.95,75,369600
20221110,11:49:02,41834.05,25,369600
20221110,11:49:45,41841.20,25,369600
20221110,11:49:56,41839.95,25,369600
20221110,11:50:18,41829.10,50,369600
20221110,11:50:36,41837.20,25,369600
20221110,11:50:52,41834.60,25,369600
20221110,11:51:16,41827.00,25,369600
20221110,11:51:24,41825.00,25,369650
20221110,11:51:25,41820.50,50,369650
20221110,11:51:38,41827.30,25,369650
20221110,11:51:40,41827.30,25,369650
20221110,11:51:53,41830.00,75,369650
20221110,11:52:25,41834.85,25,369650
20221110,11:52:52,41825.00,25,369650
20221110,11:53:10,41830.00,25,369650
20221110,11:53:35,41841.35,25,369650
20221110,11:53:55,41848.00,50,369650
20221110,11:53:56,41845.90,25,369650
20221110,11:54:08,41845.50,25,369775
20221110,11:54:36,41845.00,25,369775
20221110,11:56:12,41835.05,25,369775
20221110,11:56:15,41844.70,50,369775
20221110,11:56:49,41844.70,175,369775
20221110,11:56:51,41839.50,50,369775
20221110,11:56:59,41839.50,50,369775
20221110,11:57:02,41839.50,75,369775
20221110,11:57:04,41835.65,75,369850
20221110,11:57:13,41835.00,25,369850
20221110,11:57:18,41839.15,275,369850
20221110,11:57:35,41839.15,200,369850
20221110,11:57:36,41838.55,50,369850
20221110,11:58:04,41841.35,50,369850
20221110,11:58:06,41841.35,25,369850
20221110,11:58:11,41839.95,125,369850
20221110,11:58:14,41835.05,75,369850
20221110,11:58:16,41830.55,25,369850
20221110,11:58:34,41836.20,25,369850
20221110,11:58:55,41836.50,50,369850
20221110,11:59:41,41835.80,50,369850
20221110,11:59:58,41832.00,25,369850
20221110,12:00:32,41836.65,25,370150
20221110,12:00:34,41831.90,25,370150
20221110,12:00:46,41826.85,25,370150
20221110,12:00:56,41824.85,50,370150
20221110,12:00:58,41815.00,250,370150
20221110,12:01:00,41811.00,25,370150
20221110,12:01:07,41811.35,25,370150
20221110,12:01:12,41804.00,50,370150
20221110,12:01:13,41804.00,50,370150
20221110,12:01:15,41800.00,275,370150
20221110,12:01:17,41795.00,25,370150
20221110,12:01:20,41790.00,75,370150
20221110,12:01:22,41786.00,50,370150
20221110,12:01:23,41781.15,150,370150
20221110,12:01:25,41787.00,75,370150
20221110,12:01:40,41796.85,75,370150
20221110,12:01:45,41804.70,50,370150
20221110,12:01:46,41801.75,25,370150
20221110,12:01:56,41801.75,25,370150
20221110,12:02:01,41800.00,25,370150
20221110,12:02:09,41798.85,425,370150
20221110,12:02:16,41790.00,25,370150
20221110,12:02:17,41790.05,25,370150
20221110,12:02:21,41790.00,75,370150
20221110,12:02:25,41790.05,50,370150
20221110,12:02:27,41790.00,50,370150
20221110,12:02:29,41790.00,50,370150
20221110,12:02:30,41790.00,50,370150
20221110,12:02:34,41790.00,25,370150
20221110,12:02:37,41791.60,25,370150
20221110,12:02:47,41787.00,450,370150
20221110,12:02:48,41783.55,25,370150
20221110,12:02:50,41790.95,25,370150
20221110,12:03:02,41780.00,100,370150
20221110,12:03:03,41775.05,100,370500
20221110,12:03:05,41775.00,25,370500
20221110,12:03:07,41775.00,100,370500
20221110,12:03:13,41759.00,1500,370500
20221110,12:03:15,41750.00,900,370500
20221110,12:03:17,41750.00,175,370500
20221110,12:03:18,41750.50,400,370500
20221110,12:03:22,41759.75,50,370500
20221110,12:03:23,41759.75,50,370500
20221110,12:03:25,41760.15,125,370500
20221110,12:03:27,41763.15,150,370500
20221110,12:03:32,41767.60,100,370500
20221110,12:03:43,41767.40,25,370500
20221110,12:04:01,41772.10,25,370500
20221110,12:04:06,41763.45,25,370500
20221110,12:04:16,41765.85,25,370500
20221110,12:04:38,41761.90,25,370500
20221110,12:04:58,41768.20,25,370500
20221110,12:05:06,41765.00,25,370500
20221110,12:05:11,41764.80,25,370500
20221110,12:05:19,41773.55,25,370500
20221110,12:05:24,41776.40,25,370500
20221110,12:05:29,41774.55,25,370500
20221110,12:05:43,41767.05,25,370500
20221110,12:05:51,41768.05,50,370500
20221110,12:05:54,41770.00,25,370500
20221110,12:05:56,41767.10,25,370500
20221110,12:05:59,41767.05,25,370500
20221110,12:06:01,41768.00,25,370500
20221110,12:06:04,41761.00,150,371450
20221110,12:06:09,41760.00,100,371450
20221110,12:06:11,41760.00,50,371450
20221110,12:06:18,41758.20,25,371450
20221110,12:06:21,41756.60,25,371450
20221110,12:06:26,41760.20,25,371450
20221110,12:06:28,41763.70,25,371450
20221110,12:06:29,41762.10,25,371450
20221110,12:06:31,41761.30,25,371450
20221110,12:06:39,41766.65,25,371450
20221110,12:06:44,41764.75,525,371450
20221110,12:06:51,41763.25,25,371450
20221110,12:07:06,41769.25,25,371450
20221110,12:07:11,41774.35,25,371450
20221110,12:07:19,41770.00,25,371450
20221110,12:07:22,41770.00,25,371450
20221110,12:07:24,41775.50,25,371450
20221110,12:07:27,41776.65,100,371450
20221110,12:07:47,41770.00,25,371450
20221110,12:08:38,41766.05,25,371450
20221110,12:08:59,41770.00,25,371450
20221110,12:09:03,41763.05,25,371525
20221110,12:09:08,41762.95,50,371525
20221110,12:09:09,41762.85,50,371525
20221110,12:09:11,41762.80,25,371525
20221110,12:09:13,41765.35,25,371525
20221110,12:09:14,41765.50,100,371525
20221110,12:09:16,41767.00,175,371525
20221110,12:09:18,41768.85,100,371525
20221110,12:09:19,41768.00,25,371525
20221110,12:09:21,41763.00,75,371525
20221110,12:09:33,41770.00,125,371525
20221110,12:09:44,41770.45,25,371525
20221110,12:09:54,41764.00,25,371525
20221110,12:09:57,41766.00,50,371525
20221110,12:10:09,41762.20,25,371525
20221110,12:10:17,41760.00,25,371525
20221110,12:10:32,41755.00,50,371525
20221110,12:10:37,41758.60,75,371525
20221110,12:10:42,41753.75,125,371525
20221110,12:10:43,41753.90,75,371525
20221110,12:10:45,41755.30,50,371525
20221110,12:10:47,41751.00,25,371525
20221110,12:10:52,41758.60,25,371525
20221110,12:10:58,41756.85,25,371525
20221110,12:11:00,41750.00,25,371525
20221110,12:11:02,41750.00,75,371525
20221110,12:11:03,41746.00,50,371525
20221110,12:11:05,41742.10,200,371525
20221110,12:11:07,41739.35,50,371525
20221110,12:11:10,41741.05,25,371525
20221110,12:11:12,41739.00,25,371525
20221110,12:11:13,41736.00,50,371525
20221110,12:11:15,41736.00,150,371525
20221110,12:11:17,41735.05,225,371525
20221110,12:11:18,41738.00,125,371525
20221110,12:11:20,41735.00,125,371525
20221110,12:11:22,41734.00,25,371525
20221110,12:11:23,41730.00,50,371525
20221110,12:11:25,41730.00,50,371525
20221110,12:11:27,41734.10,125,371525
20221110,12:11:32,41740.90,75,371525
20221110,12:11:33,41741.40,25,371525
20221110,12:11:35,41744.15,150,371525
20221110,12:11:40,41748.85,25,371525
20221110,12:11:50,41746.00,25,371525
20221110,12:11:56,41738.75,25,371525
20221110,12:12:00,41745.90,75,371525
20221110,12:12:01,41741.05,25,371525
20221110,12:12:03,41746.00,50,371525
20221110,12:12:05,41747.10,25,372275
20221110,12:12:10,41738.10,225,372275
20221110,12:12:13,41744.85,25,372275
20221110,12:12:24,41739.25,50,372275
20221110,12:12:29,41738.40,25,372275
20221110,12:12:37,41735.00,25,372275
20221110,12:12:44,41742.80,50,372275
20221110,12:12:52,41737.00,100,372275
20221110,12:12:54,41740.00,50,372275
20221110,12:13:04,41747.05,100,372275
20221110,12:13:05,41744.15,25,372275
20221110,12:13:17,41750.00,50,372275
20221110,12:13:20,41746.45,25,372275
20221110,12:13:24,41751.00,50,372275
20221110,12:13:29,41745.25,25,372275
20221110,12:13:52,41751.05,25,372275
20221110,12:13:58,41748.20,200,372275
20221110,12:14:02,41747.80,25,372275
20221110,12:14:13,41750.25,75,372275
20221110,12:14:23,41749.80,25,372275
20221110,12:14:33,41740.05,100,372275
20221110,12:14:34,41742.05,25,372275
20221110,12:14:44,41747.05,75,372275
20221110,12:14:47,41741.05,25,372275
20221110,12:14:54,41740.05,25,372275
20221110,12:14:56,41740.00,25,372275
20221110,12:14:57,41741.05,25,372275
20221110,12:14:59,41741.05,50,372275
20221110,12:15:06,41742.65,75,372075
20221110,12:15:09,41742.10,25,372075
20221110,12:15:10,41743.80,50,372075
20221110,12:15:12,41746.80,75,372075
20221110,12:15:14,41748.10,25,372075
20221110,12:15:15,41745.05,25,372075
20221110,12:15:40,41744.75,25,372075
20221110,12:15:43,41744.70,100,372075
20221110,12:16:03,41740.00,50,372075
20221110,12:16:07,41744.70,25,372075
20221110,12:16:10,41746.20,25,372075
20221110,12:16:13,41749.90,25,372075
20221110,12:16:21,41748.70,50,372075
20221110,12:16:33,41749.00,25,372075
20221110,12:16:35,41750.50,25,372075
20221110,12:17:01,41747.85,25,372075
20221110,12:17:03,41743.00,25,372075
20221110,12:17:05,41740.00,75,372075
20221110,12:17:06,41726.00,325,372075
20221110,12:17:10,41725.35,50,372075
20221110,12:17:11,41730.00,150,372075
20221110,12:17:13,41730.55,25,372075
20221110,12:17:15,41721.00,400,372075
20221110,12:17:16,41721.00,25,372075
20221110,12:17:20,41725.90,50,372075
20221110,12:17:21,41726.95,50,372075
20221110,12:17:24,41726.50,25,372075
20221110,12:17:31,41725.30,100,372075
20221110,12:17:32,41723.90,50,372075
20221110,12:17:37,41728.95,50,372075
20221110,12:17:46,41728.95,25,372075
20221110,12:17:47,41732.90,25,372075
20221110,12:18:01,41726.00,25,372075
20221110,12:18:02,41731.55,100,372075
20221110,12:18:06,41723.90,25,372075
20221110,12:18:11,41716.50,25,372600
20221110,12:18:12,41711.05,25,372600
20221110,12:18:19,41711.00,25,372600
20221110,12:18:21,41710.00,25,372600
20221110,12:18:22,41710.00,100,372600
20221110,12:18:31,41716.50,25,372600
20221110,12:18:34,41725.95,125,372600
20221110,12:18:37,41715.65,75,372600
20221110,12:18:41,41721.95,175,372600
20221110,12:18:42,41721.95,25,372600
20221110,12:18:52,41720.00,25,372600
20221110,12:18:56,41721.95,25,372600
20221110,12:19:07,41715.00,25,372600
20221110,12:19:12,41721.95,25,372600
20221110,12:19:14,41714.55,25,372600
20221110,12:19:17,41720.00,25,372600
20221110,12:19:29,41718.75,25,372600
20221110,12:19:34,41712.25,25,372600
20221110,12:19:37,41711.50,25,372600
20221110,12:19:47,41712.00,25,372600
20221110,12:19:48,41713.00,25,372600
20221110,12:19:53,41711.55,25,372600
20221110,12:20:06,41713.00,25,372600
20221110,12:20:10,41711.00,25,372600
20221110,12:20:11,41711.50,25,372600
20221110,12:20:13,41710.00,25,372600
20221110,12:20:18,41717.85,25,372600
20221110,12:20:21,41720.00,50,372600
20221110,12:20:31,41717.00,25,372600
20221110,12:20:41,41725.05,50,372600
20221110,12:20:44,41724.55,25,372600
20221110,12:20:53,41726.65,25,372600
20221110,12:20:54,41735.95,25,372600
20221110,12:21:09,41740.00,25,372650
20221110,12:21:13,41744.45,25,372650
20221110,12:21:41,41738.75,50,372650
20221110,12:21:44,41737.30,75,372650
20221110,12:21:52,41739.85,25,372650
20221110,12:22:02,41735.00,25,372650
20221110,12:22:11,41738.00,25,372650
20221110,12:22:14,41738.00,75,372650
20221110,12:22:21,41735.35,100,372650
20221110,12:22:26,41733.05,25,372650
20221110,12:22:32,41739.35,50,372650
20221110,12:22:35,41739.85,25,372650
20221110,12:22:40,41729.00,25,372650
20221110,12:22:45,41736.30,25,372650
20221110,12:23:02,41736.55,25,372650
20221110,12:23:06,41736.55,25,372650
20221110,12:23:19,41729.00,25,372650
20221110,12:24:00,41729.00,25,372650
20221110,12:24:18,41723.80,125,372700
20221110,12:24:23,41715.90,25,372700
20221110,12:24:28,41715.90,25,372700
20221110,12:24:37,41724.95,50,372700
20221110,12:24:41,41724.95,25,372700
20221110,12:24:52,41720.50,25,372700
20221110,12:24:55,41724.95,25,372700
20221110,12:25:04,41724.95,25,372700
20221110,12:25:07,41727.75,50,372700
20221110,12:25:09,41730.00,50,372700
20221110,12:25:52,41741.55,25,372700
20221110,12:26:02,41739.20,25,372700
20221110,12:26:09,41739.00,25,372700
20221110,12:26:10,41739.25,25,372700
20221110,12:26:20,41740.00,50,372700
20221110,12:26:33,41742.95,50,372700
20221110,12:26:46,41743.00,50,372700
20221110,12:27:03,41742.95,25,372700
20221110,12:27:24,41746.50,200,372700
20221110,12:27:35,41745.95,50,372600
20221110,12:27:47,41746.95,25,372600
20221110,12:27:50,41745.90,25,372600
20221110,12:28:00,41732.80,25,372600
20221110,12:28:03,41732.00,25,372600
20221110,12:28:06,41731.55,25,372600
20221110,12:28:08,41735.95,25,372600
20221110,12:28:15,41730.00,25,372600
20221110,12:28:18,41725.00,25,372600
20221110,12:28:30,41723.35,25,372600
20221110,12:28:31,41729.65,25,372600
20221110,12:28:41,41735.85,25,372600
20221110,12:28:46,41732.55,25,372600
20221110,12:28:49,41725.95,50,372600
20221110,12:29:06,41734.75,25,372600
20221110,12:29:12,41736.95,25,372600
20221110,12:29:16,41735.65,50,372600
20221110,12:29:22,41730.00,25,372600
20221110,12:29:34,41725.00,25,372600
20221110,12:29:37,41725.00,25,372600
20221110,12:29:42,41720.00,25,372600
20221110,12:29:52,41715.00,75,372600
20221110,12:29:54,41712.05,25,372600
20221110,12:29:56,41719.85,50,372600
20221110,12:29:59,41719.85,100,372600
20221110,12:30:01,41719.90,75,372600
20221110,12:30:09,41730.00,25,372650
20221110,12:30:42,41731.00,25,372650
20221110,12:30:52,41734.80,25,372650
20221110,12:31:00,41737.25,25,372650
20221110,12:31:02,41738.00,25,372650
20221110,12:31:23,41730.00,50,372650
20221110,12:32:01,41743.95,50,372650
20221110,12:32:09,41746.65,25,372650
20221110,12:32:13,41748.00,75,372650
20221110,12:32:14,41742.00,25,372650
20221110,12:32:28,41745.95,25,372650
20221110,12:32:37,41738.05,50,372650
20221110,12:32:41,41737.95,50,372650
20221110,12:32:56,41737.95,25,372650
20221110,12:32:59,41735.00,25,372650
20221110,12:33:11,41737.75,25,372825
20221110,12:33:19,41735.00,25,372825
20221110,12:33:35,41729.00,25,372825
20221110,12:33:37,41725.00,25,372825
20221110,12:33:40,41722.45,200,372825
20221110,12:33:45,41727.10,25,372825
20221110,12:34:04,41735.85,25,372825
20221110,12:34:09,41733.55,25,372825
20221110,12:34:19,41731.90,25,372825
20221110,12:34:27,41735.10,25,372825
20221110,12:34:38,41736.15,100,372825
20221110,12:34:42,41736.50,75,372825
20221110,12:34:46,41743.85,25,372825
20221110,12:35:09,41745.00,25,372825
20221110,12:35:11,41748.30,75,372825
20221110,12:35:19,41750.30,200,372825
20221110,12:35:29,41750.30,75,372825
20221110,12:35:36,41750.00,25,372825
20221110,12:35:42,41750.00,250,372825
20221110,12:35:46,41744.95,25,372825
20221110,12:35:52,41744.95,250,372825
20221110,12:35:57,41738.85,75,372825
20221110,12:36:02,41738.85,150,372825
20221110,12:36:11,41735.55,25,373400
20221110,12:36:16,41743.95,25,373400
20221110,12:36:29,41744.90,25,373400
20221110,12:36:36,41738.35,100,373400
20221110,12:36:39,41751.95,25,373400
20221110,12:36:52,41745.45,50,373400
20221110,12:36:54,41753.95,75,373400
20221110,12:37:11,41747.60,50,373400
20221110,12:37:16,41753.55,25,373400
20221110,12:37:19,41753.30,25,373400
20221110,12:37:43,41742.80,50,373400
20221110,12:37:53,41736.75,25,373400
20221110,12:38:04,41743.95,25,373400
20221110,12:38:12,41735.10,25,373400
20221110,12:38:55,41737.85,25,373400
20221110,12:39:00,41746.30,50,373400
20221110,12:39:12,41745.00,25,373450
20221110,12:39:22,41743.95,25,373450
20221110,12:39:23,41743.40,25,373450
20221110,12:39:31,41743.50,25,373450
20221110,12:39:38,41740.00,50,373450
20221110,12:39:51,41740.00,25,373450
20221110,12:39:59,41740.15,25,373450
20221110,12:40:06,41739.00,150,373450
20221110,12:40:08,41744.10,25,373450
20221110,12:40:13,41737.70,25,373450
20221110,12:40:23,41736.75,25,373450
20221110,12:40:34,41735.00,25,373450
20221110,12:40:38,41735.00,25,373450
20221110,12:40:41,41734.65,25,373450
20221110,12:40:46,41735.90,25,373450
20221110,12:40:48,41736.90,25,373450
20221110,12:41:09,41729.95,25,373450
20221110,12:41:12,41721.20,25,373450
20221110,12:41:14,41720.00,25,373450
20221110,12:41:17,41712.00,150,373450
20221110,12:41:25,41720.85,25,373450
20221110,12:41:35,41712.30,25,373450
20221110,12:41:53,41723.70,100,373450
20221110,12:42:03,41725.00,25,373450
20221110,12:42:15,41728.90,25,373400
20221110,12:42:17,41727.85,25,373400
20221110,12:42:42,41728.45,50,373400
20221110,12:42:50,41725.05,25,373400
20221110,12:43:00,41725.00,25,373400
20221110,12:43:07,41725.00,25,373400
20221110,12:44:14,41730.30,25,373400
20221110,12:44:26,41725.00,50,373400
20221110,12:44:32,41728.95,25,373400
20221110,12:44:35,41728.95,100,373400
20221110,12:44:38,41729.45,100,373400
20221110,12:44:47,41724.65,25,373400
20221110,12:44:51,41727.85,25,373400
20221110,12:45:06,41727.60,25,373400
20221110,12:45:34,41738.05,25,373475
20221110,12:45:37,41738.05,25,373475
20221110,12:45:45,41738.90,25,373475
20221110,12:46:14,41739.65,75,373475
20221110,12:46:16,41735.00,50,373475
20221110,12:46:44,41738.55,25,373475
20221110,12:46:47,41737.95,100,373475
20221110,12:46:59,41737.95,25,373475
20221110,12:48:01,41743.00,425,373475
20221110,12:48:12,41741.35,50,373525
20221110,12:48:14,41741.45,25,373525
20221110,12:48:22,41741.10,25,373525
20221110,12:48:24,41740.95,75,373525
20221110,12:48:25,41741.45,25,373525
20221110,12:49:00,41729.10,50,373525
20221110,12:49:06,41728.90,25,373525
20221110,12:49:13,41729.50,75,373525
20221110,12:49:21,41734.15,50,373525
20221110,12:49:49,41730.80,50,373525
20221110,12:50:14,41727.95,50,373525
20221110,12:50:15,41727.90,50,373525
20221110,12:50:17,41725.35,125,373525
20221110,12:50:19,41723.80,125,373525
20221110,12:50:24,41712.30,25,373525
20221110,12:50:25,41710.00,25,373525
20221110,12:50:27,41702.35,450,373525
20221110,12:50:28,41700.10,925,373525
20221110,12:50:30,41700.10,150,373525
20221110,12:50:32,41700.00,50,373525
20221110,12:50:35,41700.00,100,373525
20221110,12:50:38,41700.00,50,373525
20221110,12:50:40,41702.70,225,373525
20221110,12:50:48,41700.00,25,373525
20221110,12:50:56,41707.40,25,373525
20221110,12:51:02,41704.50,25,373525
20221110,12:51:06,41701.55,25,373525
20221110,12:51:12,41700.00,25,373550
20221110,12:51:15,41702.75,25,373550
20221110,12:51:33,41701.20,25,373550
20221110,12:51:43,41702.55,50,373550
20221110,12:51:45,41701.00,25,373550
20221110,12:51:46,41701.00,25,373550
20221110,12:51:53,41700.00,25,373550
20221110,12:51:57,41700.70,25,373550
20221110,12:51:58,41705.00,50,373550
20221110,12:52:10,41710.00,100,373550
20221110,12:52:17,41713.70,25,373550
20221110,12:52:21,41713.30,100,373550
20221110,12:52:31,41705.00,200,373550
20221110,12:52:44,41712.55,25,373550
20221110,12:53:32,41712.55,25,373550
20221110,12:54:12,41716.00,25,373575
20221110,12:54:25,41717.20,25,373575
20221110,12:54:26,41719.25,100,373575
20221110,12:54:34,41716.95,25,373575
20221110,12:54:57,41712.55,25,373575
20221110,12:55:17,41712.00,25,373575
20221110,12:55:19,41705.00,25,373575
20221110,12:55:30,41715.00,100,373575
20221110,12:55:32,41717.00,25,373575
20221110,12:55:58,41717.05,50,373575
20221110,12:56:03,41724.25,50,373575
20221110,12:56:06,41724.40,25,373575
20221110,12:56:18,41726.95,25,373575
20221110,12:56:30,41730.75,75,373575
20221110,12:56:38,41739.85,25,373575
20221110,12:56:41,41739.70,150,373575
20221110,12:56:48,41735.70,25,373575
20221110,12:56:58,41726.95,50,373575
20221110,12:57:16,41737.95,425,373800
20221110,12:57:29,41728.00,600,373800
20221110,12:57:44,41739.10,25,373800
20221110,12:57:45,41739.10,25,373800
20221110,12:57:55,41733.00,25,373800
20221110,12:58:31,41725.00,25,373800
20221110,12:58:36,41720.00,25,373800
20221110,12:58:39,41719.00,25,373800
20221110,12:58:40,41712.15,50,373800
20221110,12:58:53,41705.00,25,373800
20221110,12:59:07,41705.00,25,373800
20221110,12:59:15,41708.00,25,373800
20221110,12:59:17,41706.50,25,373800
20221110,12:59:28,41714.20,25,373800
20221110,12:59:35,41720.00,25,373800
20221110,12:59:56,41719.95,50,373800
20221110,13:00:18,41718.25,25,373800
20221110,13:00:41,41711.05,25,373275
20221110,13:00:46,41718.60,25,373275
20221110,13:01:22,41718.60,25,373275
20221110,13:01:23,41718.15,25,373275
20221110,13:01:30,41720.00,25,373275
20221110,13:01:32,41720.00,25,373275
20221110,13:01:33,41718.15,25,373275
20221110,13:01:45,41716.70,100,373275
20221110,13:02:40,41710.00,25,373275
20221110,13:02:55,41711.95,125,373275
20221110,13:04:04,41710.00,25,373150
20221110,13:04:19,41710.05,25,373150
20221110,13:04:51,41715.00,50,373150
20221110,13:04:53,41716.70,25,373150
20221110,13:05:19,41720.00,75,373150
20221110,13:05:23,41724.80,25,373150
20221110,13:05:24,41725.85,75,373150
20221110,13:05:34,41728.60,25,373150
20221110,13:05:54,41733.00,25,373150
20221110,13:05:57,41735.00,25,373150
20221110,13:05:59,41740.00,25,373150
20221110,13:06:31,41747.45,25,373125
20221110,13:06:36,41740.00,50,373125
20221110,13:06:37,41740.00,25,373125
20221110,13:06:54,41740.00,25,373125
20221110,13:07:04,41753.95,50,373125
20221110,13:07:40,41753.95,75,373125
20221110,13:07:45,41738.75,25,373125
20221110,13:07:52,41732.05,25,373125
20221110,13:07:58,41735.00,25,373125
20221110,13:08:00,41738.85,25,373125
20221110,13:08:17,41744.20,25,373125
20221110,13:08:55,41748.55,25,373125
20221110,13:09:03,41748.40,25,373125
20221110,13:09:11,41745.05,25,373125
20221110,13:09:21,41745.05,50,373200
20221110,13:09:23,41745.00,25,373200
20221110,13:09:24,41745.05,25,373200
20221110,13:09:41,41741.00,25,373200
20221110,13:09:59,41746.25,75,373200
20221110,13:10:01,41750.00,25,373200
20221110,13:10:04,41751.95,25,373200
20221110,13:10:38,41752.00,25,373200
20221110,13:10:42,41753.00,25,373200
20221110,13:10:43,41755.00,75,373200
20221110,13:10:45,41755.00,50,373200
20221110,13:10:46,41755.00,25,373200
20221110,13:10:48,41755.00,125,373200
20221110,13:10:50,41748.05,200,373200
20221110,13:10:56,41754.50,25,373200
20221110,13:11:34,41740.05,25,373200
20221110,13:12:16,41754.10,100,373425
20221110,13:12:18,41748.05,25,373425
20221110,13:12:21,41747.00,25,373425
20221110,13:12:31,41750.85,50,373425
20221110,13:12:54,41749.50,50,373425
20221110,13:12:57,41748.15,25,373425
20221110,13:13:06,41748.05,25,373425
20221110,13:13:07,41748.05,25,373425
20221110,13:13:14,41745.00,25,373425
20221110,13:13:17,41748.00,100,373425
20221110,13:13:20,41750.95,25,373425
20221110,13:13:28,41752.00,25,373425
20221110,13:14:28,41760.00,25,373425
20221110,13:14:51,41760.00,25,373425
20221110,13:15:03,41760.00,25,373425
20221110,13:15:47,41750.10,25,373525
20221110,13:15:52,41752.75,50,373525
20221110,13:16:09,41756.90,25,373525
20221110,13:16:24,41752.00,25,373525
20221110,13:16:39,41755.00,25,373525
20221110,13:16:47,41752.00,375,373525
20221110,13:16:50,41750.00,100,373525
20221110,13:16:59,41749.25,150,373525
20221110,13:17:02,41750.10,25,373525
20221110,13:17:09,41743.05,225,373525
20221110,13:17:25,41742.05,25,373525
20221110,13:18:24,41742.00,25,373525
20221110,13:18:40,41760.00,250,373525
20221110,13:18:42,41760.00,200,373525
20221110,13:18:43,41760.00,75,373525
20221110,13:18:45,41770.00,75,373525
20221110,13:18:48,41773.30,25,373525
20221110,13:18:50,41776.05,25,373525
20221110,13:18:55,41778.30,100,373525
20221110,13:18:58,41777.35,25,373525
20221110,13:19:04,41785.00,125,373525
20221110,13:19:06,41780.05,25,373525
20221110,13:19:11,41792.65,100,373525
20221110,13:19:14,41783.05,50,373525
20221110,13:19:16,41789.55,25,373525
20221110,13:19:26,41780.00,25,373525
20221110,13:19:47,41780.00,25,373525
20221110,13:19:54,41784.05,500,373525
20221110,13:19:59,41784.80,25,373525
20221110,13:20:00,41780.00,75,373525
20221110,13:20:23,41778.90,25,373525
20221110,13:20:40,41772.05,25,373525
20221110,13:20:47,41764.05,50,373525
20221110,13:21:16,41764.05,25,373425
20221110,13:22:33,41771.05,50,373425
20221110,13:22:40,41775.00,25,373425
20221110,13:22:49,41778.00,25,373425
20221110,13:22:54,41775.10,25,373425
20221110,13:23:31,41770.05,50,373425
20221110,13:23:46,41775.10,25,373425
20221110,13:23:58,41780.00,100,373425
20221110,13:24:01,41780.00,25,373425
20221110,13:24:07,41780.00,100,373425
20221110,13:24:16,41780.00,25,373700
20221110,13:24:24,41788.80,25,373700
20221110,13:24:44,41781.45,25,373700
20221110,13:25:24,41781.45,50,373700
20221110,13:25:38,41781.45,75,373700
20221110,13:25:43,41780.00,25,373700
20221110,13:26:13,41778.00,25,373700
20221110,13:27:15,41781.00,75,373825
20221110,13:27:25,41794.90,50,373825
20221110,13:27:47,41785.45,25,373825
20221110,13:28:03,41788.25,100,373825
20221110,13:28:20,41781.05,25,373825
20221110,13:28:56,41770.00,25,373825
20221110,13:29:06,41763.05,25,373825
20221110,13:29:31,41770.00,25,373825
20221110,13:29:37,41768.60,200,373825
20221110,13:29:47,41768.00,25,373825
20221110,13:30:23,41755.05,25,373725
20221110,13:30:33,41756.00,25,373725
20221110,13:30:51,41760.00,25,373725
20221110,13:31:05,41761.25,25,373725
20221110,13:31:06,41763.75,25,373725
20221110,13:31:36,41779.90,25,373725
20221110,13:32:22,41772.95,25,373725
20221110,13:32:27,41765.05,25,373725
20221110,13:32:45,41764.00,50,373725
20221110,13:33:14,41769.60,25,373725
20221110,13:33:28,41774.90,25,373875
20221110,13:33:41,41767.05,25,373875
20221110,13:33:46,41775.00,25,373875
20221110,13:33:48,41776.05,25,373875
20221110,13:33:56,41778.05,25,373875
20221110,13:33:57,41785.95,25,373875
20221110,13:34:09,41777.00,50,373875
20221110,13:35:02,41778.00,100,373875
20221110,13:35:35,41776.00,125,373875
20221110,13:36:00,41795.60,25,373875
20221110,13:36:01,41800.00,175,373875
20221110,13:36:03,41800.00,175,373875
20221110,13:36:06,41800.00,175,373875
20221110,13:36:13,41804.75,25,373875
20221110,13:36:14,41795.10,50,373875
20221110,13:36:50,41799.30,25,374225
20221110,13:37:00,41788.75,25,374225
20221110,13:37:05,41787.05,25,374225
20221110,13:37:07,41794.50,25,374225
20221110,13:37:35,41790.00,50,374225
20221110,13:38:09,41789.85,50,374225
20221110,13:38:22,41782.05,25,374225
20221110,13:38:57,41783.70,25,374225
20221110,13:39:00,41783.65,25,374225
20221110,13:39:18,41785.00,75,374225
20221110,13:39:56,41786.85,25,374225
20221110,13:40:16,41790.00,25,374225
20221110,13:40:18,41790.05,25,374225
20221110,13:40:20,41792.55,50,374225
20221110,13:40:26,41794.00,25,374225
20221110,13:40:35,41799.00,25,374225
20221110,13:40:40,41799.95,25,374225
20221110,13:40:41,41805.00,50,374225
20221110,13:41:01,41792.00,25,374225
20221110,13:41:11,41789.00,25,374225
20221110,13:41:24,41789.00,25,374225
20221110,13:42:04,41798.00,50,374225
20221110,13:42:15,41798.10,50,374225
20221110,13:42:38,41798.65,50,374400
20221110,13:42:43,41800.00,25,374400
20221110,13:42:53,41799.15,25,374400
20221110,13:42:58,41800.90,25,374400
20221110,13:43:12,41793.00,50,374400
20221110,13:43:17,41789.35,25,374400
20221110,13:43:32,41786.85,50,374400
20221110,13:43:38,41795.40,50,374400
20221110,13:44:08,41787.00,25,374400
20221110,13:44:20,41788.00,25,374400
20221110,13:45:13,41796.45,25,374400
20221110,13:45:16,41799.95,25,374400
20221110,13:45:21,41800.00,25,374400
20221110,13:46:53,41790.00,25,374400
20221110,13:47:22,41787.00,25,374400
20221110,13:47:27,41785.00,25,374400
20221110,13:47:29,41783.70,50,374400
20221110,13:48:02,41780.00,25,374400
20221110,13:48:17,41780.00,75,374400
20221110,13:48:28,41785.00,25,374425
20221110,13:50:37,41790.00,50,374425
20221110,13:50:51,41795.40,50,374425
20221110,13:53:02,41800.00,25,374475
20221110,13:53:37,41800.00,75,374475
20221110,13:53:46,41800.00,25,374475
20221110,13:53:48,41795.00,25,374475
20221110,13:54:39,41785.05,25,374525
20221110,13:55:22,41810.00,200,374525
20221110,13:55:24,41812.25,25,374525
20221110,13:55:26,41807.50,25,374525
20221110,13:55:31,41814.00,25,374525
20221110,13:55:50,41805.00,25,374525
20221110,13:57:06,41799.15,50,374525
20221110,13:57:36,41805.60,100,374575
20221110,13:58:14,41812.40,25,374575
20221110,13:58:23,41806.50,25,374575
20221110,13:58:44,41799.75,50,374575
20221110,13:59:03,41799.75,50,374575
20221110,13:59:17,41791.90,50,374575
20221110,13:59:29,41790.15,50,374575
20221110,13:59:42,41787.35,50,374575
20221110,13:59:44,41797.90,250,374575
20221110,13:59:49,41790.25,25,374575
20221110,13:59:52,41797.85,50,374575
20221110,13:59:54,41797.85,75,374575
20221110,14:00:02,41797.85,50,374575
20221110,14:00:20,41806.50,75,374100
20221110,14:00:22,41806.50,75,374100
20221110,14:00:32,41813.70,25,374100
20221110,14:00:37,41815.00,25,374100
20221110,14:00:38,41816.00,25,374100
20221110,14:00:57,41820.00,25,374100
20221110,14:01:02,41815.00,25,374100
20221110,14:01:17,41817.50,125,374100
20221110,14:01:23,41812.15,75,374100
20221110,14:01:25,41810.05,100,374100
20221110,14:01:27,41811.05,300,374100
20221110,14:01:28,41811.05,25,374100
20221110,14:01:30,41817.50,25,374100
20221110,14:01:40,41820.00,75,374100
20221110,14:01:45,41822.25,25,374100
20221110,14:01:48,41820.05,25,374100
20221110,14:02:13,41821.60,25,374100
20221110,14:02:20,41821.60,100,374100
20221110,14:02:41,41822.05,25,374100
20221110,14:02:48,41830.00,25,374100
20221110,14:02:56,41825.90,25,374100
20221110,14:02:59,41832.00,50,374100
20221110,14:03:08,41830.00,25,374100
20221110,14:03:14,41838.80,50,374100
20221110,14:03:28,41840.00,50,374400
20221110,14:03:31,41850.00,375,374400
20221110,14:03:34,41852.00,50,374400
20221110,14:03:39,41847.80,25,374400
20221110,14:03:44,41840.30,200,374400
20221110,14:03:46,41840.10,50,374400
20221110,14:03:47,41840.10,250,374400
20221110,14:03:57,41842.50,25,374400
20221110,14:04:06,41845.95,25,374400
20221110,14:04:16,41840.00,100,374400
20221110,14:04:24,41837.95,25,374400
20221110,14:04:52,41835.00,25,374400
20221110,14:04:55,41837.95,25,374400
20221110,14:05:04,41839.00,25,374400
20221110,14:05:17,41844.00,25,374400
20221110,14:05:27,41845.00,25,374400
20221110,14:05:32,41839.50,50,374400
20221110,14:05:43,41838.00,25,374400
20221110,14:06:16,41834.45,25,374400
20221110,14:06:20,41834.40,25,374400
20221110,14:06:23,41834.75,25,374000
20221110,14:06:26,41830.00,75,374000
20221110,14:06:30,41829.95,25,374000
20221110,14:06:33,41833.00,25,374000
20221110,14:06:35,41833.05,25,374000
20221110,14:06:53,41831.80,25,374000
20221110,14:07:16,41830.45,50,374000
20221110,14:07:40,41833.65,25,374000
20221110,14:07:53,41840.20,50,374000
20221110,14:08:13,41824.95,25,374000
20221110,14:08:29,41825.50,25,374000
20221110,14:08:36,41833.70,25,374000
20221110,14:09:56,41830.00,50,373925
20221110,14:10:30,41838.00,50,373925
20221110,14:10:56,41836.55,25,373925
20221110,14:11:20,41839.60,25,373925
20221110,14:11:56,41839.00,25,373925
20221110,14:12:04,41840.00,25,373925
20221110,14:12:07,41840.00,250,373925
20221110,14:12:43,41840.70,25,373975
20221110,14:12:51,41845.00,25,373975
20221110,14:13:23,41842.10,25,373975
20221110,14:13:40,41840.20,25,373975
20221110,14:13:41,41842.00,25,373975
20221110,14:13:54,41839.30,25,373975
20221110,14:14:26,41841.85,25,373975
20221110,14:14:34,41841.00,25,373975
20221110,14:14:54,41841.85,25,373975
20221110,14:15:15,41850.00,150,373975
20221110,14:15:17,41860.00,125,373975
20221110,14:15:32,41866.55,75,374125
20221110,14:15:42,41859.00,50,374125
20221110,14:15:49,41865.85,50,374125
20221110,14:15:50,41860.00,25,374125
20221110,14:15:59,41860.95,25,374125
20221110,14:16:12,41857.75,25,374125
20221110,14:16:17,41857.75,25,374125
20221110,14:16:29,41860.95,25,374125
20221110,14:16:45,41862.40,50,374125
20221110,14:16:48,41870.00,75,374125
20221110,14:16:55,41865.35,25,374125
20221110,14:17:02,41869.00,25,374125
20221110,14:17:12,41869.00,25,374125
20221110,14:17:13,41869.00,25,374125
20221110,14:17:15,41870.00,25,374125
20221110,14:17:25,41864.05,75,374125
20221110,14:17:30,41864.45,100,374125
20221110,14:17:32,41867.90,25,374125
20221110,14:17:33,41870.00,25,374125
20221110,14:17:52,41863.90,25,374125
20221110,14:17:54,41860.95,50,374125
20221110,14:18:00,41859.65,50,374125
20221110,14:18:07,41855.10,50,374125
20221110,14:18:10,41850.15,75,374125
20221110,14:18:12,41845.45,50,374125
20221110,14:18:15,41842.00,50,374125
20221110,14:18:17,41842.30,25,374125
20221110,14:18:28,41838.35,25,374350
20221110,14:18:47,41830.00,25,374350
20221110,14:18:57,41823.65,125,374350
20221110,14:19:03,41823.10,25,374350
20221110,14:19:10,41823.30,25,374350
20221110,14:19:13,41829.70,50,374350
20221110,14:19:23,41820.00,50,374350
20221110,14:19:25,41818.00,25,374350
20221110,14:19:30,41811.60,25,374350
20221110,14:20:04,41801.00,50,374350
20221110,14:20:05,41790.00,125,374350
20221110,14:20:12,41786.00,25,374350
20221110,14:20:14,41787.00,25,374350
20221110,14:20:22,41785.00,25,374350
20221110,14:20:24,41780.65,50,374350
20221110,14:20:27,41783.40,50,374350
20221110,14:20:40,41783.45,75,374350
20221110,14:20:42,41780.00,375,374350
20221110,14:20:43,41780.00,50,374350
20221110,14:20:53,41770.00,25,374350
20221110,14:20:55,41762.35,25,374350
20221110,14:21:02,41753.40,50,374350
20221110,14:21:03,41765.25,25,374350
20221110,14:21:13,41761.70,50,374350
20221110,14:21:18,41775.00,25,374350
20221110,14:21:23,41769.00,25,374350
20221110,14:22:21,41769.00,75,374425
20221110,14:22:41,41765.00,25,374425
20221110,14:22:46,41769.15,25,374425
20221110,14:22:55,41770.00,25,374425
20221110,14:22:58,41770.00,25,374425
20221110,14:23:16,41775.60,25,374425
20221110,14:23:38,41769.15,50,374425
20221110,14:23:41,41769.00,50,374425
20221110,14:24:31,41771.90,100,374400
20221110,14:25:04,41774.00,25,374400
20221110,14:25:31,41774.00,25,374400
20221110,14:25:37,41779.85,25,374400
20221110,14:25:50,41780.00,25,374400
20221110,14:25:52,41780.00,25,374400
20221110,14:26:22,41780.05,25,374400
20221110,14:26:32,41785.25,25,374400
20221110,14:26:52,41787.90,25,374400
20221110,14:27:12,41795.00,25,374400
20221110,14:27:15,41797.90,25,374400
20221110,14:27:25,41796.85,25,374400
20221110,14:27:35,41797.90,25,374550
20221110,14:27:37,41799.95,25,374550
20221110,14:28:18,41810.00,25,374550
20221110,14:28:27,41813.35,25,374550
20221110,14:29:08,41804.00,25,374550
20221110,14:29:24,41814.00,25,374550
20221110,14:29:26,41820.00,75,374550
20221110,14:29:36,41837.90,125,374550
20221110,14:29:38,41836.40,50,374550
20221110,14:29:54,41817.00,25,374550
20221110,14:29:59,41823.35,25,374550
20221110,14:30:08,41823.80,100,374550
20221110,14:30:23,41824.65,25,374550
20221110,14:30:54,41819.00,125,374675
20221110,14:31:24,41830.15,50,374675
20221110,14:31:54,41830.10,25,374675
20221110,14:32:01,41825.85,25,374675
20221110,14:32:36,41818.75,25,374675
20221110,14:32:51,41817.15,50,374675
20221110,14:33:01,41808.50,75,374675
20221110,14:33:12,41806.85,25,374675
20221110,14:33:16,41805.65,50,374675
20221110,14:34:02,41799.95,75,374925
20221110,14:34:18,41791.70,25,374925
20221110,14:34:23,41795.20,50,374925
20221110,14:34:28,41801.50,50,374925
20221110,14:34:53,41802.15,50,374925
20221110,14:35:13,41810.05,100,374925
20221110,14:35:18,41817.90,50,374925
20221110,14:35:25,41808.90,50,374925
20221110,14:35:40,41816.15,75,374925
20221110,14:35:42,41815.50,25,374925
20221110,14:35:43,41813.15,25,374925
20221110,14:35:45,41812.70,25,374925
20221110,14:36:00,41812.95,25,374925
20221110,14:36:03,41807.10,50,374925
20221110,14:36:23,41821.90,25,374925
20221110,14:36:25,41816.55,25,374925
20221110,14:36:27,41816.35,50,374925
20221110,14:36:30,41814.35,50,374950
20221110,14:36:51,41819.95,25,374950
20221110,14:37:03,41819.40,25,374950
20221110,14:37:15,41819.35,50,374950
20221110,14:37:30,41818.85,25,374950
20221110,14:37:42,41830.00,25,374950
20221110,14:37:45,41829.40,50,374950
20221110,14:37:48,41827.90,50,374950
20221110,14:37:50,41825.80,50,374950
20221110,14:38:05,41825.05,50,374950
20221110,14:38:13,41822.85,25,374950
20221110,14:38:23,41823.00,200,374950
20221110,14:38:35,41830.00,25,374950
20221110,14:38:36,41835.80,50,374950
20221110,14:38:48,41834.25,25,374950
20221110,14:38:54,41839.75,50,374950
20221110,14:39:09,41840.00,25,374950
20221110,14:39:11,41840.00,25,374950
20221110,14:39:23,41839.80,25,374950
20221110,14:39:24,41843.35,50,374950
20221110,14:39:29,41843.30,25,375250
20221110,14:39:48,41843.10,25,375250
20221110,14:39:54,41845.75,50,375250
20221110,14:40:03,41850.00,375,375250
20221110,14:40:13,41865.10,50,375250
20221110,14:40:16,41858.40,25,375250
20221110,14:40:18,41862.75,25,375250
20221110,14:40:21,41862.75,25,375250
20221110,14:40:24,41864.95,50,375250
20221110,14:40:31,41854.35,25,375250
20221110,14:40:34,41851.45,50,375250
20221110,14:40:37,41850.00,25,375250
20221110,14:40:41,41849.50,25,375250
20221110,14:40:44,41846.80,25,375250
20221110,14:41:05,41842.60,25,375250
20221110,14:41:37,41835.10,25,375250
20221110,14:41:48,41838.10,25,375250
20221110,14:41:56,41832.55,25,375250
20221110,14:42:14,41838.80,25,375250
20221110,14:42:16,41833.70,25,375250
20221110,14:42:23,41832.55,25,375250
20221110,14:42:28,41830.00,75,375250
20221110,14:42:42,41838.80,25,375650
20221110,14:42:46,41838.80,25,375650
20221110,14:42:52,41838.80,50,375650
20221110,14:42:55,41838.80,100,375650
20221110,14:43:12,41845.30,25,375650
20221110,14:43:35,41850.20,25,375650
20221110,14:43:37,41852.55,25,375650
20221110,14:43:41,41854.70,25,375650
20221110,14:43:43,41856.65,25,375650
20221110,14:43:51,41854.30,50,375650
20221110,14:44:14,41855.00,25,375650
20221110,14:44:53,41841.30,25,375650
20221110,14:44:58,41841.30,25,375650
20221110,14:45:03,41841.00,25,375650
20221110,14:45:07,41849.25,25,375650
20221110,14:45:16,41855.00,25,375650
20221110,14:45:18,41855.00,125,375650
20221110,14:45:36,41858.95,25,375750
20221110,14:46:16,41855.00,50,375750
20221110,14:46:18,41855.50,25,375750
20221110,14:47:10,41846.85,25,375750
20221110,14:47:47,41837.60,25,375750
20221110,14:48:04,41834.70,25,375750
20221110,14:48:19,41831.55,50,375750
20221110,14:48:30,41837.40,25,375750
20221110,14:48:32,41836.05,25,375750
20221110,14:49:15,41831.70,25,375750
20221110,14:49:17,41831.60,25,375750
20221110,14:50:08,41838.95,100,375750
20221110,14:50:20,41839.55,25,375750
20221110,14:50:39,41840.00,100,375750
20221110,14:50:40,41850.00,25,375750
20221110,14:50:44,41850.55,25,375750
20221110,14:51:03,41848.05,25,375750
20221110,14:51:26,41845.05,100,375750
20221110,14:51:28,41850.55,50,375750
20221110,14:51:36,41855.00,25,375750
20221110,14:52:15,41860.00,175,375750
20221110,14:52:18,41860.00,75,375750
20221110,14:52:20,41860.00,125,375750
20221110,14:52:27,41860.35,50,375750
20221110,14:52:28,41865.00,25,375750
20221110,14:52:32,41866.70,25,375750
20221110,14:52:37,41866.05,100,375750
20221110,14:52:42,41865.90,25,375750
20221110,14:52:51,41865.90,25,375750
20221110,14:53:09,41861.00,50,375750
20221110,14:53:12,41861.80,25,375750
20221110,14:53:21,41868.00,25,375750
20221110,14:53:24,41868.00,125,375750
20221110,14:53:26,41873.00,50,375750
20221110,14:53:27,41875.00,50,375750
20221110,14:53:31,41879.00,100,375750
20221110,14:53:40,41880.00,525,375750
20221110,14:53:44,41877.70,75,375750
20221110,14:53:45,41879.95,25,375750
20221110,14:53:47,41877.45,25,375750
20221110,14:53:50,41877.20,25,375750
20221110,14:53:52,41879.65,50,375750
20221110,14:54:00,41867.95,500,375750
20221110,14:54:12,41873.75,50,375750
20221110,14:54:15,41871.80,50,375750
20221110,14:54:18,41871.30,50,375750
20221110,14:54:20,41864.30,25,375750
20221110,14:54:23,41867.95,25,375750
20221110,14:54:36,41869.45,25,376800
20221110,14:54:38,41870.00,50,376800
20221110,14:54:43,41870.90,25,376800
20221110,14:54:48,41875.00,25,376800
20221110,14:55:06,41879.90,25,376800
20221110,14:55:08,41880.00,150,376800
20221110,14:55:13,41885.00,50,376800
20221110,14:55:14,41888.00,50,376800
20221110,14:55:16,41888.00,25,376800
20221110,14:55:18,41890.00,50,376800
20221110,14:55:19,41888.00,50,376800
20221110,14:55:21,41885.85,25,376800
20221110,14:55:26,41890.00,50,376800
20221110,14:55:28,41886.65,25,376800
20221110,14:55:36,41890.50,50,376800
20221110,14:55:39,41889.90,50,376800
20221110,14:55:41,41888.45,125,376800
20221110,14:55:47,41882.90,25,376800
20221110,14:56:04,41889.95,25,376800
20221110,14:56:14,41889.45,75,376800
20221110,14:56:17,41888.00,50,376800
20221110,14:56:20,41884.80,50,376800
20221110,14:56:23,41882.50,50,376800
20221110,14:56:30,41882.40,75,376800
20221110,14:56:39,41882.10,50,376800
20221110,14:56:49,41882.00,175,376800
20221110,14:56:51,41886.00,325,376800
20221110,14:56:54,41888.70,25,376800
20221110,14:56:57,41888.65,25,376800
20221110,14:56:59,41890.00,100,376800
20221110,14:57:01,41888.25,50,376800
20221110,14:57:12,41896.55,25,376800
20221110,14:57:15,41896.55,50,376800
20221110,14:57:17,41897.95,25,376800
20221110,14:57:19,41895.70,150,376800
20221110,14:57:22,41897.95,50,376800
20221110,14:57:27,41891.95,25,376800
20221110,14:57:28,41893.20,50,376800
20221110,14:57:33,41892.70,25,376600
20221110,14:57:38,41893.20,25,376600
20221110,14:57:42,41891.95,50,376600
20221110,14:58:05,41891.95,25,376600
20221110,14:58:11,41891.90,25,376600
20221110,14:58:23,41890.15,25,376600
20221110,14:58:33,41884.30,25,376600
20221110,14:58:46,41884.30,50,376600
20221110,14:58:51,41883.10,50,376600
20221110,14:59:04,41882.60,25,376600
20221110,14:59:30,41884.20,50,376600
20221110,14:59:35,41882.60,25,376600
20221110,14:59:36,41881.75,25,376600
20221110,14:59:39,41877.35,25,376600
20221110,14:59:46,41877.10,25,376600
20221110,14:59:59,41890.00,75,376600
20221110,15:00:01,41890.60,25,376600
20221110,15:00:06,41898.00,125,376600
20221110,15:00:07,41900.00,825,376600
20221110,15:00:09,41905.40,25,376600
20221110,15:00:11,41905.40,25,376600
20221110,15:00:17,41890.15,50,376600
20221110,15:00:32,41899.70,25,376600
20221110,15:00:34,41905.35,25,376600
20221110,15:00:35,41899.90,25,376600
20221110,15:00:48,41901.75,25,377075
20221110,15:00:52,41905.40,25,377075
20221110,15:00:58,41905.40,50,377075
20221110,15:01:00,41905.40,75,377075
20221110,15:01:01,41910.00,175,377075
20221110,15:01:03,41915.60,50,377075
20221110,15:01:06,41915.15,25,377075
20221110,15:01:08,41908.15,50,377075
20221110,15:01:10,41903.70,25,377075
20221110,15:01:13,41915.15,25,377075
20221110,15:01:21,41915.00,25,377075
20221110,15:01:23,41920.00,25,377075
20221110,15:01:29,41920.00,50,377075
20221110,15:01:33,41925.00,25,377075
20221110,15:01:34,41920.05,25,377075
20221110,15:01:39,41920.00,50,377075
20221110,15:01:46,41927.40,600,377075
20221110,15:01:57,41922.25,25,377075
20221110,15:02:06,41919.95,25,377075
20221110,15:02:07,41919.70,350,377075
20221110,15:02:09,41919.95,25,377075
20221110,15:02:11,41921.15,25,377075
20221110,15:02:27,41925.00,50,377075
20221110,15:02:29,41925.00,25,377075
20221110,15:02:32,41925.00,25,377075
20221110,15:02:34,41925.00,100,377075
20221110,15:02:40,41925.00,50,377075
20221110,15:02:42,41925.00,50,377075
20221110,15:02:44,41925.00,25,377075
20221110,15:02:45,41929.00,175,377075
20221110,15:02:47,41925.85,125,377075
20221110,15:02:49,41928.80,100,377075
20221110,15:02:50,41928.80,25,377075
20221110,15:03:05,41940.00,25,377075
20221110,15:03:07,41940.00,75,377075
20221110,15:03:10,41945.00,25,377075
20221110,15:03:12,41934.80,600,377075
20221110,15:03:15,41940.00,25,377075
20221110,15:03:17,41945.30,125,377075
20221110,15:03:19,41940.45,25,377075
20221110,15:03:20,41940.45,25,377075
20221110,15:03:22,41947.95,50,377075
20221110,15:03:25,41940.85,25,377075
20221110,15:03:37,41940.00,50,376450
20221110,15:03:38,41935.55,100,376450
20221110,15:03:42,41923.00,75,376450
20221110,15:03:45,41923.85,50,376450
20221110,15:03:47,41918.15,25,376450
20221110,15:04:01,41940.00,25,376450
20221110,15:04:11,41939.85,25,376450
20221110,15:04:16,41940.00,75,376450
20221110,15:04:27,41940.00,100,376450
20221110,15:04:29,41940.00,25,376450
20221110,15:04:40,41936.30,250,376450
20221110,15:04:44,41938.95,25,376450
20221110,15:04:47,41939.85,25,376450
20221110,15:04:50,41938.95,125,376450
20221110,15:04:53,41938.95,350,376450
20221110,15:04:55,41936.50,75,376450
20221110,15:04:57,41935.00,25,376450
20221110,15:05:00,41931.40,75,376450
20221110,15:05:02,41931.85,25,376450
20221110,15:05:03,41938.00,25,376450
20221110,15:05:07,41934.30,25,376450
20221110,15:05:12,41934.05,50,376450
20221110,15:05:20,41934.05,25,376450
20221110,15:05:22,41933.20,50,376450
20221110,15:05:23,41933.25,25,376450
20221110,15:05:25,41937.00,25,376450
20221110,15:05:36,41937.00,75,376450
20221110,15:06:01,41932.25,50,376450
20221110,15:06:11,41930.10,50,376450
20221110,15:06:24,41916.85,925,376450
20221110,15:06:29,41925.70,25,376450
20221110,15:06:30,41925.45,25,376450
20221110,15:06:43,41925.05,50,377500
20221110,15:06:45,41924.60,50,377500
20221110,15:06:47,41925.45,25,377500
20221110,15:06:48,41923.65,50,377500
20221110,15:07:00,41924.00,25,377500
20221110,15:07:01,41925.00,75,377500
20221110,15:07:05,41927.50,50,377500
20221110,15:07:08,41926.45,50,377500
20221110,15:07:11,41927.00,25,377500
20221110,15:07:19,41930.00,50,377500
20221110,15:07:25,41920.00,925,377500
20221110,15:07:27,41929.00,25,377500
20221110,15:07:40,41925.95,25,377500
20221110,15:07:43,41922.70,25,377500
20221110,15:07:46,41922.70,25,377500
20221110,15:08:06,41915.00,75,377500
20221110,15:08:13,41901.00,50,377500
20221110,15:08:14,41898.70,125,377500
20221110,15:08:18,41891.50,25,377500
20221110,15:08:21,41888.10,150,377500
20221110,15:08:24,41877.70,2400,377500
20221110,15:08:28,41882.75,25,377500
20221110,15:08:31,41900.90,75,377500
20221110,15:08:33,41900.95,25,377500
20221110,15:08:36,41897.95,25,377500
20221110,15:08:39,41900.00,75,377500
20221110,15:08:41,41900.00,825,377500
20221110,15:08:43,41910.00,25,377500
20221110,15:08:44,41914.95,25,377500
20221110,15:08:46,41912.75,50,377500
20221110,15:08:49,41910.05,50,377500
20221110,15:08:54,41905.15,75,377500
20221110,15:09:01,41902.40,50,377500
20221110,15:09:13,41909.90,25,377500
20221110,15:09:16,41909.80,125,377500
20221110,15:09:21,41909.80,50,377500
20221110,15:09:26,41915.00,750,377500
20221110,15:09:32,41924.25,50,377500
20221110,15:09:34,41922.85,25,378775
20221110,15:09:51,41929.00,50,378775
20221110,15:09:59,41925.40,50,378775
20221110,15:10:02,41929.95,25,378775
20221110,15:10:04,41929.65,50,378775
20221110,15:10:06,41930.00,50,378775
20221110,15:10:07,41932.00,75,378775
20221110,15:10:09,41935.00,25,378775
20221110,15:10:11,41933.90,25,378775
20221110,15:10:14,41940.00,50,378775
20221110,15:10:19,41938.95,25,378775
20221110,15:10:22,41941.95,75,378775
20221110,15:10:32,41943.95,25,378775
20221110,15:10:53,41937.15,25,378775
20221110,15:11:01,41930.65,25,378775
20221110,15:11:06,41925.55,900,378775
20221110,15:11:09,41931.45,50,378775
20221110,15:11:11,41927.70,50,378775
20221110,15:11:13,41930.95,50,378775
20221110,15:11:16,41929.45,50,378775
20221110,15:11:17,41924.20,1050,378775
20221110,15:11:19,41931.85,25,378775
20221110,15:11:24,41934.45,75,378775
20221110,15:11:29,41931.90,50,378775
20221110,15:11:30,41925.00,925,378775
20221110,15:11:36,41930.05,175,378775
20221110,15:11:38,41930.05,175,378775
20221110,15:11:45,41933.50,100,378775
20221110,15:11:48,41932.00,25,378775
20221110,15:11:55,41925.00,475,378775
20221110,15:11:56,41923.95,25,378775
20221110,15:11:58,41925.00,125,378775
20221110,15:12:00,41925.00,25,378775
20221110,15:12:03,41927.15,50,378775
20221110,15:12:08,41934.90,25,378775
20221110,15:12:21,41931.70,50,378775
20221110,15:12:24,41925.85,50,378775
20221110,15:12:43,41921.70,125,381425
20221110,15:12:48,41924.00,25,381425
20221110,15:12:51,41919.85,25,381425
20221110,15:12:53,41923.95,25,381425
20221110,15:12:56,41919.35,50,381425
20221110,15:12:57,41916.30,200,381425
20221110,15:13:01,41919.45,25,381425
20221110,15:13:20,41925.00,50,381425
20221110,15:13:22,41924.55,50,381425
20221110,15:13:37,41923.90,25,381425
20221110,15:13:40,41925.00,25,381425
20221110,15:13:43,41923.85,50,381425
20221110,15:13:46,41924.00,25,381425
20221110,15:13:48,41920.00,25,381425
20221110,15:13:53,41915.90,50,381425
20221110,15:14:03,41921.00,50,381425
20221110,15:14:05,41916.40,75,381425
20221110,15:14:16,41919.65,25,381425
20221110,15:14:18,41918.90,25,381425
20221110,15:14:30,41925.00,125,381425
20221110,15:14:36,41924.35,50,381425
20221110,15:14:39,41921.35,25,381425
20221110,15:14:46,41925.00,25,381425
20221110,15:14:48,41923.75,50,381425
20221110,15:14:51,41923.15,75,381425
20221110,15:14:53,41925.00,25,381425
20221110,15:15:00,41927.00,25,381425
20221110,15:15:06,41929.85,50,381425
20221110,15:15:10,41930.00,75,381425
20221110,15:15:11,41927.50,25,381425
20221110,15:15:16,41933.95,25,381425
20221110,15:15:20,41933.25,50,381425
20221110,15:15:21,41932.90,50,381425
20221110,15:15:23,41932.35,25,381425
20221110,15:15:26,41935.00,50,381425
20221110,15:15:28,41933.95,25,381425
20221110,15:15:29,41937.90,50,381425
20221110,15:15:33,41933.90,25,381425
20221110,15:15:36,41931.05,50,382050
20221110,15:15:37,41933.55,25,382050
20221110,15:15:41,41928.25,25,382050
20221110,15:15:44,41930.65,25,382050
20221110,15:15:49,41930.35,25,382050
20221110,15:15:52,41928.70,25,382050
20221110,15:15:55,41926.80,75,382050
20221110,15:16:04,41923.45,125,382050
20221110,15:16:07,41923.50,25,382050
20221110,15:16:09,41923.75,25,382050
20221110,15:16:25,41925.00,25,382050
20221110,15:16:30,41930.65,25,382050
20221110,15:16:53,41930.95,50,382050
20221110,15:17:00,41934.75,50,382050
20221110,15:17:04,41934.05,75,382050
20221110,15:17:09,41933.80,50,382050
20221110,15:17:14,41933.30,50,382050
20221110,15:17:24,41937.00,25,382050
20221110,15:17:25,41934.35,25,382050
20221110,15:17:29,41938.30,50,382050
20221110,15:17:32,41938.30,100,382050
20221110,15:17:43,41940.00,25,382050
20221110,15:17:46,41940.00,50,382050
20221110,15:17:55,41940.10,25,382050
20221110,15:17:58,41945.00,25,382050
20221110,15:18:00,41940.10,50,382050
20221110,15:18:01,41940.10,25,382050
20221110,15:18:05,41945.00,50,382050
20221110,15:18:16,41945.00,50,382050
20221110,15:18:21,41948.00,125,382050
20221110,15:18:23,41945.00,50,382050
20221110,15:18:24,41945.00,50,382050
20221110,15:18:26,41945.00,25,382050
20221110,15:18:28,41943.95,150,382050
20221110,15:18:31,41939.70,50,382050
20221110,15:18:33,41934.15,25,382050
20221110,15:18:36,41939.15,50,382475
20221110,15:18:38,41935.15,25,382475
20221110,15:18:51,41943.95,25,382475
20221110,15:19:05,41943.95,25,382475
20221110,15:19:19,41943.40,100,382475
20221110,15:19:21,41940.00,25,382475
20221110,15:19:22,41939.65,25,382475
20221110,15:19:35,41940.95,50,382475
20221110,15:19:37,41939.95,25,382475
20221110,15:19:40,41935.15,25,382475
20221110,15:20:00,41934.30,25,382475
20221110,15:20:01,41932.30,50,382475
20221110,15:20:09,41932.70,25,382475
20221110,15:20:13,41933.15,25,382475
20221110,15:20:18,41931.00,25,382475
20221110,15:20:21,41935.00,25,382475
20221110,15:20:35,41935.00,75,382475
20221110,15:20:40,41934.35,25,382475
20221110,15:20:42,41930.80,100,382475
20221110,15:20:54,41932.10,25,382475
20221110,15:21:08,41933.30,25,382475
20221110,15:21:13,41935.00,125,382475
20221110,15:21:19,41940.00,25,382475
20221110,15:21:25,41935.00,25,382475
20221110,15:21:34,41937.80,25,382475
20221110,15:21:45,41943.95,100,382875
20221110,15:21:47,41945.00,25,382875
20221110,15:21:52,41938.05,25,382875
20221110,15:21:58,41938.00,25,382875
20221110,15:22:03,41940.00,25,382875
20221110,15:22:05,41938.35,25,382875
20221110,15:22:06,41940.00,25,382875
20221110,15:22:08,41940.00,25,382875
20221110,15:22:10,41940.00,25,382875
20221110,15:22:11,41938.40,75,382875
20221110,15:22:13,41940.00,50,382875
20221110,15:22:23,41941.35,50,382875
20221110,15:22:28,41941.95,100,382875
20221110,15:22:49,41945.00,25,382875
20221110,15:22:54,41944.20,25,382875
20221110,15:22:56,41945.00,25,382875
20221110,15:22:59,41943.35,300,382875
20221110,15:23:08,41942.85,25,382875
20221110,15:23:13,41943.45,125,382875
20221110,15:23:19,41943.65,25,382875
20221110,15:23:26,41948.60,25,382875
20221110,15:23:32,41943.70,50,382875
20221110,15:23:50,41943.70,50,382875
20221110,15:23:51,41943.70,25,382875
20221110,15:23:53,41940.10,25,382875
20221110,15:23:58,41945.00,75,382875
20221110,15:24:02,41947.00,25,382875
20221110,15:24:15,41945.05,50,382875
20221110,15:24:20,41945.85,25,382875
20221110,15:24:25,41945.85,25,382875
20221110,15:24:26,41945.85,25,382875
20221110,15:24:31,41945.40,50,382875
20221110,15:24:34,41949.00,25,382925
20221110,15:24:52,41948.00,25,382925
20221110,15:25:00,41947.00,25,382925
20221110,15:25:10,41949.00,25,382925
20221110,15:25:15,41949.00,25,382925
20221110,15:25:19,41948.35,25,382925
20221110,15:25:20,41949.90,25,382925
20221110,15:25:22,41949.15,75,382925
20221110,15:25:24,41949.15,25,382925
20221110,15:25:27,41949.00,75,382925
20221110,15:25:33,41948.95,175,382925
20221110,15:25:35,41948.65,100,382925
20221110,15:25:40,41950.00,25,382925
20221110,15:25:42,41949.00,25,382925
20221110,15:25:45,41948.00,25,382925
20221110,15:25:47,41947.05,25,382925
20221110,15:25:57,41949.90,25,382925
20221110,15:26:00,41945.85,25,382925
20221110,15:26:02,41949.90,25,382925
20221110,15:26:22,41949.95,75,382925
20221110,15:26:23,41949.50,25,382925
20221110,15:26:25,41950.00,100,382925
20221110,15:26:27,41950.00,25,382925
20221110,15:26:28,41950.00,175,382925
20221110,15:26:30,41950.00,150,382925
20221110,15:26:33,41949.55,25,382925
20221110,15:26:35,41949.95,425,382925
20221110,15:26:36,41949.30,25,382925
20221110,15:26:40,41949.95,25,382925
20221110,15:26:43,41950.00,25,382925
20221110,15:26:51,41950.00,25,382925
20221110,15:26:53,41950.00,225,382925
20221110,15:26:56,41950.00,25,382925
20221110,15:27:00,41950.00,25,382925
20221110,15:27:03,41949.95,25,382925
20221110,15:27:06,41949.95,25,382925
20221110,15:27:08,41949.90,25,382925
20221110,15:27:13,41948.00,275,382925
20221110,15:27:21,41947.70,25,382925
20221110,15:27:23,41950.00,50,382925
20221110,15:27:25,41950.00,25,382925
20221110,15:27:26,41950.00,75,382925
20221110,15:27:30,41950.00,150,382925
20221110,15:27:41,41953.95,75,382625
20221110,15:27:51,41950.05,25,382625
20221110,15:28:03,41950.10,25,382625
20221110,15:28:13,41952.00,25,382625
20221110,15:28:16,41950.85,25,382625
20221110,15:28:19,41951.05,25,382625
20221110,15:28:24,41950.00,25,382625
20221110,15:28:26,41954.00,100,382625
20221110,15:28:28,41950.00,75,382625
20221110,15:28:36,41951.00,25,382625
20221110,15:28:39,41952.00,25,382625
20221110,15:28:44,41950.35,25,382625
20221110,15:28:46,41950.05,50,382625
20221110,15:28:51,41950.00,50,382625
20221110,15:28:52,41950.00,75,382625
20221110,15:28:54,41950.00,75,382625
20221110,15:28:57,41950.00,25,382625
20221110,15:28:59,41950.00,25,382625
20221110,15:29:02,41950.00,25,382625
20221110,15:29:04,41950.35,300,382625
20221110,15:29:09,41948.55,50,382625
20221110,15:29:12,41950.00,100,382625
20221110,15:29:15,41947.60,50,382625
20221110,15:29:17,41950.00,25,382625
20221110,15:29:20,41948.05,25,382625
20221110,15:29:23,41954.95,75,382625
20221110,15:29:31,41950.15,25,382625
20221110,15:29:38,41954.95,25,382625
20221110,15:29:40,41958.00,25,382625
20221110,15:29:45,41950.55,75,382625
20221110,15:29:46,41950.75,50,382625
20221110,15:29:50,41959.35,50,382625
20221110,15:29:51,41950.10,100,382625
20221110,15:29:53,41960.00,575,382625
20221110,15:29:56,41950.00,25,382625
20221110,15:29:58,41950.55,25,382625
