20221110,09:15:00,41550.00,1,2389050
20221110,09:15:00,41732.70,1500,2389050
20221110,09:15:01,41670.80,1200,2389050
20221110,09:15:03,41670.70,2200,2389050
20221110,09:15:04,41669.80,3025,2389050
20221110,09:15:06,41700.00,3325,2389050
20221110,09:15:07,41700.05,2950,2389050
20221110,09:15:09,41741.95,3825,2389050
20221110,09:15:10,41779.20,5025,2389050
20221110,09:15:12,41787.65,3750,2389050
20221110,09:15:13,41794.95,5050,2389050
20221110,09:15:15,41757.95,4300,2389050
20221110,09:15:16,41749.60,2175,2389050
20221110,09:15:18,41757.30,3250,2389050
20221110,09:15:19,41755.70,2100,2389050
20221110,09:15:21,41750.00,1825,2389050
20221110,09:15:22,41735.60,1275,2389050
20221110,09:15:24,41750.55,1575,2389050
20221110,09:15:25,41747.50,2650,2389050
20221110,09:15:27,41720.05,6125,2389050
20221110,09:15:29,41725.10,5950,2389050
20221110,09:15:30,41713.35,2425,2389050
20221110,09:15:32,41714.00,1350,2389050
20221110,09:15:33,41698.00,3450,2389050
20221110,09:15:35,41699.70,2075,2389050
20221110,09:15:37,41692.20,875,2389050
20221110,09:15:38,41688.80,1675,2389050
20221110,09:15:40,41689.95,1875,2389050
20221110,09:15:41,41693.30,4950,2389050
20221110,09:15:43,41703.25,4700,2389050
20221110,09:15:45,41705.55,3000,2389050
20221110,09:15:46,41717.35,1750,2389050
20221110,09:15:48,41705.70,1325,2389050
20221110,09:15:49,41700.00,2050,2389050
20221110,09:15:51,41692.15,5125,2389050
20221110,09:15:53,41697.95,1450,2389050
20221110,09:15:54,41703.30,1625,2389050
20221110,09:15:56,41705.70,1775,2389050
20221110,09:15:57,41708.00,1000,2389050
20221110,09:15:59,41701.05,1425,2389050
20221110,09:16:01,41697.95,2400,2389050
20221110,09:16:02,41696.80,3075,2389050
20221110,09:16:04,41691.50,8150,2389050
20221110,09:16:05,41690.00,1975,2389050
20221110,09:16:07,41696.00,1275,2389050
20221110,09:16:09,41701.50,2100,2389050
20221110,09:16:10,41707.15,750,2389050
20221110,09:16:12,41708.00,425,2389050
20221110,09:16:13,41698.95,725,2389050
20221110,09:16:15,41696.30,5900,2389050
20221110,09:16:17,41692.95,5125,2389050
20221110,09:16:18,41691.30,2975,2389050
20221110,09:16:20,41700.00,3475,2389050
20221110,09:16:21,41695.85,1725,2389050
20221110,09:16:23,41695.85,1725,2389050
20221110,09:16:25,41691.70,1400,2389050
20221110,09:16:26,41691.75,2400,2389050
20221110,09:16:28,41686.80,1150,2389050
20221110,09:16:29,41690.80,875,2389050
20221110,09:16:31,41696.00,2750,2389050
20221110,09:16:33,41694.05,800,2389050
20221110,09:16:34,41690.95,1600,2389050
20221110,09:16:36,41694.70,6425,2389050
20221110,09:16:37,41694.95,6225,2389050
20221110,09:16:39,41690.80,1100,2389050
20221110,09:16:41,41686.50,1000,2389050
20221110,09:16:42,41682.30,2000,2389050
20221110,09:16:44,41681.75,4875,2389050
20221110,09:16:46,41684.30,625,2389050
20221110,09:16:47,41688.35,1050,2389050
20221110,09:16:49,41688.35,800,2389050
20221110,09:16:51,41684.05,725,2389050
20221110,09:16:52,41685.00,700,2389050
20221110,09:16:54,41688.30,525,2389050
20221110,09:16:56,41693.20,1650,2389050
20221110,09:16:57,41699.00,750,2389050
20221110,09:16:59,41700.00,900,2389050
20221110,09:17:01,41700.00,525,2389050
20221110,09:17:02,41701.85,425,2389050
20221110,09:17:04,41686.05,1850,2389050
20221110,09:17:06,41685.85,1900,2389050
20221110,09:17:07,41684.80,675,2389050
20221110,09:17:09,41686.50,300,2389050
20221110,09:17:11,41690.00,250,2389050
20221110,09:17:12,41687.65,300,2389050
20221110,09:17:14,41680.15,1000,2389050
20221110,09:17:16,41686.20,1250,2389050
20221110,09:17:17,41683.00,500,2389050
20221110,09:17:19,41684.75,1125,2389050
20221110,09:17:21,41680.20,900,2389050
20221110,09:17:22,41691.25,4300,2389050
20221110,09:17:24,41685.35,1700,2389050
20221110,09:17:26,41687.50,325,2389050
20221110,09:17:27,41683.80,325,2389050
20221110,09:17:29,41691.90,375,2389050
20221110,09:17:30,41692.70,5225,2389050
20221110,09:17:32,41688.55,6000,2389050
20221110,09:17:34,41689.55,4700,2350000
20221110,09:17:35,41690.70,1275,2350000
20221110,09:17:37,41678.45,925,2350000
20221110,09:17:39,41687.55,1250,2350000
20221110,09:17:40,41681.80,1075,2350000
20221110,09:17:42,41680.95,1250,2350000
20221110,09:17:44,41689.80,750,2350000
20221110,09:17:45,41688.45,425,2350000
20221110,09:17:47,41688.45,500,2350000
20221110,09:17:49,41683.85,1100,2350000
20221110,09:17:50,41691.20,475,2350000
20221110,09:17:52,41694.90,3100,2350000
20221110,09:17:54,41695.00,1150,2350000
20221110,09:17:55,41685.25,850,2350000
20221110,09:17:57,41694.95,3000,2350000
20221110,09:17:59,41688.45,2175,2350000
20221110,09:18:00,41698.40,1150,2350000
20221110,09:18:02,41688.85,3250,2350000
20221110,09:18:04,41697.40,450,2350000
20221110,09:18:05,41697.20,1550,2350000
20221110,09:18:07,41708.00,1925,2350000
20221110,09:18:09,41714.95,2150,2350000
20221110,09:18:10,41718.65,1850,2350000
20221110,09:18:12,41709.25,1050,2350000
20221110,09:18:14,41710.00,575,2350000
20221110,09:18:15,41705.85,2050,2350000
20221110,09:18:17,41701.95,1325,2350000
20221110,09:18:19,41704.25,1075,2350000
20221110,09:18:20,41706.95,1250,2350000
20221110,09:18:22,41704.95,400,2350000
20221110,09:18:24,41702.50,650,2350000
20221110,09:18:25,41700.80,900,2350000
20221110,09:18:27,41694.70,825,2350000
20221110,09:18:29,41702.50,675,2350000
20221110,09:18:30,41697.70,300,2350000
20221110,09:18:32,41694.95,925,2350000
20221110,09:18:34,41697.70,425,2350000
20221110,09:18:35,41700.00,125,2350000
20221110,09:18:37,41696.90,600,2350000
20221110,09:18:39,41707.15,775,2350000
20221110,09:18:40,41703.80,550,2350000
20221110,09:18:42,41718.00,500,2350000
20221110,09:18:44,41712.45,350,2350000
20221110,09:18:45,41703.80,125,2350000
20221110,09:18:47,41705.35,275,2350000
20221110,09:18:49,41710.05,925,2350000
20221110,09:18:50,41713.00,475,2350000
20221110,09:18:52,41708.80,125,2350000
20221110,09:18:54,41709.80,525,2350000
20221110,09:18:55,41709.80,400,2350000
20221110,09:18:57,41709.75,2350,2350000
20221110,09:18:59,41704.25,275,2350000
20221110,09:19:00,41703.85,800,2350000
20221110,09:19:02,41702.00,575,2350000
20221110,09:19:04,41700.00,1775,2350000
20221110,09:19:05,41696.85,1400,2350000
20221110,09:19:07,41702.00,1225,2350000
20221110,09:19:09,41700.95,250,2350000
20221110,09:19:10,41704.55,575,2350000
20221110,09:19:12,41704.80,625,2350000
20221110,09:19:14,41701.95,300,2350000
20221110,09:19:15,41701.90,225,2350000
20221110,09:19:17,41707.00,225,2350000
20221110,09:19:18,41708.30,150,2350000
20221110,09:19:20,41704.80,450,2350000
20221110,09:19:22,41695.45,625,2350000
20221110,09:19:23,41699.45,650,2350000
20221110,09:19:25,41699.80,300,2350000
20221110,09:19:27,41698.10,375,2350000
20221110,09:19:28,41699.80,275,2350000
20221110,09:19:30,41692.25,675,2350000
20221110,09:19:32,41694.75,500,2350000
20221110,09:19:33,41694.60,300,2350000
20221110,09:19:35,41693.60,325,2350000
20221110,09:19:37,41692.90,800,2350000
20221110,09:19:38,41694.50,25,2350000
20221110,09:19:40,41694.80,1150,2350000
20221110,09:19:42,41701.90,750,2350000
20221110,09:19:43,41698.55,550,2350000
20221110,09:19:45,41702.80,550,2350000
20221110,09:19:47,41704.80,50,2350000
20221110,09:19:48,41696.85,250,2350000
20221110,09:19:50,41697.25,300,2350000
20221110,09:19:52,41694.25,250,2350000
20221110,09:19:53,41699.80,550,2350000
20221110,09:19:55,41706.10,1300,2350000
20221110,09:19:57,41705.15,100,2350000
20221110,09:19:58,41701.20,900,2350000
20221110,09:20:00,41700.70,475,2350000
20221110,09:20:02,41704.40,1175,2350000
20221110,09:20:03,41707.70,750,2350000
20221110,09:20:05,41698.20,450,2350000
20221110,09:20:07,41699.50,2075,2350000
20221110,09:20:08,41699.30,525,2350000
20221110,09:20:10,41704.40,525,2350000
20221110,09:20:11,41704.25,125,2350000
20221110,09:20:13,41707.05,2325,2350000
20221110,09:20:15,41718.60,3400,2350000
20221110,09:20:16,41720.00,800,2350000
20221110,09:20:18,41726.00,2425,2350000
20221110,09:20:20,41722.10,1450,2350000
20221110,09:20:21,41710.00,575,2350000
20221110,09:20:23,41719.35,1450,2350000
20221110,09:20:25,41716.30,875,2350000
20221110,09:20:26,41720.15,200,2350000
20221110,09:20:28,41724.95,200,2350000
20221110,09:20:30,41727.00,625,2350000
20221110,09:20:32,41732.25,2075,2350000
20221110,09:20:33,41731.80,200,2350000
20221110,09:20:35,41725.00,725,2356825
20221110,09:20:37,41718.80,1250,2356825
20221110,09:20:38,41722.55,600,2356825
20221110,09:20:40,41726.95,450,2356825
20221110,09:20:42,41729.80,125,2356825
20221110,09:20:43,41729.80,450,2356825
20221110,09:20:45,41728.45,425,2356825
20221110,09:20:47,41720.30,1200,2356825
20221110,09:20:48,41713.20,425,2356825
20221110,09:20:50,41719.95,775,2356825
20221110,09:20:52,41719.80,275,2356825
20221110,09:20:53,41728.80,525,2356825
20221110,09:20:55,41721.20,275,2356825
20221110,09:20:57,41715.95,600,2356825
20221110,09:20:58,41720.25,1200,2356825
20221110,09:21:00,41720.80,200,2356825
20221110,09:21:02,41721.70,375,2356825
20221110,09:21:03,41716.85,875,2356825
20221110,09:21:05,41725.95,100,2356825
20221110,09:21:07,41728.15,900,2356825
20221110,09:21:08,41725.00,175,2356825
20221110,09:21:10,41728.15,800,2356825
20221110,09:21:12,41724.30,75,2356825
20221110,09:21:13,41724.45,350,2356825
20221110,09:21:15,41724.80,875,2356825
20221110,09:21:16,41722.30,200,2356825
20221110,09:21:18,41719.85,200,2356825
20221110,09:21:20,41719.65,250,2356825
20221110,09:21:21,41717.60,150,2356825
20221110,09:21:23,41719.80,275,2356825
20221110,09:21:25,41719.05,400,2356825
20221110,09:21:26,41722.80,500,2356825
20221110,09:21:28,41719.25,75,2356825
20221110,09:21:29,41724.50,125,2356825
20221110,09:21:31,41716.90,1175,2356825
20221110,09:21:33,41722.95,550,2356825
20221110,09:21:34,41719.80,125,2356825
20221110,09:21:36,41719.80,225,2356825
20221110,09:21:38,41721.80,425,2356825
20221110,09:21:39,41721.80,325,2356825
20221110,09:21:41,41720.15,325,2356825
20221110,09:21:42,41719.20,150,2356825
20221110,09:21:44,41716.90,250,2356825
20221110,09:21:46,41720.35,150,2356825
20221110,09:21:47,41724.00,600,2356825
20221110,09:21:49,41724.00,125,2356825
20221110,09:21:51,41724.05,825,2356825
20221110,09:21:52,41724.05,200,2356825
20221110,09:21:54,41726.90,50,2356825
20221110,09:21:55,41729.45,75,2356825
20221110,09:21:57,41726.30,325,2356825
20221110,09:21:59,41731.40,850,2356825
20221110,09:22:00,41731.55,125,2356825
20221110,09:22:02,41732.60,125,2356825
20221110,09:22:04,41736.05,1150,2356825
20221110,09:22:05,41729.80,2250,2356825
20221110,09:22:07,41734.80,300,2356825
20221110,09:22:09,41734.80,200,2356825
20221110,09:22:10,41737.60,475,2356825
20221110,09:22:12,41736.05,675,2356825
20221110,09:22:13,41736.00,300,2356825
20221110,09:22:15,41735.80,575,2356825
20221110,09:22:17,41737.20,500,2356825
20221110,09:22:18,41737.95,225,2356825
20221110,09:22:20,41738.75,225,2356825
20221110,09:22:22,41735.80,300,2356825
20221110,09:22:23,41737.85,425,2356825
20221110,09:22:25,41736.70,300,2356825
20221110,09:22:26,41735.85,75,2356825
20221110,09:22:28,41734.05,150,2356825
20221110,09:22:30,41733.15,100,2356825
20221110,09:22:31,41730.10,400,2356825
20221110,09:22:33,41729.60,350,2356825
20221110,09:22:36,41725.50,300,2356825
20221110,09:22:38,41725.40,100,2356825
20221110,09:22:40,41728.00,75,2356825
20221110,09:22:41,41726.35,325,2356825
20221110,09:22:43,41736.00,625,2356825
20221110,09:22:45,41744.00,850,2356825
20221110,09:22:46,41744.80,175,2356825
20221110,09:22:48,41741.85,1450,2356825
20221110,09:22:50,41744.00,175,2356825
20221110,09:22:51,41741.15,125,2356825
20221110,09:22:53,41745.00,200,2356825
20221110,09:22:55,41746.00,225,2356825
20221110,09:22:56,41744.80,1425,2356825
20221110,09:22:58,41745.10,475,2356825
20221110,09:23:00,41740.70,700,2356825
20221110,09:23:01,41737.65,525,2356825
20221110,09:23:03,41744.35,750,2356825
20221110,09:23:05,41745.80,525,2356825
20221110,09:23:06,41742.80,75,2356825
20221110,09:23:08,41740.00,225,2356825
20221110,09:23:10,41736.60,3125,2356825
20221110,09:23:11,41736.15,225,2356825
20221110,09:23:13,41725.80,275,2356825
20221110,09:23:15,41734.80,500,2356825
20221110,09:23:16,41731.00,1250,2356825
20221110,09:23:18,41737.55,900,2356825
20221110,09:23:20,41732.00,200,2356825
20221110,09:23:21,41733.00,275,2356825
20221110,09:23:23,41728.95,650,2356825
20221110,09:23:25,41735.20,4600,2356825
20221110,09:23:26,41731.00,200,2356825
20221110,09:23:28,41736.70,350,2356825
20221110,09:23:30,41725.55,375,2356825
20221110,09:23:31,41728.90,200,2356825
20221110,09:23:33,41722.30,250,2361100
20221110,09:23:35,41729.15,3075,2361100
20221110,09:23:36,41729.80,2450,2361100
20221110,09:23:38,41730.10,325,2361100
20221110,09:23:40,41725.35,125,2361100
20221110,09:23:41,41729.80,150,2361100
20221110,09:23:43,41729.75,375,2361100
20221110,09:23:45,41723.00,1025,2361100
20221110,09:23:46,41720.00,450,2361100
20221110,09:23:48,41718.00,300,2361100
20221110,09:23:50,41719.85,50,2361100
20221110,09:23:51,41713.00,550,2361100
20221110,09:23:53,41713.60,125,2361100
20221110,09:23:55,41715.95,1075,2361100
20221110,09:23:56,41709.40,175,2361100
20221110,09:23:58,41718.75,600,2361100
20221110,09:24:00,41714.35,400,2361100
20221110,09:24:01,41710.00,150,2361100
20221110,09:24:03,41707.75,1025,2361100
20221110,09:24:05,41704.15,1125,2361100
20221110,09:24:06,41707.15,625,2361100
20221110,09:24:08,41704.45,400,2361100
20221110,09:24:10,41704.25,775,2361100
20221110,09:24:11,41701.00,400,2361100
20221110,09:24:13,41702.90,225,2361100
20221110,09:24:15,41710.15,2225,2361100
20221110,09:24:16,41701.90,600,2361100
20221110,09:24:18,41704.80,525,2361100
20221110,09:24:20,41705.70,225,2361100
20221110,09:24:21,41705.45,725,2361100
20221110,09:24:23,41708.80,575,2361100
20221110,09:24:25,41710.90,700,2361100
20221110,09:24:26,41716.05,475,2361100
20221110,09:24:28,41718.75,50,2361100
20221110,09:24:30,41717.25,1100,2361100
20221110,09:24:31,41713.20,175,2361100
20221110,09:24:33,41711.10,150,2361100
20221110,09:24:35,41715.00,125,2361100
20221110,09:24:36,41715.75,550,2361100
20221110,09:24:38,41716.60,525,2361100
20221110,09:24:40,41710.00,425,2361100
20221110,09:24:41,41718.40,775,2361100
20221110,09:24:43,41712.45,750,2361100
20221110,09:24:45,41713.15,275,2361100
20221110,09:24:46,41715.20,225,2361100
20221110,09:24:48,41713.25,25,2361100
20221110,09:24:50,41717.10,150,2361100
20221110,09:24:51,41716.00,350,2361100
20221110,09:24:53,41707.70,7575,2361100
20221110,09:24:55,41716.95,800,2361100
20221110,09:24:56,41712.50,4550,2361100
20221110,09:24:58,41712.90,1025,2361100
20221110,09:25:00,41717.95,575,2361100
20221110,09:25:01,41721.70,700,2361100
20221110,09:25:03,41721.40,525,2361100
20221110,09:25:05,41716.65,550,2361100
20221110,09:25:06,41712.90,175,2361100
20221110,09:25:08,41713.00,450,2361100
20221110,09:25:10,41716.15,75,2361100
20221110,09:25:11,41715.00,500,2361100
20221110,09:25:13,41720.00,725,2361100
20221110,09:25:15,41717.75,150,2361100
20221110,09:25:16,41732.90,3975,2361100
20221110,09:25:18,41732.00,3125,2361100
20221110,09:25:20,41731.85,825,2361100
20221110,09:25:21,41727.90,300,2361100
20221110,09:25:23,41727.95,200,2361100
20221110,09:25:25,41722.60,350,2361100
20221110,09:25:26,41723.30,575,2361100
20221110,09:25:28,41721.70,225,2361100
20221110,09:25:30,41724.80,200,2361100
20221110,09:25:31,41720.00,6600,2361100
20221110,09:25:33,41720.60,550,2361100
20221110,09:25:35,41716.85,275,2361100
20221110,09:25:36,41719.80,75,2361100
20221110,09:25:38,41714.80,250,2361100
20221110,09:25:40,41719.20,275,2361100
20221110,09:25:41,41714.40,125,2361100
20221110,09:25:43,41716.90,175,2361100
20221110,09:25:45,41711.70,125,2361100
20221110,09:25:46,41710.30,325,2361100
20221110,09:25:48,41716.50,125,2361100
20221110,09:25:50,41708.50,200,2361100
20221110,09:25:51,41711.00,250,2361100
20221110,09:25:53,41709.80,125,2361100
20221110,09:25:54,41705.00,525,2361100
20221110,09:25:56,41714.35,875,2361100
20221110,09:25:58,41703.70,200,2361100
20221110,09:25:59,41702.00,250,2361100
20221110,09:26:01,41704.00,1625,2361100
20221110,09:26:03,41700.00,1150,2361100
20221110,09:26:04,41702.65,325,2361100
20221110,09:26:06,41700.00,1175,2361100
20221110,09:26:08,41704.00,175,2361100
20221110,09:26:09,41699.85,500,2361100
20221110,09:26:11,41700.65,775,2361100
20221110,09:26:13,41705.00,275,2361100
20221110,09:26:14,41709.80,200,2361100
20221110,09:26:16,41703.00,300,2361100
20221110,09:26:18,41704.70,200,2361100
20221110,09:26:19,41701.20,25,2361100
20221110,09:26:21,41700.10,450,2361100
20221110,09:26:22,41700.05,725,2361100
20221110,09:26:24,41700.00,175,2361100
20221110,09:26:26,41706.90,300,2361100
20221110,09:26:27,41701.25,350,2361100
20221110,09:26:29,41704.80,400,2361100
20221110,09:26:31,41702.55,400,2361100
20221110,09:26:32,41702.75,150,2361100
20221110,09:26:34,41701.35,100,2383800
20221110,09:26:35,41703.45,100,2383800
20221110,09:26:37,41703.60,75,2383800
20221110,09:26:39,41704.80,225,2383800
20221110,09:26:40,41708.75,200,2383800
20221110,09:26:42,41712.70,475,2383800
20221110,09:26:44,41719.55,75,2383800
20221110,09:26:45,41713.00,225,2383800
20221110,09:26:47,41719.55,75,2383800
20221110,09:26:52,41731.65,1375,2383800
20221110,09:26:54,41724.90,250,2383800
20221110,09:26:55,41726.05,175,2383800
20221110,09:26:57,41726.50,625,2383800
20221110,09:26:59,41730.75,150,2383800
20221110,09:27:00,41731.60,400,2383800
20221110,09:27:02,41721.60,575,2383800
20221110,09:27:04,41731.55,425,2383800
20221110,09:27:05,41730.80,200,2383800
20221110,09:27:07,41729.65,200,2383800
20221110,09:27:09,41724.80,200,2383800
20221110,09:27:10,41724.80,25,2383800
20221110,09:27:12,41726.80,125,2383800
20221110,09:27:14,41729.80,125,2383800
20221110,09:27:15,41729.45,150,2383800
20221110,09:27:17,41729.80,200,2383800
20221110,09:27:19,41730.00,400,2383800
20221110,09:27:20,41734.80,125,2383800
20221110,09:27:22,41743.70,900,2383800
20221110,09:27:24,41742.65,3425,2383800
20221110,09:27:25,41736.90,175,2383800
20221110,09:27:27,41738.65,275,2383800
20221110,09:27:29,41737.30,675,2383800
20221110,09:27:30,41733.50,350,2383800
20221110,09:27:32,41734.75,50,2383800
20221110,09:27:34,41728.30,450,2383800
20221110,09:27:35,41730.70,350,2383800
20221110,09:27:37,41730.00,100,2383800
20221110,09:27:39,41723.05,100,2383800
20221110,09:27:40,41726.35,175,2383800
20221110,09:27:42,41726.80,325,2383800
20221110,09:27:44,41726.80,25,2383800
20221110,09:27:45,41724.00,100,2383800
20221110,09:27:47,41723.95,25,2383800
20221110,09:27:49,41724.00,750,2383800
20221110,09:27:50,41724.00,225,2383800
20221110,09:27:52,41719.80,250,2383800
20221110,09:27:53,41719.80,150,2383800
20221110,09:27:55,41719.75,75,2383800
20221110,09:27:57,41719.30,175,2383800
20221110,09:27:58,41715.60,50,2383800
20221110,09:28:00,41723.50,475,2383800
20221110,09:28:02,41723.10,175,2383800
20221110,09:28:03,41716.90,175,2383800
20221110,09:28:05,41720.05,250,2383800
20221110,09:28:07,41724.45,75,2383800
20221110,09:28:08,41725.90,925,2383800
20221110,09:28:10,41725.85,950,2383800
20221110,09:28:12,41720.20,975,2383800
20221110,09:28:13,41722.90,975,2383800
20221110,09:28:15,41723.15,1200,2383800
20221110,09:28:17,41722.60,1150,2383800
20221110,09:28:18,41722.25,900,2383800
20221110,09:28:20,41719.50,175,2383800
20221110,09:28:22,41715.00,150,2383800
20221110,09:28:23,41710.00,200,2383800
20221110,09:28:25,41716.60,225,2383800
20221110,09:28:27,41715.00,100,2383800
20221110,09:28:28,41719.80,150,2383800
20221110,09:28:30,41719.80,125,2383800
20221110,09:28:31,41711.75,150,2383800
20221110,09:28:35,41713.30,100,2383800
20221110,09:28:36,41720.00,150,2383800
20221110,09:28:38,41717.95,50,2383800
20221110,09:28:43,41723.45,250,2383800
20221110,09:28:45,41725.00,875,2383800
20221110,09:28:46,41721.95,75,2383800
20221110,09:28:48,41724.50,25,2383800
20221110,09:28:51,41724.35,225,2383800
20221110,09:28:53,41725.60,300,2383800
20221110,09:28:55,41720.25,75,2383800
20221110,09:28:56,41725.00,25,2383800
20221110,09:29:00,41721.15,75,2383800
20221110,09:29:01,41727.95,75,2383800
20221110,09:29:03,41723.80,300,2383800
20221110,09:29:05,41720.00,125,2383800
20221110,09:29:06,41723.00,850,2383800
20221110,09:29:08,41727.65,250,2383800
20221110,09:29:10,41725.00,125,2383800
20221110,09:29:11,41719.00,150,2383800
20221110,09:29:13,41724.85,975,2383800
20221110,09:29:15,41727.70,625,2383800
20221110,09:29:16,41722.95,75,2383800
20221110,09:29:18,41719.65,125,2383800
20221110,09:29:20,41723.80,275,2383800
20221110,09:29:21,41719.65,50,2383800
20221110,09:29:23,41714.15,125,2383800
20221110,09:29:25,41717.05,775,2383800
20221110,09:29:26,41716.10,125,2383800
20221110,09:29:28,41723.90,875,2383800
20221110,09:29:30,41720.05,275,2383800
20221110,09:29:31,41720.55,75,2383800
20221110,09:29:33,41720.65,100,2383800
20221110,09:29:35,41724.80,25,2387175
20221110,09:29:40,41717.05,675,2387175
20221110,09:29:46,41724.80,50,2387175
20221110,09:29:48,41723.20,100,2387175
20221110,09:29:49,41724.80,150,2387175
20221110,09:29:51,41724.80,75,2387175
20221110,09:29:52,41722.55,50,2387175
20221110,09:29:54,41723.30,200,2387175
20221110,09:29:56,41723.55,350,2387175
20221110,09:29:57,41722.85,475,2387175
20221110,09:29:59,41728.55,750,2387175
20221110,09:30:01,41731.10,225,2387175
20221110,09:30:02,41735.10,150,2387175
20221110,09:30:04,41735.65,475,2387175
20221110,09:30:06,41730.95,550,2387175
20221110,09:30:07,41737.35,375,2387175
20221110,09:30:09,41737.85,500,2387175
20221110,09:30:11,41735.95,1400,2387175
20221110,09:30:12,41736.20,125,2387175
20221110,09:30:14,41737.70,175,2387175
20221110,09:30:15,41740.00,1875,2387175
20221110,09:30:17,41737.40,400,2387175
20221110,09:30:19,41739.95,175,2387175
20221110,09:30:20,41739.95,25,2387175
20221110,09:30:22,41730.05,525,2387175
20221110,09:30:24,41721.95,525,2387175
20221110,09:30:25,41727.60,100,2387175
20221110,09:30:27,41720.95,25,2387175
20221110,09:30:29,41720.00,150,2387175
20221110,09:30:30,41718.00,75,2387175
20221110,09:30:32,41727.30,375,2387175
20221110,09:30:34,41723.25,100,2387175
20221110,09:30:35,41723.30,25,2387175
20221110,09:30:37,41726.40,75,2387175
20221110,09:30:39,41724.65,900,2387175
20221110,09:30:40,41727.15,925,2387175
20221110,09:30:42,41724.85,25,2387175
20221110,09:30:44,41733.45,50,2387175
20221110,09:30:45,41728.45,200,2387175
20221110,09:30:47,41734.00,150,2387175
20221110,09:30:49,41733.45,100,2387175
20221110,09:30:50,41740.00,275,2387175
20221110,09:30:52,41734.50,25,2387175
20221110,09:30:54,41739.25,125,2387175
20221110,09:30:55,41736.95,125,2387175
20221110,09:30:57,41737.00,225,2387175
20221110,09:30:59,41744.00,5125,2387175
20221110,09:31:00,41744.70,1825,2387175
20221110,09:31:02,41740.50,525,2387175
20221110,09:31:04,41735.40,200,2387175
20221110,09:31:05,41735.40,125,2387175
20221110,09:31:07,41736.30,100,2387175
20221110,09:31:09,41736.40,25,2387175
20221110,09:31:10,41741.45,325,2387175
20221110,09:31:12,41735.10,125,2387175
20221110,09:31:14,41735.40,250,2387175
20221110,09:31:15,41740.50,250,2387175
20221110,09:31:17,41735.40,25,2387175
20221110,09:31:19,41741.40,75,2387175
20221110,09:31:20,41735.00,100,2387175
20221110,09:31:22,41735.00,50,2387175
20221110,09:31:24,41734.65,125,2387175
20221110,09:31:25,41734.50,800,2387175
20221110,09:31:27,41734.00,75,2387175
20221110,09:31:29,41730.95,200,2387175
20221110,09:31:30,41739.90,50,2387175
20221110,09:31:32,41740.00,50,2387175
20221110,09:31:34,41740.00,725,2387175
20221110,09:31:35,41734.00,100,2387175
20221110,09:31:37,41734.00,25,2387175
20221110,09:31:39,41730.00,50,2387175
20221110,09:31:40,41725.00,50,2387175
20221110,09:31:44,41733.15,700,2387175
20221110,09:31:49,41730.00,100,2387175
20221110,09:31:54,41730.00,125,2387175
20221110,09:31:55,41730.00,50,2387175
20221110,09:31:57,41726.65,125,2387175
20221110,09:31:59,41725.00,225,2387175
20221110,09:32:00,41723.20,50,2387175
20221110,09:32:02,41726.95,50,2387175
20221110,09:32:04,41723.45,125,2387175
20221110,09:32:05,41725.00,75,2387175
20221110,09:32:09,41724.65,100,2387175
20221110,09:32:10,41721.00,200,2387175
20221110,09:32:12,41721.35,200,2387175
20221110,09:32:14,41721.35,175,2387175
20221110,09:32:15,41720.85,125,2387175
20221110,09:32:19,41721.70,125,2387175
20221110,09:32:20,41723.40,75,2387175
20221110,09:32:27,41727.65,275,2387175
20221110,09:32:29,41724.25,75,2387175
20221110,09:32:30,41724.50,25,2387175
20221110,09:32:32,41720.00,750,2387175
20221110,09:32:35,41722.10,50,2386875
20221110,09:32:37,41717.45,200,2386875
20221110,09:32:39,41716.25,100,2386875
20221110,09:32:40,41716.00,200,2386875
20221110,09:32:42,41715.50,225,2386875
20221110,09:32:44,41714.60,850,2386875
20221110,09:32:45,41709.30,1150,2386875
20221110,09:32:47,41708.90,200,2386875
20221110,09:32:49,41706.65,125,2386875
20221110,09:32:50,41705.00,150,2386875
20221110,09:32:52,41705.00,50,2386875
20221110,09:32:54,41706.40,625,2386875
20221110,09:32:55,41708.90,200,2386875
20221110,09:32:57,41708.90,300,2386875
20221110,09:32:59,41706.40,25,2386875
20221110,09:33:00,41704.00,275,2386875
20221110,09:33:02,41706.95,250,2386875
20221110,09:33:04,41700.00,3450,2386875
20221110,09:33:05,41702.55,850,2386875
20221110,09:33:07,41703.80,625,2386875
20221110,09:33:09,41698.55,75,2386875
20221110,09:33:10,41703.35,725,2386875
20221110,09:33:12,41701.00,125,2386875
20221110,09:33:14,41700.05,425,2386875
20221110,09:33:15,41702.70,425,2386875
20221110,09:33:17,41700.05,700,2386875
20221110,09:33:19,41699.65,150,2386875
20221110,09:33:20,41696.35,350,2386875
20221110,09:33:22,41692.70,900,2386875
20221110,09:33:24,41690.75,4225,2386875
20221110,09:33:25,41692.40,1650,2386875
20221110,09:33:27,41689.60,225,2386875
20221110,09:33:29,41688.05,325,2386875
20221110,09:33:30,41688.10,150,2386875
20221110,09:33:32,41695.45,775,2386875
20221110,09:33:34,41690.30,625,2386875
20221110,09:33:36,41684.10,1600,2386875
20221110,09:33:37,41687.00,275,2386875
20221110,09:33:39,41688.75,250,2386875
20221110,09:33:41,41695.50,50,2386875
20221110,09:33:42,41687.60,1350,2386875
20221110,09:33:44,41694.40,375,2386875
20221110,09:33:46,41697.70,275,2386875
20221110,09:33:47,41697.90,325,2386875
20221110,09:33:49,41695.00,1075,2386875
20221110,09:33:51,41693.85,725,2386875
20221110,09:33:52,41694.25,25,2386875
20221110,09:33:54,41691.75,100,2386875
20221110,09:33:56,41696.45,125,2386875
20221110,09:33:57,41692.25,75,2386875
20221110,09:33:59,41696.20,200,2386875
20221110,09:34:01,41691.85,175,2386875
20221110,09:34:02,41690.85,550,2386875
20221110,09:34:04,41688.00,125,2386875
20221110,09:34:06,41688.00,300,2386875
20221110,09:34:07,41685.00,775,2386875
20221110,09:34:09,41688.00,500,2386875
20221110,09:34:11,41688.00,150,2386875
20221110,09:34:12,41687.85,400,2386875
20221110,09:34:14,41686.70,350,2386875
20221110,09:34:16,41690.00,350,2386875
20221110,09:34:17,41686.15,600,2386875
20221110,09:34:19,41686.70,175,2386875
20221110,09:34:21,41687.45,300,2386875
20221110,09:34:22,41686.80,425,2386875
20221110,09:34:24,41687.10,400,2386875
20221110,09:34:26,41689.75,250,2386875
20221110,09:34:27,41689.20,125,2386875
20221110,09:34:29,41690.00,525,2386875
20221110,09:34:31,41690.00,300,2386875
20221110,09:34:32,41689.00,75,2386875
20221110,09:34:34,41689.10,350,2386875
20221110,09:34:35,41685.85,50,2386875
20221110,09:34:37,41685.00,325,2386875
20221110,09:34:39,41685.00,350,2386875
20221110,09:34:40,41692.80,400,2386875
20221110,09:34:42,41695.00,150,2386875
20221110,09:34:44,41692.65,100,2386875
20221110,09:34:45,41691.25,175,2386875
20221110,09:34:47,41691.65,75,2386875
20221110,09:34:49,41691.10,300,2386875
20221110,09:34:50,41689.35,175,2386875
20221110,09:34:52,41685.65,250,2386875
20221110,09:34:54,41685.00,1925,2386875
20221110,09:34:55,41689.40,275,2386875
20221110,09:34:57,41690.90,50,2386875
20221110,09:34:59,41690.00,50,2386875
20221110,09:35:00,41689.35,75,2386875
20221110,09:35:02,41689.90,250,2386875
20221110,09:35:04,41686.70,375,2386875
20221110,09:35:05,41685.10,275,2386875
20221110,09:35:07,41685.70,275,2386875
20221110,09:35:09,41685.05,475,2386875
20221110,09:35:10,41686.55,300,2386875
20221110,09:35:12,41687.05,2275,2386875
20221110,09:35:14,41690.80,350,2386875
20221110,09:35:15,41687.10,275,2386875
20221110,09:35:17,41690.00,200,2386875
20221110,09:35:19,41685.60,275,2386875
20221110,09:35:20,41684.40,1100,2386875
20221110,09:35:22,41682.25,800,2386875
20221110,09:35:24,41683.10,400,2386875
20221110,09:35:25,41687.20,150,2386875
20221110,09:35:27,41682.75,25,2386875
20221110,09:35:29,41684.40,100,2386875
20221110,09:35:30,41685.00,125,2386875
20221110,09:35:32,41685.70,125,2386875
20221110,09:35:34,41690.00,225,2386875
20221110,09:35:35,41693.20,400,2387275
20221110,09:35:37,41689.05,100,2387275
20221110,09:35:38,41690.75,225,2387275
20221110,09:35:40,41682.50,150,2387275
20221110,09:35:42,41682.50,75,2387275
20221110,09:35:43,41686.55,325,2387275
20221110,09:35:45,41686.65,100,2387275
20221110,09:35:47,41682.00,50,2387275
20221110,09:35:49,41684.00,50,2387275
20221110,09:35:50,41682.75,150,2387275
20221110,09:35:52,41686.80,225,2387275
20221110,09:35:54,41687.65,75,2387275
20221110,09:35:55,41688.90,100,2387275
20221110,09:35:57,41688.90,275,2387275
20221110,09:35:59,41691.15,100,2387275
20221110,09:36:00,41689.65,600,2387275
20221110,09:36:02,41686.85,125,2387275
20221110,09:36:04,41685.20,100,2387275
20221110,09:36:05,41687.30,125,2387275
20221110,09:36:07,41689.55,700,2387275
20221110,09:36:09,41690.00,50,2387275
20221110,09:36:10,41688.65,150,2387275
20221110,09:36:12,41688.60,50,2387275
20221110,09:36:14,41694.40,350,2387275
20221110,09:36:15,41699.60,425,2387275
20221110,09:36:17,41701.85,1350,2387275
20221110,09:36:19,41701.85,275,2387275
20221110,09:36:20,41704.00,225,2387275
20221110,09:36:22,41700.80,75,2387275
20221110,09:36:24,41703.15,675,2387275
20221110,09:36:25,41708.75,1425,2387275
20221110,09:36:27,41706.30,300,2387275
20221110,09:36:29,41706.55,25,2387275
20221110,09:36:30,41705.00,25,2387275
20221110,09:36:32,41707.45,600,2387275
20221110,09:36:34,41707.95,250,2387275
20221110,09:36:35,41705.55,150,2387275
20221110,09:36:37,41703.20,450,2387275
20221110,09:36:39,41704.85,50,2387275
20221110,09:36:40,41695.00,325,2387275
20221110,09:36:42,41694.65,100,2387275
20221110,09:36:44,41690.25,450,2387275
20221110,09:36:45,41689.30,150,2387275
20221110,09:36:47,41691.80,25,2387275
20221110,09:36:49,41693.80,25,2387275
20221110,09:36:50,41699.15,125,2387275
20221110,09:36:52,41696.65,25,2387275
20221110,09:36:54,41693.00,150,2387275
20221110,09:36:55,41695.00,100,2387275
20221110,09:36:59,41692.75,50,2387275
20221110,09:37:02,41689.00,700,2387275
20221110,09:37:04,41690.15,75,2387275
20221110,09:37:05,41690.45,100,2387275
20221110,09:37:07,41691.80,50,2387275
20221110,09:37:09,41689.05,125,2387275
20221110,09:37:10,41685.00,350,2387275
20221110,09:37:12,41687.20,125,2387275
20221110,09:37:14,41690.65,50,2387275
20221110,09:37:15,41690.15,50,2387275
20221110,09:37:17,41686.15,775,2387275
20221110,09:37:18,41684.40,625,2387275
20221110,09:37:20,41687.65,25,2387275
20221110,09:37:22,41684.85,150,2387275
20221110,09:37:23,41684.60,50,2387275
20221110,09:37:25,41684.40,50,2387275
20221110,09:37:27,41684.05,25,2387275
20221110,09:37:28,41688.55,275,2387275
20221110,09:37:30,41685.85,100,2387275
20221110,09:37:32,41682.90,125,2387275
20221110,09:37:33,41685.95,150,2387275
20221110,09:37:35,41684.50,225,2387275
20221110,09:37:36,41685.00,25,2387275
20221110,09:37:38,41684.60,50,2387275
20221110,09:37:40,41686.75,200,2387275
20221110,09:37:41,41690.00,100,2387275
20221110,09:37:43,41693.15,675,2387275
20221110,09:37:45,41694.35,125,2387275
20221110,09:37:46,41690.60,75,2387275
20221110,09:37:48,41690.25,225,2387275
20221110,09:37:50,41692.85,200,2387275
20221110,09:37:51,41690.60,200,2387275
20221110,09:37:53,41690.65,125,2387275
20221110,09:37:55,41695.00,25,2387275
20221110,09:37:56,41698.00,1100,2387275
20221110,09:37:58,41700.00,125,2387275
20221110,09:38:00,41703.00,175,2387275
20221110,09:38:01,41698.70,75,2387275
20221110,09:38:03,41697.25,150,2387275
20221110,09:38:05,41697.80,200,2387275
20221110,09:38:06,41697.25,100,2387275
20221110,09:38:10,41694.55,25,2387275
20221110,09:38:11,41693.75,125,2387275
20221110,09:38:13,41697.00,50,2387275
20221110,09:38:15,41693.30,150,2387275
20221110,09:38:16,41698.60,125,2387275
20221110,09:38:18,41700.00,100,2387275
20221110,09:38:20,41697.30,525,2387275
20221110,09:38:21,41698.25,200,2387275
20221110,09:38:23,41697.35,75,2387275
20221110,09:38:25,41697.35,75,2387275
20221110,09:38:26,41697.20,125,2387275
20221110,09:38:28,41695.60,150,2387275
20221110,09:38:31,41693.45,50,2387275
20221110,09:38:33,41695.00,75,2387275
20221110,09:38:35,41693.75,350,2392400
20221110,09:38:36,41695.75,100,2392400
20221110,09:38:38,41695.45,125,2392400
20221110,09:38:40,41698.20,125,2392400
20221110,09:38:41,41693.30,275,2392400
20221110,09:38:43,41696.00,100,2392400
20221110,09:38:45,41695.45,275,2392400
20221110,09:38:46,41696.20,1750,2392400
20221110,09:38:48,41699.85,100,2392400
20221110,09:38:50,41700.55,50,2392400
20221110,09:38:51,41695.50,525,2392400
20221110,09:38:53,41697.20,925,2392400
20221110,09:38:54,41696.65,75,2392400
20221110,09:38:56,41696.65,25,2392400
20221110,09:38:58,41698.05,150,2392400
20221110,09:38:59,41697.30,150,2392400
20221110,09:39:01,41695.00,1125,2392400
20221110,09:39:03,41690.85,625,2392400
20221110,09:39:04,41690.00,625,2392400
20221110,09:39:06,41684.95,675,2392400
20221110,09:39:08,41684.45,175,2392400
20221110,09:39:09,41684.45,225,2392400
20221110,09:39:11,41684.80,250,2392400
20221110,09:39:13,41687.15,200,2392400
20221110,09:39:14,41690.00,250,2392400
20221110,09:39:16,41690.00,850,2392400
20221110,09:39:18,41689.20,325,2392400
20221110,09:39:19,41695.95,2050,2392400
20221110,09:39:21,41693.55,100,2392400
20221110,09:39:23,41693.65,575,2392400
20221110,09:39:24,41695.45,75,2392400
20221110,09:39:26,41695.05,225,2392400
20221110,09:39:28,41696.15,75,2392400
20221110,09:39:29,41693.00,125,2392400
20221110,09:39:31,41695.00,75,2392400
20221110,09:39:33,41693.75,100,2392400
20221110,09:39:34,41695.15,600,2392400
20221110,09:39:36,41690.00,150,2392400
20221110,09:39:38,41687.00,100,2392400
20221110,09:39:39,41689.75,50,2392400
20221110,09:39:41,41695.05,75,2392400
20221110,09:39:43,41694.70,625,2392400
20221110,09:39:44,41691.20,125,2392400
20221110,09:39:46,41690.00,250,2392400
20221110,09:39:48,41689.05,100,2392400
20221110,09:39:49,41691.95,275,2392400
20221110,09:39:51,41688.00,100,2392400
20221110,09:39:53,41688.00,825,2392400
20221110,09:39:54,41689.70,125,2392400
20221110,09:39:56,41690.30,25,2392400
20221110,09:39:58,41693.70,200,2392400
20221110,09:39:59,41691.20,275,2392400
20221110,09:40:01,41698.75,2575,2392400
20221110,09:40:02,41695.65,600,2392400
20221110,09:40:04,41693.70,225,2392400
20221110,09:40:06,41695.90,150,2392400
20221110,09:40:07,41689.95,50,2392400
20221110,09:40:09,41690.80,25,2392400
20221110,09:40:11,41690.80,75,2392400
20221110,09:40:12,41688.85,275,2392400
20221110,09:40:14,41689.35,125,2392400
20221110,09:40:16,41689.60,750,2392400
20221110,09:40:18,41690.80,25,2392400
20221110,09:40:19,41691.95,275,2392400
20221110,09:40:21,41692.75,25,2392400
20221110,09:40:24,41693.95,50,2392400
20221110,09:40:26,41693.30,50,2392400
20221110,09:40:27,41695.85,25,2392400
20221110,09:40:29,41693.20,50,2392400
20221110,09:40:31,41693.30,25,2392400
20221110,09:40:32,41690.60,25,2392400
20221110,09:40:34,41689.95,900,2392400
20221110,09:40:36,41692.35,225,2392400
20221110,09:40:37,41690.60,75,2392400
20221110,09:40:41,41693.50,150,2392400
20221110,09:40:42,41694.05,75,2392400
20221110,09:40:44,41702.55,700,2392400
20221110,09:40:47,41696.15,600,2392400
20221110,09:40:51,41695.90,100,2392400
20221110,09:40:52,41693.90,75,2392400
20221110,09:40:54,41693.65,50,2392400
20221110,09:40:56,41697.20,700,2392400
20221110,09:40:57,41695.00,100,2392400
20221110,09:40:59,41693.50,175,2392400
20221110,09:41:01,41693.55,350,2392400
20221110,09:41:02,41692.35,325,2392400
20221110,09:41:04,41690.65,375,2392400
20221110,09:41:06,41688.00,50,2392400
20221110,09:41:09,41690.00,200,2392400
20221110,09:41:12,41686.80,50,2392400
20221110,09:41:14,41689.75,150,2392400
20221110,09:41:16,41687.05,75,2392400
20221110,09:41:17,41686.00,125,2392400
20221110,09:41:19,41684.85,400,2392400
20221110,09:41:21,41683.10,150,2392400
20221110,09:41:22,41682.85,50,2392400
20221110,09:41:24,41682.00,950,2392400
20221110,09:41:26,41681.85,725,2392400
20221110,09:41:27,41676.35,3900,2392400
20221110,09:41:29,41675.65,600,2392400
20221110,09:41:31,41672.00,3125,2392400
20221110,09:41:32,41672.30,625,2392400
20221110,09:41:34,41668.15,2750,2392400
20221110,09:41:36,41672.05,425,2392400
20221110,09:41:37,41667.90,200,2392400
20221110,09:41:39,41667.25,425,2381450
20221110,09:41:40,41669.00,625,2381450
20221110,09:41:42,41678.45,800,2381450
20221110,09:41:44,41680.00,1025,2381450
20221110,09:41:45,41675.70,75,2381450
20221110,09:41:47,41672.25,225,2381450
20221110,09:41:49,41674.80,100,2381450
20221110,09:41:52,41677.20,200,2381450
20221110,09:41:53,41680.00,425,2381450
20221110,09:41:55,41681.25,950,2381450
20221110,09:41:58,41679.05,75,2381450
20221110,09:42:00,41679.30,100,2381450
20221110,09:42:02,41679.70,150,2381450
20221110,09:42:03,41675.20,150,2381450
20221110,09:42:05,41674.10,300,2381450
20221110,09:42:06,41673.00,150,2381450
20221110,09:42:08,41675.35,75,2381450
20221110,09:42:10,41675.70,50,2381450
20221110,09:42:11,41672.75,125,2381450
20221110,09:42:13,41675.30,75,2381450
20221110,09:42:15,41676.10,50,2381450
20221110,09:42:16,41672.00,100,2381450
20221110,09:42:18,41672.00,25,2381450
20221110,09:42:21,41671.00,125,2381450
20221110,09:42:23,41673.20,50,2381450
20221110,09:42:24,41671.55,75,2381450
20221110,09:42:28,41675.00,50,2381450
20221110,09:42:31,41671.00,700,2381450
20221110,09:42:32,41670.90,475,2381450
20221110,09:42:34,41669.10,75,2381450
20221110,09:42:36,41670.65,50,2381450
20221110,09:42:37,41673.30,225,2381450
20221110,09:42:39,41672.10,150,2381450
20221110,09:42:40,41674.00,225,2381450
20221110,09:42:42,41671.90,250,2381450
20221110,09:42:44,41672.10,100,2381450
20221110,09:42:45,41675.00,75,2381450
20221110,09:42:47,41672.10,175,2381450
20221110,09:42:49,41675.50,325,2381450
20221110,09:42:50,41674.45,75,2381450
20221110,09:42:55,41675.50,25,2381450
20221110,09:42:57,41672.10,100,2381450
20221110,09:42:58,41675.15,200,2381450
20221110,09:43:00,41675.60,100,2381450
20221110,09:43:02,41678.90,725,2381450
20221110,09:43:05,41675.00,25,2381450
20221110,09:43:12,41677.00,50,2381450
20221110,09:43:13,41678.95,25,2381450
20221110,09:43:15,41678.15,600,2381450
20221110,09:43:18,41678.15,50,2381450
20221110,09:43:20,41674.55,50,2381450
20221110,09:43:22,41674.25,150,2381450
20221110,09:43:25,41678.15,25,2381450
20221110,09:43:27,41678.55,125,2381450
20221110,09:43:28,41674.25,1025,2381450
20221110,09:43:30,41678.25,350,2381450
20221110,09:43:32,41674.25,775,2381450
20221110,09:43:33,41676.60,25,2381450
20221110,09:43:35,41675.40,800,2381450
20221110,09:43:36,41675.70,125,2381450
20221110,09:43:38,41673.90,25,2381450
20221110,09:43:40,41676.25,150,2381450
20221110,09:43:43,41680.80,125,2381450
20221110,09:43:44,41676.35,150,2381450
20221110,09:43:48,41680.80,25,2381450
20221110,09:43:49,41676.70,75,2381450
20221110,09:43:51,41676.60,75,2381450
20221110,09:43:54,41680.30,75,2381450
20221110,09:43:56,41675.00,475,2381450
20221110,09:43:57,41676.80,25,2381450
20221110,09:43:59,41679.70,50,2381450
20221110,09:44:00,41672.90,300,2381450
20221110,09:44:02,41674.45,325,2381450
20221110,09:44:04,41674.25,75,2381450
20221110,09:44:05,41679.90,700,2381450
20221110,09:44:07,41673.00,525,2381450
20221110,09:44:08,41673.55,100,2381450
20221110,09:44:10,41674.75,700,2381450
20221110,09:44:11,41675.15,175,2381450
20221110,09:44:13,41676.05,325,2381450
20221110,09:44:15,41675.15,175,2381450
20221110,09:44:16,41675.30,100,2381450
20221110,09:44:18,41674.90,75,2381450
20221110,09:44:19,41679.25,25,2381450
20221110,09:44:22,41675.00,75,2381450
20221110,09:44:24,41677.85,25,2381450
20221110,09:44:25,41676.85,50,2381450
20221110,09:44:29,41678.15,250,2381450
20221110,09:44:30,41678.15,25,2381450
20221110,09:44:32,41675.35,25,2381450
20221110,09:44:33,41675.50,25,2381450
20221110,09:44:35,41680.00,200,2381050
20221110,09:44:37,41681.25,100,2381050
20221110,09:44:42,41679.15,150,2381050
20221110,09:44:45,41677.15,25,2381050
20221110,09:44:48,41679.85,125,2381050
20221110,09:44:50,41679.95,250,2381050
20221110,09:44:51,41681.10,150,2381050
20221110,09:44:53,41677.20,150,2381050
20221110,09:44:55,41679.05,25,2381050
20221110,09:45:01,41677.35,100,2381050
20221110,09:45:03,41680.30,125,2381050
20221110,09:45:04,41677.15,125,2381050
20221110,09:45:06,41675.10,425,2381050
20221110,09:45:08,41671.00,650,2381050
20221110,09:45:09,41671.50,1050,2381050
20221110,09:45:13,41671.20,175,2381050
20221110,09:45:14,41670.65,700,2381050
20221110,09:45:16,41668.85,275,2381050
20221110,09:45:18,41672.45,25,2381050
20221110,09:45:19,41671.55,150,2381050
20221110,09:45:21,41671.60,225,2381050
20221110,09:45:23,41673.05,1175,2381050
20221110,09:45:24,41673.45,50,2381050
20221110,09:45:26,41672.90,50,2381050
20221110,09:45:27,41676.95,875,2381050
20221110,09:45:29,41680.00,150,2381050
20221110,09:45:31,41681.00,50,2381050
20221110,09:45:32,41684.00,925,2381050
20221110,09:45:36,41680.70,125,2381050
20221110,09:45:37,41684.00,75,2381050
20221110,09:45:39,41687.85,500,2381050
20221110,09:45:40,41686.00,50,2381050
20221110,09:45:42,41686.90,525,2381050
20221110,09:45:44,41687.45,75,2381050
20221110,09:45:45,41694.95,275,2381050
20221110,09:45:47,41692.85,300,2381050
20221110,09:45:49,41689.85,100,2381050
20221110,09:45:50,41689.85,25,2381050
20221110,09:45:52,41689.85,100,2381050
20221110,09:45:54,41689.85,25,2381050
20221110,09:45:55,41689.85,50,2381050
20221110,09:45:57,41689.85,75,2381050
20221110,09:45:58,41689.95,25,2381050
20221110,09:46:00,41685.30,75,2381050
20221110,09:46:02,41684.00,125,2381050
20221110,09:46:03,41687.45,50,2381050
20221110,09:46:05,41683.75,150,2381050
20221110,09:46:07,41686.05,25,2381050
20221110,09:46:08,41686.05,50,2381050
20221110,09:46:10,41687.30,175,2381050
20221110,09:46:11,41686.85,225,2381050
20221110,09:46:13,41690.00,375,2381050
20221110,09:46:15,41690.45,5700,2381050
20221110,09:46:16,41695.90,600,2381050
20221110,09:46:18,41695.00,175,2381050
20221110,09:46:20,41696.90,175,2381050
20221110,09:46:21,41691.90,25,2381050
20221110,09:46:23,41696.80,100,2381050
20221110,09:46:24,41696.50,100,2381050
20221110,09:46:26,41692.75,75,2381050
20221110,09:46:28,41693.30,25,2381050
20221110,09:46:31,41695.00,25,2381050
20221110,09:46:33,41693.00,75,2381050
20221110,09:46:34,41696.00,150,2381050
20221110,09:46:38,41690.95,25,2381050
20221110,09:46:39,41694.70,125,2381050
20221110,09:46:41,41689.35,2125,2381050
20221110,09:46:43,41689.95,75,2381050
20221110,09:46:44,41690.00,75,2381050
20221110,09:46:46,41690.00,75,2381050
20221110,09:46:49,41693.45,50,2381050
20221110,09:46:51,41692.25,125,2381050
20221110,09:46:53,41690.80,50,2381050
20221110,09:46:56,41695.00,1025,2381050
20221110,09:46:58,41699.55,8100,2381050
20221110,09:46:59,41706.80,1350,2381050
20221110,09:47:01,41707.90,2050,2381050
20221110,09:47:03,41697.85,400,2381050
20221110,09:47:04,41696.80,725,2381050
20221110,09:47:06,41690.00,125,2381050
20221110,09:47:08,41689.30,25,2381050
20221110,09:47:09,41687.30,75,2381050
20221110,09:47:13,41685.00,625,2381050
20221110,09:47:14,41684.80,125,2381050
20221110,09:47:16,41685.00,25,2381050
20221110,09:47:18,41685.05,25,2381050
20221110,09:47:19,41682.00,50,2381050
20221110,09:47:21,41684.75,25,2381050
20221110,09:47:23,41681.00,575,2381050
20221110,09:47:24,41680.15,900,2381050
20221110,09:47:26,41678.00,125,2381050
20221110,09:47:28,41680.00,50,2381050
20221110,09:47:31,41680.05,100,2381050
20221110,09:47:33,41679.45,50,2381050
20221110,09:47:34,41675.35,150,2381050
20221110,09:47:36,41681.15,175,2391425
20221110,09:47:37,41680.35,75,2391425
20221110,09:47:39,41675.50,25,2391425
20221110,09:47:41,41678.75,25,2391425
20221110,09:47:42,41675.15,150,2391425
20221110,09:47:44,41679.85,50,2391425
20221110,09:47:47,41679.55,50,2391425
20221110,09:47:49,41675.35,25,2391425
20221110,09:47:50,41677.15,75,2391425
20221110,09:47:52,41675.00,475,2391425
20221110,09:47:53,41675.75,150,2391425
20221110,09:47:57,41677.35,75,2391425
20221110,09:47:58,41682.50,250,2391425
20221110,09:48:00,41677.60,250,2391425
20221110,09:48:02,41674.80,175,2391425
20221110,09:48:03,41675.00,150,2391425
20221110,09:48:05,41672.80,125,2391425
20221110,09:48:08,41675.00,25,2391425
20221110,09:48:10,41676.00,200,2391425
20221110,09:48:11,41677.15,25,2391425
20221110,09:48:13,41678.25,250,2391425
20221110,09:48:14,41680.35,75,2391425
20221110,09:48:16,41679.70,150,2391425
20221110,09:48:18,41680.30,125,2391425
20221110,09:48:19,41681.45,75,2391425
20221110,09:48:21,41683.30,100,2391425
20221110,09:48:22,41683.65,50,2391425
20221110,09:48:24,41682.20,100,2391425
20221110,09:48:27,41681.90,50,2391425
20221110,09:48:29,41684.50,100,2391425
20221110,09:48:30,41682.20,200,2391425
20221110,09:48:32,41683.65,75,2391425
20221110,09:48:34,41686.05,150,2391425
20221110,09:48:37,41685.95,425,2391425
20221110,09:48:38,41681.20,25,2391425
20221110,09:48:43,41677.85,25,2391425
20221110,09:48:45,41678.75,25,2391425
20221110,09:48:47,41683.55,1675,2391425
20221110,09:48:48,41681.95,100,2391425
20221110,09:48:50,41685.00,125,2391425
20221110,09:48:51,41678.75,100,2391425
20221110,09:48:53,41677.15,75,2391425
20221110,09:48:55,41678.15,50,2391425
20221110,09:48:56,41680.00,50,2391425
20221110,09:48:58,41677.80,150,2391425
20221110,09:49:00,41677.85,25,2391425
20221110,09:49:01,41676.80,325,2391425
20221110,09:49:03,41675.80,175,2391425
20221110,09:49:05,41679.95,650,2391425
20221110,09:49:06,41675.50,50,2391425
20221110,09:49:08,41675.50,25,2391425
20221110,09:49:10,41675.80,725,2391425
20221110,09:49:11,41671.50,375,2391425
20221110,09:49:13,41671.00,175,2391425
20221110,09:49:15,41672.30,50,2391425
20221110,09:49:16,41672.30,25,2391425
20221110,09:49:18,41673.10,50,2391425
20221110,09:49:20,41671.00,175,2391425
20221110,09:49:21,41672.30,50,2391425
20221110,09:49:23,41671.50,500,2391425
20221110,09:49:24,41671.00,125,2391425
20221110,09:49:26,41670.05,200,2391425
20221110,09:49:28,41671.25,200,2391425
20221110,09:49:31,41671.45,600,2391425
20221110,09:49:33,41672.95,75,2391425
20221110,09:49:34,41673.05,75,2391425
20221110,09:49:36,41670.00,75,2391425
20221110,09:49:37,41670.00,950,2391425
20221110,09:49:39,41671.65,25,2391425
20221110,09:49:41,41672.10,300,2391425
20221110,09:49:42,41673.20,100,2391425
20221110,09:49:44,41675.30,50,2391425
20221110,09:49:46,41675.25,75,2391425
20221110,09:49:47,41672.70,150,2391425
20221110,09:49:49,41672.75,75,2391425
20221110,09:49:51,41671.75,25,2391425
20221110,09:49:52,41672.60,75,2391425
20221110,09:49:54,41669.85,225,2391425
20221110,09:49:55,41669.00,500,2391425
20221110,09:49:57,41668.85,225,2391425
20221110,09:49:59,41667.35,50,2391425
20221110,09:50:00,41661.00,1750,2391425
20221110,09:50:02,41660.50,775,2391425
20221110,09:50:04,41662.70,1850,2391425
20221110,09:50:05,41654.65,800,2391425
20221110,09:50:07,41658.85,500,2391425
20221110,09:50:09,41660.00,425,2391425
20221110,09:50:10,41659.70,1350,2391425
20221110,09:50:12,41659.45,275,2391425
20221110,09:50:14,41661.40,325,2391425
20221110,09:50:15,41660.45,725,2391425
20221110,09:50:17,41662.05,75,2391425
20221110,09:50:19,41667.00,300,2391425
20221110,09:50:20,41670.10,50,2391425
20221110,09:50:22,41667.05,25,2391425
20221110,09:50:23,41666.65,25,2391425
20221110,09:50:25,41666.65,50,2391425
20221110,09:50:27,41663.95,75,2391425
20221110,09:50:28,41667.80,25,2391425
20221110,09:50:30,41667.00,1025,2391425
20221110,09:50:32,41666.85,25,2391425
20221110,09:50:33,41665.00,225,2391425
20221110,09:50:35,41663.00,350,2389500
20221110,09:50:37,41661.00,100,2389500
20221110,09:50:38,41655.90,400,2389500
20221110,09:50:40,41648.35,14450,2389500
20221110,09:50:41,41650.10,400,2389500
20221110,09:50:43,41651.15,675,2389500
20221110,09:50:45,41648.20,225,2389500
20221110,09:50:46,41645.85,175,2389500
20221110,09:50:48,41653.40,2050,2389500
20221110,09:50:50,41655.00,400,2389500
20221110,09:50:51,41652.80,600,2389500
20221110,09:50:53,41651.85,100,2389500
20221110,09:50:55,41650.40,200,2389500
20221110,09:50:56,41651.35,75,2389500
20221110,09:50:58,41656.05,325,2389500
20221110,09:50:59,41656.05,375,2389500
20221110,09:51:01,41651.05,125,2389500
20221110,09:51:03,41645.85,200,2389500
20221110,09:51:04,41648.90,575,2389500
20221110,09:51:06,41648.90,525,2389500
20221110,09:51:08,41651.60,350,2389500
20221110,09:51:09,41648.95,275,2389500
20221110,09:51:11,41646.65,1200,2389500
20221110,09:51:13,41652.35,250,2389500
20221110,09:51:14,41656.05,250,2389500
20221110,09:51:16,41658.75,125,2389500
20221110,09:51:18,41658.75,125,2389500
20221110,09:51:19,41658.75,150,2389500
20221110,09:51:21,41655.00,150,2389500
20221110,09:51:22,41654.85,25,2389500
20221110,09:51:24,41652.00,75,2389500
20221110,09:51:26,41652.65,125,2389500
20221110,09:51:27,41650.00,4200,2389500
20221110,09:51:29,41658.75,450,2389500
20221110,09:51:30,41657.70,675,2389500
20221110,09:51:32,41658.75,200,2389500
20221110,09:51:34,41658.60,25,2389500
20221110,09:51:35,41657.70,75,2389500
20221110,09:51:37,41659.75,150,2389500
20221110,09:51:39,41653.55,150,2389500
20221110,09:51:40,41652.55,400,2389500
20221110,09:51:42,41652.20,200,2389500
20221110,09:51:44,41657.90,725,2389500
20221110,09:51:45,41659.05,450,2389500
20221110,09:51:47,41658.65,500,2389500
20221110,09:51:49,41663.70,50,2389500
20221110,09:51:50,41662.30,125,2389500
20221110,09:51:52,41661.75,325,2389500
20221110,09:51:54,41668.70,375,2389500
20221110,09:51:55,41666.80,500,2389500
20221110,09:51:57,41660.00,150,2389500
20221110,09:51:59,41663.20,100,2389500
20221110,09:52:00,41663.40,275,2389500
20221110,09:52:02,41656.85,275,2389500
20221110,09:52:04,41657.05,25,2389500
20221110,09:52:05,41654.10,425,2389500
20221110,09:52:07,41659.45,100,2389500
20221110,09:52:10,41659.90,75,2389500
20221110,09:52:14,41665.90,150,2389500
20221110,09:52:15,41661.75,150,2389500
20221110,09:52:17,41664.10,700,2389500
20221110,09:52:19,41659.85,25,2389500
20221110,09:52:20,41660.00,225,2389500
20221110,09:52:24,41665.95,150,2389500
20221110,09:52:25,41665.00,50,2389500
20221110,09:52:27,41666.00,350,2389500
20221110,09:52:29,41664.10,50,2389500
20221110,09:52:30,41665.45,1175,2389500
20221110,09:52:32,41668.15,50,2389500
20221110,09:52:34,41669.75,975,2389500
20221110,09:52:35,41660.00,350,2389500
20221110,09:52:37,41664.05,125,2389500
20221110,09:52:39,41665.80,225,2389500
20221110,09:52:40,41655.10,75,2389500
20221110,09:52:42,41661.90,200,2389500
20221110,09:52:44,41661.95,25,2389500
20221110,09:52:45,41658.05,75,2389500
20221110,09:52:47,41655.05,125,2389500
20221110,09:52:49,41658.45,250,2389500
20221110,09:52:50,41658.10,125,2389500
20221110,09:52:52,41657.30,200,2389500
20221110,09:52:54,41654.00,75,2389500
20221110,09:52:55,41654.80,325,2389500
20221110,09:52:57,41648.00,1250,2389500
20221110,09:52:59,41648.25,175,2389500
20221110,09:53:00,41653.00,100,2389500
20221110,09:53:02,41651.55,125,2389500
20221110,09:53:03,41646.15,1475,2389500
20221110,09:53:05,41650.70,500,2389500
20221110,09:53:07,41651.85,50,2389500
20221110,09:53:08,41651.85,50,2389500
20221110,09:53:10,41650.00,25,2389500
20221110,09:53:12,41653.60,450,2389500
20221110,09:53:13,41660.00,200,2389500
20221110,09:53:15,41653.30,275,2389500
20221110,09:53:17,41655.80,150,2389500
20221110,09:53:18,41663.20,200,2389500
20221110,09:53:20,41657.15,75,2389500
20221110,09:53:22,41659.90,50,2389500
20221110,09:53:24,41664.85,75,2389500
20221110,09:53:25,41664.40,125,2389500
20221110,09:53:27,41664.40,900,2389500
20221110,09:53:29,41656.95,275,2389500
20221110,09:53:32,41660.00,25,2389500
20221110,09:53:34,41656.10,75,2389500
20221110,09:53:35,41656.10,100,2389500
20221110,09:53:37,41660.00,100,2378300
20221110,09:53:39,41655.85,75,2378300
20221110,09:53:40,41654.10,75,2378300
20221110,09:53:42,41655.85,175,2378300
20221110,09:53:44,41655.75,200,2378300
20221110,09:53:48,41654.10,25,2378300
20221110,09:53:50,41660.00,25,2378300
20221110,09:53:52,41660.00,225,2378300
20221110,09:53:53,41658.00,150,2378300
20221110,09:53:55,41663.75,475,2378300
20221110,09:53:57,41658.45,125,2378300
20221110,09:53:58,41658.45,450,2378300
20221110,09:54:00,41656.85,275,2378300
20221110,09:54:01,41657.15,175,2378300
20221110,09:54:03,41653.85,1400,2378300
20221110,09:54:05,41655.60,400,2378300
20221110,09:54:06,41658.95,675,2378300
20221110,09:54:08,41657.15,125,2378300
20221110,09:54:10,41655.60,25,2378300
20221110,09:54:11,41655.40,125,2378300
20221110,09:54:13,41655.00,800,2378300
20221110,09:54:14,41655.25,200,2378300
20221110,09:54:16,41655.00,200,2378300
20221110,09:54:18,41653.90,125,2378300
20221110,09:54:19,41655.50,350,2378300
20221110,09:54:21,41654.50,125,2378300
20221110,09:54:23,41655.85,375,2378300
20221110,09:54:24,41658.00,300,2378300
20221110,09:54:26,41657.90,500,2378300
20221110,09:54:27,41655.20,200,2378300
20221110,09:54:29,41658.00,325,2378300
20221110,09:54:31,41656.75,200,2378300
20221110,09:54:32,41656.65,100,2378300
20221110,09:54:34,41660.55,100,2378300
20221110,09:54:35,41660.50,100,2378300
20221110,09:54:37,41656.50,50,2378300
20221110,09:54:39,41655.70,50,2378300
20221110,09:54:40,41655.00,50,2378300
20221110,09:54:42,41656.55,75,2378300
20221110,09:54:44,41654.85,375,2378300
20221110,09:54:45,41657.85,350,2378300
20221110,09:54:47,41656.80,150,2378300
20221110,09:54:49,41655.10,75,2378300
20221110,09:54:50,41655.35,100,2378300
20221110,09:54:52,41659.50,100,2378300
20221110,09:54:54,41655.90,25,2378300
20221110,09:54:55,41657.25,75,2378300
20221110,09:54:57,41661.50,50,2378300
20221110,09:54:58,41660.05,625,2378300
20221110,09:55:00,41662.10,25,2378300
20221110,09:55:02,41660.00,275,2378300
20221110,09:55:03,41659.85,150,2378300
20221110,09:55:05,41656.80,200,2378300
20221110,09:55:07,41658.75,550,2378300
20221110,09:55:08,41664.00,75,2378300
20221110,09:55:10,41659.55,200,2378300
20221110,09:55:12,41665.75,300,2378300
20221110,09:55:13,41656.65,250,2378300
20221110,09:55:15,41658.60,125,2378300
20221110,09:55:17,41658.05,75,2378300
20221110,09:55:20,41657.45,200,2378300
20221110,09:55:22,41651.90,575,2378300
20221110,09:55:23,41655.95,225,2378300
20221110,09:55:25,41655.10,100,2378300
20221110,09:55:27,41651.15,200,2378300
20221110,09:55:28,41650.70,2925,2378300
20221110,09:55:30,41646.60,125,2378300
20221110,09:55:32,41645.85,150,2378300
20221110,09:55:34,41644.05,2550,2378300
20221110,09:55:35,41648.95,200,2378300
20221110,09:55:38,41646.40,725,2378300
20221110,09:55:40,41646.20,125,2378300
20221110,09:55:42,41650.15,175,2378300
20221110,09:55:43,41650.00,225,2378300
20221110,09:55:45,41649.20,50,2378300
20221110,09:55:47,41647.40,50,2378300
20221110,09:55:48,41648.90,250,2378300
20221110,09:55:50,41647.05,125,2378300
20221110,09:55:52,41647.80,175,2378300
20221110,09:55:53,41645.40,250,2378300
20221110,09:55:57,41646.85,25,2378300
20221110,09:55:58,41649.60,100,2378300
20221110,09:56:00,41648.05,475,2378300
20221110,09:56:02,41645.00,500,2378300
20221110,09:56:03,41645.00,100,2378300
20221110,09:56:05,41643.80,250,2378300
20221110,09:56:06,41643.60,75,2378300
20221110,09:56:10,41645.30,25,2378300
20221110,09:56:11,41642.50,350,2378300
20221110,09:56:13,41645.10,600,2378300
20221110,09:56:14,41645.15,350,2378300
20221110,09:56:16,41643.60,425,2378300
20221110,09:56:18,41645.15,50,2378300
20221110,09:56:19,41645.10,100,2378300
20221110,09:56:21,41643.60,100,2378300
20221110,09:56:23,41643.60,200,2378300
20221110,09:56:24,41644.45,150,2378300
20221110,09:56:26,41651.95,425,2378300
20221110,09:56:28,41644.95,100,2378300
20221110,09:56:29,41645.45,100,2378300
20221110,09:56:31,41649.85,25,2378300
20221110,09:56:32,41645.40,150,2378300
20221110,09:56:34,41645.40,200,2378300
20221110,09:56:37,41641.00,75,2373600
20221110,09:56:39,41641.60,475,2373600
20221110,09:56:40,41641.45,125,2373600
20221110,09:56:42,41641.60,50,2373600
20221110,09:56:44,41639.80,3275,2373600
20221110,09:56:45,41639.95,175,2373600
20221110,09:56:47,41639.75,425,2373600
20221110,09:56:49,41637.35,300,2373600
20221110,09:56:50,41635.90,25,2373600
20221110,09:56:52,41632.50,1775,2373600
20221110,09:56:53,41632.55,425,2373600
20221110,09:56:55,41632.95,425,2373600
20221110,09:56:57,41634.40,225,2373600
20221110,09:56:58,41635.00,175,2373600
20221110,09:57:00,41634.30,150,2373600
20221110,09:57:02,41631.00,225,2373600
20221110,09:57:03,41634.10,75,2373600
20221110,09:57:05,41632.20,375,2373600
20221110,09:57:06,41631.00,175,2373600
20221110,09:57:08,41635.00,325,2373600
20221110,09:57:10,41633.45,525,2373600
20221110,09:57:11,41634.45,825,2373600
20221110,09:57:13,41636.90,500,2373600
20221110,09:57:15,41639.80,575,2373600
20221110,09:57:16,41635.95,300,2373600
20221110,09:57:18,41639.95,225,2373600
20221110,09:57:19,41638.85,400,2373600
20221110,09:57:21,41639.05,50,2373600
20221110,09:57:23,41638.30,150,2373600
20221110,09:57:24,41637.65,50,2373600
20221110,09:57:26,41641.65,25,2373600
20221110,09:57:27,41637.60,75,2373600
20221110,09:57:29,41637.60,250,2373600
20221110,09:57:31,41637.55,150,2373600
20221110,09:57:32,41638.00,25,2373600
20221110,09:57:34,41638.05,25,2373600
20221110,09:57:35,41637.45,200,2373600
20221110,09:57:37,41641.55,175,2373600
20221110,09:57:38,41639.85,225,2373600
20221110,09:57:42,41638.00,300,2373600
20221110,09:57:43,41637.75,525,2373600
20221110,09:57:45,41637.85,200,2373600
20221110,09:57:47,41638.50,100,2373600
20221110,09:57:48,41637.30,75,2373600
20221110,09:57:50,41637.55,325,2373600
20221110,09:57:52,41635.00,450,2373600
20221110,09:57:54,41636.85,425,2373600
20221110,09:57:55,41636.95,225,2373600
20221110,09:57:57,41635.05,100,2373600
20221110,09:57:58,41638.55,125,2373600
20221110,09:58:00,41636.00,100,2373600
20221110,09:58:02,41638.00,175,2373600
20221110,09:58:03,41634.75,200,2373600
20221110,09:58:05,41639.95,175,2373600
20221110,09:58:06,41638.00,150,2373600
20221110,09:58:08,41636.95,200,2373600
20221110,09:58:10,41636.70,75,2373600
20221110,09:58:11,41640.00,50,2373600
20221110,09:58:13,41640.00,25,2373600
20221110,09:58:15,41641.50,175,2373600
20221110,09:58:16,41637.85,75,2373600
20221110,09:58:18,41642.50,775,2373600
20221110,09:58:20,41643.45,100,2373600
20221110,09:58:21,41646.85,125,2373600
20221110,09:58:23,41645.00,25,2373600
20221110,09:58:26,41645.00,300,2373600
20221110,09:58:28,41645.00,3700,2373600
20221110,09:58:30,41650.00,875,2373600
20221110,09:58:31,41650.00,150,2373600
20221110,09:58:33,41650.00,125,2373600
20221110,09:58:35,41646.10,300,2373600
20221110,09:58:36,41645.00,100,2373600
20221110,09:58:38,41645.45,150,2373600
20221110,09:58:40,41646.10,100,2373600
20221110,09:58:41,41646.10,25,2373600
20221110,09:58:43,41641.80,75,2373600
20221110,09:58:45,41641.35,75,2373600
20221110,09:58:46,41640.05,75,2373600
20221110,09:58:48,41640.45,125,2373600
20221110,09:58:50,41642.50,125,2373600
20221110,09:58:51,41642.70,25,2373600
20221110,09:58:53,41647.70,100,2373600
20221110,09:58:55,41648.80,100,2373600
20221110,09:58:56,41648.80,325,2373600
20221110,09:58:58,41643.95,100,2373600
20221110,09:58:59,41642.60,25,2373600
20221110,09:59:01,41640.00,700,2373600
20221110,09:59:03,41637.80,825,2373600
20221110,09:59:06,41640.80,175,2373600
20221110,09:59:08,41640.80,125,2373600
20221110,09:59:09,41638.45,125,2373600
20221110,09:59:11,41637.00,50,2373600
20221110,09:59:13,41639.00,300,2373600
20221110,09:59:14,41638.30,425,2373600
20221110,09:59:16,41639.30,175,2373600
20221110,09:59:18,41637.45,150,2373600
20221110,09:59:19,41639.75,100,2373600
20221110,09:59:21,41640.00,25,2373600
20221110,09:59:23,41637.40,75,2373600
20221110,09:59:24,41636.25,150,2373600
20221110,09:59:26,41643.85,250,2373600
20221110,09:59:28,41640.00,2250,2373600
20221110,09:59:29,41640.00,725,2373600
20221110,09:59:31,41639.00,150,2373600
20221110,09:59:32,41640.00,1800,2373600
20221110,09:59:34,41639.60,300,2373600
20221110,09:59:36,41646.40,25,2373600
20221110,09:59:37,41645.40,25,2361850
20221110,09:59:39,41640.10,100,2361850
20221110,09:59:44,41641.45,275,2361850
20221110,09:59:46,41639.30,50,2361850
20221110,09:59:47,41637.20,125,2361850
20221110,09:59:49,41640.40,275,2361850
20221110,09:59:51,41640.40,75,2361850
20221110,09:59:52,41640.00,100,2361850
20221110,09:59:54,41640.90,25,2361850
20221110,09:59:56,41645.05,250,2361850
20221110,09:59:57,41645.10,50,2361850
20221110,09:59:59,41646.60,625,2361850
20221110,10:00:01,41643.45,75,2361850
20221110,10:00:02,41642.30,1025,2361850
20221110,10:00:04,41643.35,700,2361850
20221110,10:00:06,41645.05,1150,2361850
20221110,10:00:07,41648.80,150,2361850
20221110,10:00:09,41646.60,50,2361850
20221110,10:00:11,41642.30,25,2361850
20221110,10:00:12,41644.30,75,2361850
20221110,10:00:14,41645.00,150,2361850
20221110,10:00:16,41644.00,100,2361850
20221110,10:00:17,41645.65,125,2361850
20221110,10:00:19,41644.60,125,2361850
20221110,10:00:20,41647.80,125,2361850
20221110,10:00:22,41644.55,225,2361850
20221110,10:00:24,41644.45,225,2361850
20221110,10:00:25,41643.95,175,2361850
20221110,10:00:27,41648.85,725,2361850
20221110,10:00:29,41647.50,50,2361850
20221110,10:00:30,41649.95,25,2361850
20221110,10:00:32,41649.45,250,2361850
20221110,10:00:33,41646.40,75,2361850
20221110,10:00:35,41648.95,25,2361850
20221110,10:00:37,41646.45,75,2361850
20221110,10:00:38,41649.45,100,2361850
20221110,10:00:42,41651.80,3050,2361850
20221110,10:00:43,41650.60,50,2361850
20221110,10:00:45,41649.55,75,2361850
20221110,10:00:47,41646.50,175,2361850
20221110,10:00:48,41649.45,50,2361850
20221110,10:00:50,41647.80,50,2361850
20221110,10:00:51,41647.65,50,2361850
20221110,10:00:53,41648.80,425,2361850
20221110,10:00:55,41654.75,150,2361850
20221110,10:00:56,41652.85,225,2361850
20221110,10:00:58,41652.10,125,2361850
20221110,10:01:00,41655.20,250,2361850
20221110,10:01:01,41652.20,125,2361850
20221110,10:01:03,41651.55,300,2361850
20221110,10:01:05,41657.15,375,2361850
20221110,10:01:06,41657.15,25,2361850
20221110,10:01:08,41657.05,100,2361850
20221110,10:01:10,41657.15,375,2361850
20221110,10:01:11,41654.55,150,2361850
20221110,10:01:13,41653.85,275,2361850
20221110,10:01:15,41657.05,200,2361850
20221110,10:01:16,41657.15,175,2361850
20221110,10:01:18,41656.15,525,2361850
20221110,10:01:20,41662.80,550,2361850
20221110,10:01:21,41663.70,375,2361850
20221110,10:01:23,41660.35,150,2361850
20221110,10:01:25,41660.00,100,2361850
20221110,10:01:26,41662.40,200,2361850
20221110,10:01:28,41659.60,1325,2361850
20221110,10:01:30,41663.20,275,2361850
20221110,10:01:31,41661.90,175,2361850
20221110,10:01:33,41660.40,75,2361850
20221110,10:01:35,41659.40,300,2361850
20221110,10:01:36,41659.20,375,2361850
20221110,10:01:38,41655.70,275,2361850
20221110,10:01:40,41658.50,150,2361850
20221110,10:01:41,41658.50,175,2361850
20221110,10:01:43,41658.40,125,2361850
20221110,10:01:45,41657.60,625,2361850
20221110,10:01:46,41657.40,275,2361850
20221110,10:01:48,41658.10,975,2361850
20221110,10:01:50,41660.00,400,2361850
20221110,10:01:51,41660.20,25,2361850
20221110,10:01:53,41660.20,75,2361850
20221110,10:01:55,41660.00,50,2361850
20221110,10:01:56,41662.10,275,2361850
20221110,10:01:58,41662.10,75,2361850
20221110,10:02:00,41659.90,200,2361850
20221110,10:02:01,41658.05,250,2361850
20221110,10:02:03,41665.95,600,2361850
20221110,10:02:05,41660.00,1050,2361850
20221110,10:02:06,41661.75,50,2361850
20221110,10:02:08,41660.00,50,2361850
20221110,10:02:11,41664.55,50,2361850
20221110,10:02:13,41665.95,50,2361850
20221110,10:02:15,41661.75,125,2361850
20221110,10:02:17,41664.85,100,2361850
20221110,10:02:18,41662.75,50,2361850
20221110,10:02:20,41660.55,75,2361850
20221110,10:02:21,41661.70,100,2361850
20221110,10:02:23,41661.80,100,2361850
20221110,10:02:25,41661.45,125,2361850
20221110,10:02:28,41664.85,150,2361850
20221110,10:02:30,41662.85,150,2361850
20221110,10:02:31,41674.80,1650,2361850
20221110,10:02:33,41665.80,425,2361850
20221110,10:02:35,41667.05,300,2361850
20221110,10:02:36,41664.45,125,2361850
20221110,10:02:38,41667.05,75,2369050
20221110,10:02:41,41662.20,1050,2369050
20221110,10:02:43,41666.15,150,2369050
20221110,10:02:44,41664.20,25,2369050
20221110,10:02:46,41665.15,25,2369050
20221110,10:02:48,41665.15,25,2369050
20221110,10:02:49,41667.85,225,2369050
20221110,10:02:51,41667.75,50,2369050
20221110,10:02:52,41666.05,250,2369050
20221110,10:02:54,41667.15,100,2369050
20221110,10:02:56,41665.70,325,2369050
20221110,10:02:57,41665.65,175,2369050
20221110,10:02:59,41667.25,150,2369050
20221110,10:03:00,41664.20,200,2369050
20221110,10:03:02,41664.15,400,2369050
20221110,10:03:04,41666.45,100,2369050
20221110,10:03:05,41666.05,225,2369050
20221110,10:03:07,41666.75,200,2369050
20221110,10:03:08,41665.45,175,2369050
20221110,10:03:12,41668.25,50,2369050
20221110,10:03:13,41667.35,100,2369050
20221110,10:03:15,41664.65,125,2369050
20221110,10:03:17,41664.05,250,2369050
20221110,10:03:18,41663.75,100,2369050
20221110,10:03:20,41661.45,150,2369050
20221110,10:03:21,41666.05,650,2369050
20221110,10:03:23,41664.95,50,2369050
20221110,10:03:25,41667.00,350,2369050
20221110,10:03:26,41669.35,525,2369050
20221110,10:03:28,41668.15,150,2369050
20221110,10:03:30,41671.60,200,2369050
20221110,10:03:31,41668.90,150,2369050
20221110,10:03:33,41671.05,50,2369050
20221110,10:03:35,41670.70,150,2369050
20221110,10:03:36,41671.45,300,2369050
20221110,10:03:38,41675.00,450,2369050
20221110,10:03:39,41678.65,1300,2369050
20221110,10:03:41,41678.00,200,2369050
20221110,10:03:43,41676.70,300,2369050
20221110,10:03:44,41684.75,600,2369050
20221110,10:03:46,41684.75,250,2369050
20221110,10:03:48,41680.30,675,2369050
20221110,10:03:49,41686.00,925,2369050
20221110,10:03:51,41685.05,25,2369050
20221110,10:03:52,41689.20,375,2369050
20221110,10:03:54,41684.90,425,2369050
20221110,10:03:56,41682.50,125,2369050
20221110,10:03:57,41683.20,250,2369050
20221110,10:03:59,41683.70,125,2369050
20221110,10:04:01,41678.55,200,2369050
20221110,10:04:02,41682.60,250,2369050
20221110,10:04:04,41682.60,125,2369050
20221110,10:04:05,41684.10,550,2369050
20221110,10:04:07,41681.00,350,2369050
20221110,10:04:09,41682.70,250,2369050
20221110,10:04:10,41684.85,250,2369050
20221110,10:04:12,41684.45,75,2369050
20221110,10:04:14,41683.00,600,2369050
20221110,10:04:15,41684.95,50,2369050
20221110,10:04:19,41684.70,925,2369050
20221110,10:04:20,41684.30,250,2369050
20221110,10:04:22,41681.00,50,2369050
20221110,10:04:23,41684.30,75,2369050
20221110,10:04:25,41684.85,325,2369050
20221110,10:04:27,41680.40,425,2369050
20221110,10:04:29,41680.00,525,2369050
20221110,10:04:30,41679.00,475,2369050
20221110,10:04:32,41676.85,150,2369050
20221110,10:04:33,41676.20,200,2369050
20221110,10:04:35,41676.00,225,2369050
20221110,10:04:37,41674.65,300,2369050
20221110,10:04:38,41675.85,150,2369050
20221110,10:04:40,41672.00,250,2369050
20221110,10:04:42,41676.90,225,2369050
20221110,10:04:43,41674.00,25,2369050
20221110,10:04:45,41676.35,125,2369050
20221110,10:04:47,41676.30,25,2369050
20221110,10:04:48,41678.30,200,2369050
20221110,10:04:50,41676.30,25,2369050
20221110,10:04:52,41676.20,125,2369050
20221110,10:04:53,41678.70,75,2369050
20221110,10:04:55,41677.25,3350,2369050
20221110,10:04:57,41676.10,100,2369050
20221110,10:04:58,41675.45,125,2369050
20221110,10:05:02,41678.05,425,2369050
20221110,10:05:03,41678.45,225,2369050
20221110,10:05:05,41683.70,125,2369050
20221110,10:05:07,41682.90,525,2369050
20221110,10:05:08,41682.15,200,2369050
20221110,10:05:10,41682.85,225,2369050
20221110,10:05:12,41683.85,125,2369050
20221110,10:05:13,41680.20,250,2369050
20221110,10:05:15,41681.50,100,2369050
20221110,10:05:17,41685.00,400,2369050
20221110,10:05:18,41684.00,125,2369050
20221110,10:05:20,41685.00,50,2369050
20221110,10:05:22,41686.15,150,2369050
20221110,10:05:23,41692.00,400,2369050
20221110,10:05:25,41694.00,100,2369050
20221110,10:05:27,41695.10,1100,2369050
20221110,10:05:28,41694.20,50,2369050
20221110,10:05:30,41690.00,225,2369050
20221110,10:05:32,41694.40,175,2369050
20221110,10:05:33,41691.60,25,2369050
20221110,10:05:35,41689.05,175,2369050
20221110,10:05:37,41686.80,150,2369050
20221110,10:05:38,41685.95,50,2369050
20221110,10:05:40,41685.05,75,2375625
20221110,10:05:42,41685.50,100,2375625
20221110,10:05:43,41684.00,25,2375625
20221110,10:05:45,41680.00,100,2375625
20221110,10:05:47,41684.20,175,2375625
20221110,10:05:48,41681.40,25,2375625
20221110,10:05:50,41684.00,75,2375625
20221110,10:05:52,41680.80,125,2375625
20221110,10:05:53,41680.15,250,2375625
20221110,10:05:55,41685.20,25,2375625
20221110,10:05:57,41682.60,150,2375625
20221110,10:06:01,41685.20,75,2375625
20221110,10:06:03,41685.15,25,2375625
20221110,10:06:05,41687.40,25,2375625
20221110,10:06:06,41687.55,200,2375625
20221110,10:06:08,41687.90,200,2375625
20221110,10:06:10,41690.00,75,2375625
20221110,10:06:11,41690.10,150,2375625
20221110,10:06:13,41690.40,50,2375625
20221110,10:06:15,41686.90,125,2375625
20221110,10:06:16,41686.75,75,2375625
20221110,10:06:18,41688.60,75,2375625
20221110,10:06:20,41691.80,525,2375625
20221110,10:06:21,41692.95,25,2375625
20221110,10:06:23,41692.95,25,2375625
20221110,10:06:25,41685.95,75,2375625
20221110,10:06:26,41689.05,125,2375625
20221110,10:06:28,41688.00,25,2375625
20221110,10:06:30,41690.00,250,2375625
20221110,10:06:33,41689.00,25,2375625
20221110,10:06:35,41691.00,125,2375625
20221110,10:06:36,41687.85,100,2375625
20221110,10:06:38,41691.60,25,2375625
20221110,10:06:39,41694.00,50,2375625
20221110,10:06:41,41690.05,175,2375625
20221110,10:06:43,41690.00,225,2375625
20221110,10:06:44,41691.00,25,2375625
20221110,10:06:46,41688.90,50,2375625
20221110,10:06:48,41692.30,50,2375625
20221110,10:06:49,41690.00,250,2375625
20221110,10:06:51,41691.05,100,2375625
20221110,10:06:53,41693.10,300,2375625
20221110,10:06:54,41691.15,300,2375625
20221110,10:06:58,41693.85,50,2375625
20221110,10:06:59,41693.10,25,2375625
20221110,10:07:01,41694.45,150,2375625
20221110,10:07:03,41691.95,400,2375625
20221110,10:07:04,41690.85,325,2375625
20221110,10:07:08,41692.00,50,2375625
20221110,10:07:09,41693.95,75,2375625
20221110,10:07:11,41693.75,425,2375625
20221110,10:07:12,41690.20,125,2375625
20221110,10:07:14,41693.85,75,2375625
20221110,10:07:16,41694.00,50,2375625
20221110,10:07:17,41696.30,325,2375625
20221110,10:07:19,41697.00,150,2375625
20221110,10:07:21,41696.25,225,2375625
20221110,10:07:22,41698.00,100,2375625
20221110,10:07:24,41699.00,1100,2375625
20221110,10:07:25,41698.30,225,2375625
20221110,10:07:27,41693.00,25,2375625
20221110,10:07:29,41685.10,925,2375625
20221110,10:07:32,41686.15,700,2375625
20221110,10:07:35,41686.35,50,2375625
20221110,10:07:37,41686.35,525,2375625
20221110,10:07:39,41691.65,325,2375625
20221110,10:07:40,41691.25,150,2375625
20221110,10:07:42,41688.15,50,2375625
20221110,10:07:44,41688.15,25,2375625
20221110,10:07:45,41689.45,125,2375625
20221110,10:07:47,41688.15,300,2375625
20221110,10:07:49,41685.75,825,2375625
20221110,10:07:50,41687.45,125,2375625
20221110,10:07:52,41684.90,50,2375625
20221110,10:07:54,41686.25,25,2375625
20221110,10:07:55,41682.45,75,2375625
20221110,10:07:57,41680.00,200,2375625
20221110,10:07:59,41679.95,25,2375625
20221110,10:08:00,41677.15,400,2375625
20221110,10:08:02,41679.95,25,2375625
20221110,10:08:03,41679.95,50,2375625
20221110,10:08:05,41677.00,150,2375625
20221110,10:08:07,41672.00,25,2375625
20221110,10:08:10,41672.35,125,2375625
20221110,10:08:12,41671.05,125,2375625
20221110,10:08:13,41675.85,25,2375625
20221110,10:08:15,41672.65,25,2375625
20221110,10:08:20,41671.45,25,2375625
20221110,10:08:23,41671.85,50,2375625
20221110,10:08:25,41671.90,575,2375625
20221110,10:08:26,41675.75,25,2375625
20221110,10:08:28,41671.00,150,2375625
20221110,10:08:30,41675.25,75,2375625
20221110,10:08:31,41673.15,50,2375625
20221110,10:08:33,41673.10,50,2375625
20221110,10:08:34,41673.40,50,2375625
20221110,10:08:36,41672.75,100,2375625
20221110,10:08:38,41677.55,350,2375625
20221110,10:08:39,41673.70,50,2380150
20221110,10:08:41,41677.55,25,2380150
20221110,10:08:46,41677.55,100,2380150
20221110,10:08:47,41675.00,25,2380150
20221110,10:08:49,41674.60,75,2380150
20221110,10:08:51,41675.55,150,2380150
20221110,10:08:54,41675.30,50,2380150
20221110,10:08:56,41675.00,25,2380150
20221110,10:08:57,41674.00,25,2380150
20221110,10:08:59,41675.00,225,2380150
20221110,10:09:01,41672.25,175,2380150
20221110,10:09:02,41670.00,625,2380150
20221110,10:09:04,41672.25,825,2380150
20221110,10:09:07,41665.00,200,2380150
20221110,10:09:09,41667.65,50,2380150
20221110,10:09:11,41663.60,300,2380150
20221110,10:09:12,41668.00,75,2380150
20221110,10:09:14,41666.90,50,2380150
20221110,10:09:16,41661.10,650,2380150
20221110,10:09:17,41660.00,100,2380150
20221110,10:09:19,41661.80,250,2380150
20221110,10:09:22,41658.50,750,2380150
20221110,10:09:24,41656.65,200,2380150
20221110,10:09:26,41659.90,125,2380150
20221110,10:09:27,41660.15,125,2380150
20221110,10:09:29,41660.70,100,2380150
20221110,10:09:34,41659.75,250,2380150
20221110,10:09:35,41658.55,50,2380150
20221110,10:09:42,41659.90,150,2380150
20221110,10:09:43,41659.60,375,2380150
20221110,10:09:45,41659.20,125,2380150
20221110,10:09:47,41659.90,175,2380150
20221110,10:09:48,41664.35,200,2380150
20221110,10:09:50,41664.10,50,2380150
20221110,10:09:52,41662.70,225,2380150
20221110,10:09:53,41660.60,100,2380150
20221110,10:09:55,41660.65,75,2380150
20221110,10:09:57,41661.05,150,2380150
20221110,10:09:58,41660.75,100,2380150
20221110,10:10:00,41659.80,100,2380150
20221110,10:10:02,41659.60,300,2380150
20221110,10:10:03,41660.40,100,2380150
20221110,10:10:05,41658.30,150,2380150
20221110,10:10:07,41660.00,175,2380150
20221110,10:10:08,41661.95,275,2380150
20221110,10:10:10,41663.70,50,2380150
20221110,10:10:12,41661.95,50,2380150
20221110,10:10:15,41659.55,25,2380150
20221110,10:10:17,41661.95,800,2380150
20221110,10:10:20,41658.35,125,2380150
20221110,10:10:22,41658.35,25,2380150
20221110,10:10:23,41659.55,225,2380150
20221110,10:10:25,41658.35,50,2380150
20221110,10:10:27,41667.55,800,2380150
20221110,10:10:28,41660.35,25,2380150
20221110,10:10:32,41661.95,50,2380150
20221110,10:10:33,41666.45,75,2380150
20221110,10:10:36,41661.60,100,2380150
20221110,10:10:38,41663.75,25,2380150
20221110,10:10:40,41659.55,75,2380150
20221110,10:10:41,41658.75,75,2380150
20221110,10:10:43,41659.50,25,2380150
20221110,10:10:44,41662.30,25,2380150
20221110,10:10:46,41660.75,25,2380150
20221110,10:10:48,41662.30,25,2380150
20221110,10:10:49,41661.55,50,2380150
20221110,10:10:51,41659.65,200,2380150
20221110,10:10:53,41659.90,175,2380150
20221110,10:10:54,41660.55,25,2380150
20221110,10:10:56,41665.55,25,2380150
20221110,10:11:00,41661.85,275,2380150
20221110,10:11:02,41662.05,50,2380150
20221110,10:11:05,41672.85,100,2380150
20221110,10:11:09,41673.95,50,2380150
20221110,10:11:11,41670.95,25,2380150
20221110,10:11:14,41670.80,25,2380150
20221110,10:11:16,41670.80,75,2380150
20221110,10:11:19,41672.60,175,2380150
20221110,10:11:20,41670.05,250,2380150
20221110,10:11:24,41676.35,75,2380150
20221110,10:11:27,41670.00,50,2380150
20221110,10:11:37,41672.20,175,2380150
20221110,10:11:38,41673.75,25,2380150
20221110,10:11:43,41675.25,50,2379700
20221110,10:11:45,41675.70,100,2379700
20221110,10:11:47,41676.20,25,2379700
20221110,10:11:48,41675.00,25,2379700
20221110,10:11:50,41673.20,75,2379700
20221110,10:11:52,41671.70,25,2379700
20221110,10:11:53,41673.50,25,2379700
20221110,10:12:03,41676.75,75,2379700
20221110,10:12:05,41680.00,50,2379700
20221110,10:12:07,41680.00,100,2379700
20221110,10:12:08,41682.00,925,2379700
20221110,10:12:10,41681.80,125,2379700
20221110,10:12:13,41682.00,25,2379700
20221110,10:12:17,41684.45,325,2379700
20221110,10:12:18,41684.80,25,2379700
20221110,10:12:20,41682.00,25,2379700
20221110,10:12:23,41676.00,50,2379700
20221110,10:12:27,41680.00,25,2379700
20221110,10:12:32,41676.05,75,2379700
20221110,10:12:35,41676.45,25,2379700
20221110,10:12:39,41682.00,75,2379700
20221110,10:12:41,41682.20,50,2379700
20221110,10:12:43,41677.40,25,2379700
20221110,10:12:48,41679.50,50,2379700
20221110,10:12:51,41676.00,200,2379700
20221110,10:12:53,41676.50,350,2379700
20221110,10:12:56,41676.00,25,2379700
20221110,10:12:57,41675.00,25,2379700
20221110,10:13:01,41676.10,25,2379700
20221110,10:13:02,41673.00,75,2379700
20221110,10:13:04,41672.60,75,2379700
20221110,10:13:09,41672.95,100,2379700
20221110,10:13:10,41672.95,25,2379700
20221110,10:13:12,41670.00,100,2379700
20221110,10:13:14,41668.75,50,2379700
20221110,10:13:15,41672.95,100,2379700
20221110,10:13:19,41671.65,25,2379700
20221110,10:13:20,41669.40,50,2379700
20221110,10:13:22,41665.00,75,2379700
20221110,10:13:28,41665.80,50,2379700
20221110,10:13:30,41663.15,25,2379700
20221110,10:13:32,41665.40,100,2379700
20221110,10:13:35,41664.20,150,2379700
20221110,10:13:40,41668.00,25,2379700
20221110,10:13:41,41666.00,25,2379700
20221110,10:13:43,41668.00,225,2379700
20221110,10:13:45,41671.30,50,2379700
20221110,10:13:46,41670.80,650,2379700
20221110,10:13:50,41669.05,50,2379700
20221110,10:13:53,41668.20,100,2379700
20221110,10:13:58,41672.00,50,2379700
20221110,10:14:00,41672.95,50,2379700
20221110,10:14:01,41675.00,225,2379700
20221110,10:14:03,41672.00,25,2379700
20221110,10:14:08,41673.50,125,2379700
20221110,10:14:11,41673.20,50,2379700
20221110,10:14:13,41673.40,25,2379700
20221110,10:14:15,41674.30,275,2379700
20221110,10:14:18,41674.70,50,2379700
20221110,10:14:21,41670.00,25,2379700
20221110,10:14:23,41672.00,300,2379700
20221110,10:14:24,41666.40,50,2379700
20221110,10:14:26,41668.15,50,2379700
20221110,10:14:28,41666.10,75,2379700
20221110,10:14:29,41665.85,25,2379700
20221110,10:14:31,41668.15,75,2379700
20221110,10:14:33,41668.15,400,2379700
20221110,10:14:38,41668.45,25,2379700
20221110,10:14:39,41666.75,125,2379700
20221110,10:14:44,41666.00,50,2376300
20221110,10:14:46,41665.90,75,2376300
20221110,10:14:47,41666.75,50,2376300
20221110,10:14:52,41665.95,25,2376300
20221110,10:14:54,41665.60,25,2376300
20221110,10:14:57,41665.60,50,2376300
20221110,10:14:59,41665.85,25,2376300
20221110,10:15:00,41664.20,175,2376300
20221110,10:15:02,41660.55,150,2376300
20221110,10:15:04,41665.15,150,2376300
20221110,10:15:05,41664.65,75,2376300
20221110,10:15:07,41659.70,775,2376300
20221110,10:15:09,41658.80,75,2376300
20221110,10:15:10,41658.65,150,2376300
20221110,10:15:12,41659.10,175,2376300
20221110,10:15:14,41658.70,125,2376300
20221110,10:15:15,41660.60,25,2376300
20221110,10:15:17,41658.80,25,2376300
20221110,10:15:20,41658.70,200,2376300
20221110,10:15:22,41659.70,100,2376300
20221110,10:15:23,41659.40,575,2376300
20221110,10:15:27,41659.65,50,2376300
20221110,10:15:28,41661.85,50,2376300
20221110,10:15:30,41664.55,50,2376300
20221110,10:15:32,41663.85,75,2376300
20221110,10:15:33,41665.15,25,2376300
20221110,10:15:35,41667.95,50,2376300
20221110,10:15:38,41667.55,150,2376300
20221110,10:15:43,41668.00,25,2376300
20221110,10:15:48,41667.70,75,2376300
20221110,10:15:49,41669.00,175,2376300
20221110,10:15:51,41669.05,125,2376300
20221110,10:15:54,41670.00,200,2376300
20221110,10:15:56,41672.35,100,2376300
20221110,10:15:57,41670.75,25,2376300
20221110,10:15:59,41670.70,50,2376300
20221110,10:16:01,41672.25,125,2376300
20221110,10:16:02,41672.15,100,2376300
20221110,10:16:04,41672.60,50,2376300
20221110,10:16:06,41670.80,100,2376300
20221110,10:16:07,41670.45,50,2376300
20221110,10:16:11,41664.15,250,2376300
20221110,10:16:14,41667.55,25,2376300
20221110,10:16:17,41661.90,950,2376300
20221110,10:16:19,41664.15,25,2376300
20221110,10:16:21,41662.80,75,2376300
20221110,10:16:22,41662.75,25,2376300
20221110,10:16:24,41661.35,75,2376300
20221110,10:16:25,41663.45,25,2376300
20221110,10:16:27,41668.70,600,2376300
20221110,10:16:29,41665.75,150,2376300
20221110,10:16:30,41670.45,275,2376300
20221110,10:16:32,41670.45,275,2376300
20221110,10:16:35,41665.55,550,2376300
20221110,10:16:37,41665.00,50,2376300
20221110,10:16:39,41666.25,575,2376300
20221110,10:16:42,41665.15,25,2376300
20221110,10:16:44,41666.75,25,2376300
20221110,10:16:47,41665.55,50,2376300
20221110,10:16:49,41665.05,25,2376300
20221110,10:16:50,41670.70,150,2376300
20221110,10:16:52,41670.00,75,2376300
20221110,10:16:57,41669.70,100,2376300
20221110,10:16:59,41667.55,25,2376300
20221110,10:17:00,41670.75,25,2376300
20221110,10:17:04,41670.00,25,2376300
20221110,10:17:05,41671.55,25,2376300
20221110,10:17:07,41669.95,50,2376300
20221110,10:17:13,41669.10,75,2376300
20221110,10:17:22,41675.00,550,2376300
20221110,10:17:23,41672.45,1475,2376300
20221110,10:17:25,41672.60,525,2376300
20221110,10:17:27,41670.00,300,2376300
20221110,10:17:28,41672.50,500,2376300
20221110,10:17:30,41672.50,50,2376300
20221110,10:17:31,41672.60,25,2376300
20221110,10:17:35,41670.10,50,2376300
20221110,10:17:36,41672.15,50,2376300
20221110,10:17:38,41670.10,250,2376300
20221110,10:17:43,41672.15,100,2381450
20221110,10:17:44,41673.15,25,2381450
20221110,10:17:46,41676.40,75,2381450
20221110,10:17:48,41672.75,650,2381450
20221110,10:17:51,41670.00,1200,2381450
20221110,10:17:56,41673.55,50,2381450
20221110,10:17:58,41669.10,25,2381450
20221110,10:17:59,41673.35,25,2381450
20221110,10:18:03,41673.35,100,2381450
20221110,10:18:04,41670.65,25,2381450
20221110,10:18:06,41670.00,100,2381450
20221110,10:18:08,41674.25,100,2381450
20221110,10:18:09,41675.00,800,2381450
20221110,10:18:11,41670.90,75,2381450
20221110,10:18:12,41675.05,500,2381450
20221110,10:18:16,41673.60,1050,2381450
20221110,10:18:17,41670.00,50,2381450
20221110,10:18:19,41670.00,750,2381450
20221110,10:18:25,41672.00,175,2381450
20221110,10:18:27,41672.00,400,2381450
20221110,10:18:29,41672.00,25,2381450
20221110,10:18:30,41672.00,500,2381450
20221110,10:18:32,41670.00,125,2381450
20221110,10:18:33,41672.00,25,2381450
20221110,10:18:35,41675.00,900,2381450
20221110,10:18:36,41672.25,75,2381450
20221110,10:18:38,41672.20,75,2381450
20221110,10:18:40,41671.40,50,2381450
20221110,10:18:43,41675.00,1025,2381450
20221110,10:18:46,41670.75,25,2381450
20221110,10:18:48,41670.00,25,2381450
20221110,10:18:52,41670.00,25,2381450
20221110,10:18:57,41669.00,1775,2381450
20221110,10:19:01,41666.85,150,2381450
20221110,10:19:04,41665.30,125,2381450
20221110,10:19:06,41665.80,150,2381450
20221110,10:19:07,41667.00,75,2381450
20221110,10:19:12,41669.45,25,2381450
20221110,10:19:14,41670.00,50,2381450
20221110,10:19:20,41670.40,200,2381450
20221110,10:19:22,41670.65,50,2381450
20221110,10:19:24,41673.05,25,2381450
20221110,10:19:25,41676.00,175,2381450
20221110,10:19:30,41680.05,650,2381450
20221110,10:19:32,41677.10,50,2381450
20221110,10:19:33,41677.10,50,2381450
20221110,10:19:35,41675.10,50,2381450
20221110,10:19:38,41675.10,50,2381450
20221110,10:19:40,41678.60,100,2381450
20221110,10:19:42,41676.50,50,2381450
20221110,10:19:45,41676.85,75,2381450
20221110,10:19:48,41682.80,275,2381450
20221110,10:19:50,41677.10,100,2381450
20221110,10:19:51,41679.50,25,2381450
20221110,10:19:53,41679.20,25,2381450
20221110,10:19:56,41679.20,25,2381450
20221110,10:19:58,41679.20,50,2381450
20221110,10:20:01,41679.20,175,2381450
20221110,10:20:02,41679.20,25,2381450
20221110,10:20:07,41680.50,150,2381450
20221110,10:20:09,41675.80,525,2381450
20221110,10:20:10,41675.10,125,2381450
20221110,10:20:12,41675.65,150,2381450
20221110,10:20:14,41676.90,75,2381450
20221110,10:20:17,41682.45,175,2381450
20221110,10:20:19,41682.45,100,2381450
20221110,10:20:20,41682.45,50,2381450
20221110,10:20:22,41681.05,100,2381450
20221110,10:20:23,41681.85,325,2381450
20221110,10:20:25,41680.40,725,2381450
20221110,10:20:28,41678.50,250,2381450
20221110,10:20:30,41681.00,25,2381450
20221110,10:20:32,41678.10,25,2381450
20221110,10:20:33,41682.45,125,2381450
20221110,10:20:35,41682.10,575,2381450
20221110,10:20:38,41681.80,275,2381450
20221110,10:20:40,41682.90,75,2381450
20221110,10:20:41,41680.55,1250,2392400
20221110,10:20:43,41683.45,250,2392400
20221110,10:20:45,41683.25,1425,2392400
20221110,10:20:46,41688.00,25,2392400
20221110,10:20:48,41686.00,50,2392400
20221110,10:20:50,41690.00,875,2392400
20221110,10:20:51,41686.40,150,2392400
20221110,10:20:53,41686.40,25,2392400
20221110,10:20:55,41690.95,25,2392400
20221110,10:20:56,41690.45,250,2392400
20221110,10:20:58,41688.55,100,2392400
20221110,10:20:59,41688.55,525,2392400
20221110,10:21:01,41685.00,875,2392400
20221110,10:21:03,41683.75,900,2392400
20221110,10:21:04,41688.20,100,2392400
20221110,10:21:06,41689.10,100,2392400
20221110,10:21:08,41689.50,50,2392400
20221110,10:21:09,41689.50,50,2392400
20221110,10:21:11,41686.00,25,2392400
20221110,10:21:12,41688.30,25,2392400
20221110,10:21:14,41682.85,1400,2392400
20221110,10:21:16,41684.50,275,2392400
20221110,10:21:19,41688.00,50,2392400
20221110,10:21:21,41689.00,100,2392400
20221110,10:21:22,41689.00,25,2392400
20221110,10:21:24,41690.00,75,2392400
20221110,10:21:26,41689.50,50,2392400
20221110,10:21:27,41689.35,25,2392400
20221110,10:21:31,41689.00,100,2392400
20221110,10:21:32,41690.95,25,2392400
20221110,10:21:34,41690.95,50,2392400
20221110,10:21:37,41687.60,50,2392400
20221110,10:21:38,41690.25,50,2392400
20221110,10:21:40,41689.95,50,2392400
20221110,10:21:42,41685.00,25,2392400
20221110,10:21:43,41687.35,25,2392400
20221110,10:21:47,41683.85,50,2392400
20221110,10:21:48,41688.65,100,2392400
20221110,10:21:51,41682.85,100,2392400
20221110,10:21:53,41682.00,75,2392400
20221110,10:21:55,41684.25,100,2392400
20221110,10:21:56,41682.00,25,2392400
20221110,10:22:01,41681.00,25,2392400
20221110,10:22:03,41680.05,75,2392400
20221110,10:22:06,41684.75,125,2392400
20221110,10:22:07,41681.00,25,2392400
20221110,10:22:09,41680.05,25,2392400
20221110,10:22:11,41683.00,25,2392400
20221110,10:22:12,41682.05,100,2392400
20221110,10:22:15,41686.55,150,2392400
20221110,10:22:19,41687.45,100,2392400
20221110,10:22:20,41687.65,100,2392400
20221110,10:22:22,41685.45,25,2392400
20221110,10:22:25,41685.45,50,2392400
20221110,10:22:27,41683.35,25,2392400
20221110,10:22:28,41685.45,50,2392400
20221110,10:22:32,41682.65,150,2392400
20221110,10:22:33,41680.00,200,2392400
20221110,10:22:35,41679.20,25,2392400
20221110,10:22:36,41678.10,500,2392400
20221110,10:22:38,41675.00,1050,2392400
20221110,10:22:40,41673.80,50,2392400
20221110,10:22:41,41672.00,75,2392400
20221110,10:22:43,41675.00,75,2392400
20221110,10:22:46,41673.10,100,2392400
20221110,10:22:48,41673.15,25,2392400
20221110,10:22:51,41669.20,1575,2392400
20221110,10:22:55,41666.05,150,2392400
20221110,10:22:56,41670.10,1075,2392400
20221110,10:22:58,41668.85,300,2392400
20221110,10:23:00,41667.70,375,2392400
20221110,10:23:01,41669.10,175,2392400
20221110,10:23:03,41667.85,100,2392400
20221110,10:23:05,41670.00,800,2392400
20221110,10:23:09,41667.65,100,2392400
20221110,10:23:11,41666.40,75,2392400
20221110,10:23:13,41666.65,100,2392400
20221110,10:23:14,41666.85,25,2392400
20221110,10:23:16,41667.70,825,2392400
20221110,10:23:19,41666.30,25,2392400
20221110,10:23:21,41665.10,400,2392400
20221110,10:23:22,41666.90,75,2392400
20221110,10:23:24,41670.00,800,2392400
20221110,10:23:27,41669.55,50,2392400
20221110,10:23:32,41664.85,625,2392400
20221110,10:23:34,41664.80,50,2392400
20221110,10:23:35,41665.10,450,2392400
20221110,10:23:37,41665.10,25,2392400
20221110,10:23:39,41664.95,400,2392400
20221110,10:23:40,41662.10,425,2392400
20221110,10:23:44,41661.20,200,2402925
20221110,10:23:45,41661.60,25,2402925
20221110,10:23:47,41663.50,50,2402925
20221110,10:23:49,41664.70,50,2402925
20221110,10:23:53,41662.90,50,2402925
20221110,10:23:55,41662.60,50,2402925
20221110,10:23:57,41661.40,225,2402925
20221110,10:24:00,41662.40,775,2402925
20221110,10:24:02,41662.70,25,2402925
20221110,10:24:03,41662.45,75,2402925
20221110,10:24:05,41661.15,375,2402925
20221110,10:24:07,41662.40,25,2402925
20221110,10:24:08,41661.75,275,2402925
20221110,10:24:10,41665.00,75,2402925
20221110,10:24:13,41665.00,275,2402925
20221110,10:24:15,41665.15,1175,2402925
20221110,10:24:17,41665.15,75,2402925
20221110,10:24:18,41668.00,25,2402925
20221110,10:24:20,41667.00,50,2402925
20221110,10:24:22,41664.70,200,2402925
20221110,10:24:27,41664.80,50,2402925
20221110,10:24:28,41660.00,375,2402925
20221110,10:24:30,41659.30,75,2402925
20221110,10:24:32,41658.35,225,2402925
20221110,10:24:35,41660.00,25,2402925
20221110,10:24:36,41658.40,100,2402925
20221110,10:24:38,41658.35,50,2402925
20221110,10:24:40,41658.60,350,2402925
20221110,10:24:43,41660.00,25,2402925
20221110,10:24:44,41658.00,25,2402925
20221110,10:24:46,41660.00,50,2402925
20221110,10:24:48,41659.20,50,2402925
20221110,10:24:49,41660.00,25,2402925
20221110,10:24:51,41660.00,25,2402925
20221110,10:24:53,41659.55,75,2402925
20221110,10:24:54,41658.40,25,2402925
20221110,10:24:56,41659.80,75,2402925
20221110,10:24:57,41661.05,150,2402925
20221110,10:24:59,41661.90,75,2402925
20221110,10:25:07,41660.05,175,2402925
20221110,10:25:09,41660.00,25,2402925
20221110,10:25:10,41658.75,250,2402925
20221110,10:25:12,41658.00,75,2402925
20221110,10:25:15,41660.00,50,2402925
20221110,10:25:17,41658.00,25,2402925
20221110,10:25:20,41658.20,250,2402925
20221110,10:25:21,41658.35,50,2402925
20221110,10:25:24,41659.80,50,2402925
20221110,10:25:26,41660.00,50,2402925
20221110,10:25:27,41660.00,825,2402925
20221110,10:25:29,41660.15,50,2402925
20221110,10:25:30,41658.20,50,2402925
20221110,10:25:32,41660.00,25,2402925
20221110,10:25:34,41655.35,250,2402925
20221110,10:25:35,41655.45,75,2402925
20221110,10:25:37,41655.00,25,2402925
20221110,10:25:40,41655.00,25,2402925
20221110,10:25:42,41658.75,100,2402925
20221110,10:25:43,41657.75,25,2402925
20221110,10:25:45,41659.80,50,2402925
20221110,10:25:47,41657.20,75,2402925
20221110,10:25:52,41656.10,25,2402925
20221110,10:25:57,41658.90,125,2402925
20221110,10:25:58,41659.55,1075,2402925
20221110,10:26:01,41660.00,325,2402925
20221110,10:26:03,41658.90,50,2402925
20221110,10:26:05,41658.00,850,2402925
20221110,10:26:06,41657.85,500,2402925
20221110,10:26:08,41659.95,175,2402925
20221110,10:26:10,41659.90,25,2402925
20221110,10:26:11,41660.00,75,2402925
20221110,10:26:13,41660.00,200,2402925
20221110,10:26:14,41659.15,25,2402925
20221110,10:26:19,41658.60,25,2402925
20221110,10:26:27,41660.60,875,2402925
20221110,10:26:29,41660.00,975,2402925
20221110,10:26:40,41660.00,100,2402925
20221110,10:26:44,41660.00,25,2400275
20221110,10:26:45,41659.00,100,2400275
20221110,10:26:47,41658.60,25,2400275
20221110,10:26:49,41659.80,50,2400275
20221110,10:26:50,41658.60,50,2400275
20221110,10:26:53,41658.00,50,2400275
20221110,10:26:55,41658.45,25,2400275
20221110,10:26:57,41658.00,50,2400275
20221110,10:27:00,41657.85,400,2400275
20221110,10:27:01,41655.30,100,2400275
20221110,10:27:03,41655.30,50,2400275
20221110,10:27:06,41656.25,25,2400275
20221110,10:27:08,41656.75,25,2400275
20221110,10:27:10,41655.00,1400,2400275
20221110,10:27:13,41652.65,150,2400275
20221110,10:27:15,41650.40,575,2400275
20221110,10:27:16,41648.00,1325,2400275
20221110,10:27:18,41643.65,525,2400275
20221110,10:27:20,41644.60,100,2400275
20221110,10:27:21,41642.00,25,2400275
20221110,10:27:23,41644.60,225,2400275
20221110,10:27:25,41646.40,275,2400275
20221110,10:27:26,41647.55,50,2400275
20221110,10:27:28,41646.15,50,2400275
20221110,10:27:31,41647.35,50,2400275
20221110,10:27:33,41645.35,150,2400275
20221110,10:27:34,41649.75,125,2400275
20221110,10:27:36,41645.90,350,2400275
20221110,10:27:38,41646.60,25,2400275
20221110,10:27:41,41645.55,25,2400275
20221110,10:27:42,41648.00,25,2400275
20221110,10:27:44,41652.95,250,2400275
20221110,10:27:47,41652.95,75,2400275
20221110,10:27:50,41648.20,25,2400275
20221110,10:27:52,41647.15,50,2400275
20221110,10:27:54,41651.65,25,2400275
20221110,10:27:57,41654.95,150,2400275
20221110,10:28:00,41655.25,25,2400275
20221110,10:28:02,41651.05,50,2400275
20221110,10:28:03,41648.50,275,2400275
20221110,10:28:05,41649.05,75,2400275
20221110,10:28:07,41648.95,50,2400275
20221110,10:28:08,41651.60,100,2400275
20221110,10:28:10,41656.45,75,2400275
20221110,10:28:11,41660.00,100,2400275
20221110,10:28:13,41660.00,725,2400275
20221110,10:28:15,41664.95,550,2400275
20221110,10:28:18,41663.55,225,2400275
20221110,10:28:20,41659.80,25,2400275
20221110,10:28:21,41664.55,25,2400275
20221110,10:28:24,41658.00,25,2400275
20221110,10:28:31,41664.75,75,2400275
20221110,10:28:32,41664.75,25,2400275
20221110,10:28:34,41664.75,50,2400275
20221110,10:28:35,41660.40,25,2400275
20221110,10:28:37,41667.00,125,2400275
20221110,10:28:40,41662.20,125,2400275
20221110,10:28:42,41662.30,100,2400275
20221110,10:28:44,41664.75,25,2400275
20221110,10:28:46,41661.10,50,2400275
20221110,10:28:47,41659.80,150,2400275
20221110,10:28:49,41658.45,50,2400275
20221110,10:28:51,41659.10,25,2400275
20221110,10:28:52,41659.80,25,2400275
20221110,10:28:54,41659.05,175,2400275
20221110,10:28:56,41659.10,25,2400275
20221110,10:28:57,41659.10,25,2400275
20221110,10:28:59,41659.65,200,2400275
20221110,10:29:02,41658.10,125,2400275
20221110,10:29:04,41658.45,350,2400275
20221110,10:29:06,41656.50,200,2400275
20221110,10:29:07,41655.75,150,2400275
20221110,10:29:09,41656.50,25,2400275
20221110,10:29:10,41657.15,100,2400275
20221110,10:29:12,41656.60,125,2400275
20221110,10:29:14,41656.70,200,2400275
20221110,10:29:15,41657.40,725,2400275
20221110,10:29:17,41659.00,25,2400275
20221110,10:29:20,41655.60,50,2400275
20221110,10:29:22,41655.00,75,2400275
20221110,10:29:25,41655.45,100,2400275
20221110,10:29:27,41655.30,25,2400275
20221110,10:29:28,41654.80,25,2400275
20221110,10:29:30,41653.25,25,2400275
20221110,10:29:32,41654.05,100,2400275
20221110,10:29:33,41655.45,200,2400275
20221110,10:29:35,41659.10,75,2400275
20221110,10:29:38,41660.00,150,2400275
20221110,10:29:41,41660.00,75,2400275
20221110,10:29:43,41660.30,25,2398250
20221110,10:29:46,41656.10,200,2398250
20221110,10:29:50,41650.65,200,2398250
20221110,10:29:51,41651.40,150,2398250
20221110,10:29:53,41654.10,25,2398250
20221110,10:29:55,41654.00,25,2398250
20221110,10:29:58,41651.40,275,2398250
20221110,10:29:59,41651.90,100,2398250
20221110,10:30:01,41650.40,25,2398250
20221110,10:30:02,41650.10,250,2398250
20221110,10:30:07,41659.00,300,2398250
20221110,10:30:09,41658.20,50,2398250
20221110,10:30:11,41655.00,100,2398250
20221110,10:30:12,41652.00,25,2398250
20221110,10:30:14,41655.00,375,2398250
20221110,10:30:15,41654.80,125,2398250
20221110,10:30:17,41655.00,350,2398250
20221110,10:30:18,41658.05,325,2398250
20221110,10:30:20,41655.45,50,2398250
20221110,10:30:22,41655.45,50,2398250
20221110,10:30:23,41654.25,50,2398250
20221110,10:30:25,41651.50,50,2398250
20221110,10:30:27,41652.15,50,2398250
20221110,10:30:28,41652.55,25,2398250
20221110,10:30:30,41652.35,25,2398250
20221110,10:30:31,41651.60,25,2398250
20221110,10:30:34,41653.50,75,2398250
20221110,10:30:36,41652.40,50,2398250
20221110,10:30:38,41652.20,125,2398250
20221110,10:30:39,41653.75,150,2398250
20221110,10:30:41,41651.05,50,2398250
20221110,10:30:43,41653.45,125,2398250
20221110,10:30:46,41652.00,200,2398250
20221110,10:30:48,41653.50,25,2398250
20221110,10:30:49,41654.80,25,2398250
20221110,10:30:51,41657.25,100,2398250
20221110,10:30:53,41652.00,50,2398250
20221110,10:30:59,41654.25,25,2398250
20221110,10:31:01,41652.25,525,2398250
20221110,10:31:03,41646.00,325,2398250
20221110,10:31:06,41648.45,75,2398250
20221110,10:31:08,41648.45,25,2398250
20221110,10:31:09,41649.45,75,2398250
20221110,10:31:11,41648.45,300,2398250
20221110,10:31:13,41646.30,25,2398250
20221110,10:31:14,41649.15,175,2398250
20221110,10:31:17,41649.55,25,2398250
20221110,10:31:19,41651.85,50,2398250
20221110,10:31:21,41647.05,25,2398250
20221110,10:31:22,41651.25,50,2398250
20221110,10:31:24,41651.85,25,2398250
20221110,10:31:29,41654.75,50,2398250
20221110,10:31:31,41651.85,175,2398250
20221110,10:31:32,41650.00,25,2398250
20221110,10:31:34,41651.20,100,2398250
20221110,10:31:35,41652.75,100,2398250
20221110,10:31:39,41650.00,25,2398250
20221110,10:31:40,41649.85,100,2398250
20221110,10:31:42,41649.85,75,2398250
20221110,10:31:47,41649.80,100,2398250
20221110,10:31:48,41650.00,275,2398250
20221110,10:31:50,41649.85,100,2398250
20221110,10:31:53,41649.85,25,2398250
20221110,10:31:55,41650.00,50,2398250
20221110,10:31:58,41646.50,50,2398250
20221110,10:32:01,41647.10,50,2398250
20221110,10:32:03,41649.80,250,2398250
20221110,10:32:04,41646.50,150,2398250
20221110,10:32:06,41646.25,50,2398250
20221110,10:32:09,41648.95,50,2398250
20221110,10:32:12,41646.00,75,2398250
20221110,10:32:14,41646.00,25,2398250
20221110,10:32:15,41642.00,600,2398250
20221110,10:32:17,41642.70,150,2398250
20221110,10:32:19,41642.45,425,2398250
20221110,10:32:20,41642.40,100,2398250
20221110,10:32:22,41646.00,75,2398250
20221110,10:32:24,41644.70,100,2398250
20221110,10:32:25,41640.85,900,2398250
20221110,10:32:27,41640.85,1275,2398250
20221110,10:32:29,41639.80,1025,2398250
20221110,10:32:30,41639.75,50,2398250
20221110,10:32:33,41639.80,75,2398250
20221110,10:32:35,41638.00,150,2398250
20221110,10:32:37,41637.00,75,2398250
20221110,10:32:38,41635.60,400,2398250
20221110,10:32:40,41639.70,25,2398250
20221110,10:32:41,41640.85,150,2398250
20221110,10:32:45,41636.60,225,2396375
20221110,10:32:48,41637.60,100,2396375
20221110,10:32:50,41635.05,425,2396375
20221110,10:32:51,41630.55,3575,2396375
20221110,10:32:53,41637.15,150,2396375
20221110,10:32:54,41630.55,50,2396375
20221110,10:32:56,41630.55,25,2396375
20221110,10:32:58,41630.00,75,2396375
20221110,10:32:59,41636.60,175,2396375
20221110,10:33:01,41632.15,150,2396375
20221110,10:33:03,41635.55,175,2396375
20221110,10:33:04,41629.00,975,2396375
20221110,10:33:06,41625.90,800,2396375
20221110,10:33:07,41625.70,125,2396375
20221110,10:33:09,41625.00,2200,2396375
