20221110,09:15:01,18302.00,1,277850
20221110,09:15:01,18302.00,50,277850
20221110,09:15:02,18277.05,50,277850
20221110,09:15:04,18269.95,150,277850
20221110,09:15:05,18269.95,50,277850
20221110,09:15:07,18270.00,500,277850
20221110,09:15:08,18280.00,800,277850
20221110,09:15:09,18278.50,100,277850
20221110,09:15:14,18290.55,100,277850
20221110,09:15:15,18295.50,150,277850
20221110,09:15:16,18295.40,50,277850
20221110,09:15:17,18295.50,50,277850
20221110,09:15:18,18286.20,250,277850
20221110,09:15:21,18295.40,50,277850
20221110,09:15:25,18298.80,50,277850
20221110,09:15:29,18295.40,50,277850
20221110,09:15:30,18298.55,50,277850
20221110,09:15:31,18286.35,500,277850
20221110,09:15:32,18297.60,50,277850
20221110,09:15:37,18292.50,100,277850
20221110,09:15:40,18289.15,100,277850
20221110,09:15:41,18289.15,50,277850
20221110,09:15:42,18289.15,100,277850
20221110,09:15:48,18286.55,100,277850
20221110,09:15:51,18280.00,200,277850
20221110,09:15:52,18279.00,100,277850
20221110,09:15:53,18275.60,50,277850
20221110,09:15:55,18274.25,50,277850
20221110,09:15:57,18279.85,50,277850
20221110,09:16:01,18272.00,350,277850
20221110,09:16:02,18270.00,50,277850
20221110,09:16:06,18270.00,50,277850
20221110,09:16:07,18272.40,50,277850
20221110,09:16:08,18271.70,50,277850
20221110,09:16:14,18271.70,50,277850
20221110,09:16:15,18271.70,50,277850
20221110,09:16:18,18271.70,200,277850
20221110,09:16:20,18271.70,250,277850
20221110,09:16:22,18271.70,250,277850
20221110,09:16:24,18270.00,100,277850
20221110,09:16:25,18270.00,50,277850
20221110,09:16:33,18267.65,550,277850
20221110,09:16:35,18267.25,50,277850
20221110,09:16:44,18267.05,50,277850
20221110,09:16:45,18267.05,50,277850
20221110,09:16:46,18266.75,200,277850
20221110,09:16:47,18265.00,200,277850
20221110,09:16:52,18262.85,50,277850
20221110,09:16:54,18262.85,50,277850
20221110,09:16:55,18261.05,50,277850
20221110,09:16:58,18261.05,50,277850
20221110,09:17:01,18264.00,150,277850
20221110,09:17:03,18267.50,100,277850
20221110,09:17:05,18265.00,50,277850
20221110,09:17:06,18267.25,600,277850
20221110,09:17:08,18265.50,50,277850
20221110,09:17:18,18263.10,50,277850
20221110,09:17:20,18265.55,100,277850
20221110,09:17:20,18267.25,50,277850
20221110,09:17:37,18265.50,50,279150
20221110,09:17:40,18268.90,50,279150
20221110,09:17:49,18265.10,50,279150
20221110,09:17:55,18268.85,100,279150
20221110,09:17:57,18265.10,100,279150
20221110,09:18:01,18268.90,250,279150
20221110,09:18:06,18266.50,50,279150
20221110,09:18:09,18270.00,200,279150
20221110,09:18:12,18268.25,50,279150
20221110,09:18:15,18270.00,50,279150
20221110,09:18:18,18271.65,50,279150
20221110,09:18:29,18271.70,50,279150
20221110,09:18:33,18272.65,450,279150
20221110,09:18:34,18272.65,200,279150
20221110,09:18:37,18274.85,150,279150
20221110,09:18:42,18276.10,50,279150
20221110,09:18:46,18278.00,250,279150
20221110,09:18:52,18277.85,350,279150
20221110,09:19:00,18281.00,200,279150
20221110,09:19:01,18281.00,350,279150
20221110,09:19:10,18280.25,50,279150
20221110,09:19:17,18282.00,500,279150
20221110,09:19:18,18280.00,50,279150
20221110,09:19:26,18280.50,100,279150
20221110,09:19:27,18280.00,50,279150
20221110,09:19:37,18276.60,100,279150
20221110,09:19:41,18280.00,50,279150
20221110,09:20:02,18280.05,50,279150
20221110,09:20:10,18279.40,1150,279150
20221110,09:20:20,18282.25,1050,279150
20221110,09:20:27,18287.00,100,280700
20221110,09:20:38,18287.00,50,280700
20221110,09:20:41,18286.95,50,280700
20221110,09:20:52,18288.15,200,280700
20221110,09:21:00,18288.75,50,280700
20221110,09:21:06,18288.00,50,280700
20221110,09:21:21,18285.00,50,280700
20221110,09:21:29,18283.00,100,280700
20221110,09:22:13,18282.80,50,280700
20221110,09:22:32,18284.90,50,280700
20221110,09:22:36,18284.95,50,280700
20221110,09:22:56,18282.00,50,280700
20221110,09:22:57,18284.00,50,280700
20221110,09:23:10,18280.00,200,280700
20221110,09:23:39,18281.40,50,280750
20221110,09:23:40,18280.00,50,280750
20221110,09:23:46,18278.00,100,280750
20221110,09:23:50,18275.10,50,280750
20221110,09:23:52,18275.00,50,280750
20221110,09:24:01,18272.00,50,280750
20221110,09:24:02,18274.95,200,280750
20221110,09:24:04,18274.65,50,280750
20221110,09:24:12,18268.10,50,280750
20221110,09:24:30,18273.55,50,280750
20221110,09:24:52,18272.00,50,280750
20221110,09:24:54,18273.00,100,280750
20221110,09:25:07,18273.45,50,280750
20221110,09:25:12,18273.00,350,280750
20221110,09:25:37,18273.00,50,280750
20221110,09:25:43,18273.00,50,280750
20221110,09:25:52,18270.00,50,280750
20221110,09:25:53,18270.00,50,280750
20221110,09:25:58,18270.00,150,280750
20221110,09:26:01,18270.00,50,280750
20221110,09:26:02,18267.05,200,280750
20221110,09:26:03,18267.00,450,280750
20221110,09:26:04,18266.00,50,280750
20221110,09:26:09,18266.15,50,280750
20221110,09:26:20,18266.00,50,280750
20221110,09:26:21,18265.55,100,280750
20221110,09:26:28,18269.15,50,281550
20221110,09:26:43,18270.75,50,281550
20221110,09:27:20,18274.50,50,281550
20221110,09:27:21,18274.85,50,281550
20221110,09:27:24,18279.90,50,281550
20221110,09:27:35,18278.80,50,281550
20221110,09:27:44,18277.75,150,281550
20221110,09:27:46,18277.85,100,281550
20221110,09:27:50,18277.85,150,281550
20221110,09:27:54,18277.10,150,281550
20221110,09:27:59,18275.85,150,281550
20221110,09:28:02,18276.95,100,281550
20221110,09:28:23,18270.00,50,281550
20221110,09:28:24,18271.35,50,281550
20221110,09:28:25,18268.50,50,281550
20221110,09:28:32,18271.40,100,281550
20221110,09:28:41,18272.25,50,281550
20221110,09:28:42,18269.10,100,281550
20221110,09:29:14,18269.60,50,281550
20221110,09:29:20,18272.15,50,281550
20221110,09:29:32,18274.40,50,281550
20221110,09:29:38,18270.95,50,281650
20221110,09:29:39,18270.55,50,281650
20221110,09:29:40,18270.70,50,281650
20221110,09:29:42,18274.90,50,281650
20221110,09:29:56,18274.00,50,281650
20221110,09:29:58,18274.85,50,281650
20221110,09:30:32,18268.65,50,281650
20221110,09:30:38,18268.50,50,281650
20221110,09:30:56,18271.30,50,281650
20221110,09:30:59,18273.95,50,281650
20221110,09:31:17,18270.00,50,281650
20221110,09:31:24,18270.10,50,281650
20221110,09:31:36,18273.40,50,281650
20221110,09:31:38,18270.15,50,281650
20221110,09:32:00,18270.00,350,281650
20221110,09:32:18,18271.65,50,281650
20221110,09:32:39,18268.50,50,282150
20221110,09:32:41,18267.00,100,282150
20221110,09:32:42,18265.00,500,282150
20221110,09:32:44,18258.30,2350,282150
20221110,09:32:51,18253.70,50,282150
20221110,09:33:08,18253.70,100,282150
20221110,09:33:10,18251.10,100,282150
20221110,09:33:16,18251.10,50,282150
20221110,09:33:16,18251.05,50,282150
20221110,09:33:20,18251.00,150,282150
20221110,09:33:23,18251.00,150,282150
20221110,09:33:24,18249.95,950,282150
20221110,09:33:26,18249.95,100,282150
20221110,09:33:33,18246.65,50,282150
20221110,09:33:35,18246.65,50,282150
20221110,09:33:38,18245.70,50,282150
20221110,09:33:51,18245.55,200,282150
20221110,09:33:56,18245.55,50,282150
20221110,09:33:58,18245.55,200,282150
20221110,09:34:17,18245.00,400,282150
20221110,09:34:22,18244.40,100,282150
20221110,09:34:29,18244.30,150,282150
20221110,09:34:30,18244.30,50,282150
20221110,09:34:32,18244.05,100,282150
20221110,09:34:32,18244.05,50,282150
20221110,09:34:33,18243.60,100,282150
20221110,09:34:59,18243.60,100,282150
20221110,09:35:01,18245.00,100,282150
20221110,09:35:01,18245.00,150,282150
20221110,09:35:03,18244.00,950,282150
20221110,09:35:08,18245.90,50,282150
20221110,09:35:28,18243.00,50,284750
20221110,09:35:45,18243.00,50,284750
20221110,09:35:57,18242.80,100,284750
20221110,09:35:59,18241.00,50,284750
20221110,09:36:03,18240.00,100,284750
20221110,09:36:04,18240.00,150,284750
20221110,09:36:05,18240.00,250,284750
20221110,09:36:07,18240.00,100,284750
20221110,09:36:14,18240.00,200,284750
20221110,09:36:17,18242.90,100,284750
20221110,09:36:22,18245.00,50,284750
20221110,09:36:23,18245.90,100,284750
20221110,09:36:36,18243.15,50,284750
20221110,09:36:40,18245.90,100,284750
20221110,09:37:08,18242.00,300,284750
20221110,09:37:11,18240.00,150,284750
20221110,09:37:14,18241.25,50,284750
20221110,09:37:25,18239.65,100,284750
20221110,09:37:44,18239.65,50,284750
20221110,09:37:59,18239.65,50,284750
20221110,09:38:07,18242.60,50,284750
20221110,09:38:24,18245.00,100,284750
20221110,09:39:02,18243.25,50,284750
20221110,09:39:07,18241.00,50,284750
20221110,09:39:08,18241.05,50,284750
20221110,09:39:09,18240.00,100,284750
20221110,09:39:17,18240.95,50,284750
20221110,09:39:36,18240.00,500,284750
20221110,09:39:37,18240.00,150,284750
20221110,09:39:38,18241.85,50,284750
20221110,09:39:40,18240.05,50,284750
20221110,09:39:47,18240.00,50,284750
20221110,09:39:52,18240.00,50,284750
20221110,09:39:56,18241.00,50,284750
20221110,09:40:10,18241.00,50,284750
20221110,09:40:17,18242.00,50,284750
20221110,09:40:19,18241.25,50,284750
20221110,09:40:40,18244.60,50,284750
20221110,09:40:50,18245.00,50,284750
20221110,09:40:59,18244.75,150,284750
20221110,09:41:00,18244.70,50,284750
20221110,09:41:01,18244.65,50,284750
20221110,09:41:19,18240.00,250,284750
20221110,09:41:26,18236.50,100,285650
20221110,09:41:45,18236.50,50,285650
20221110,09:41:49,18240.50,50,285650
20221110,09:41:52,18241.40,50,285650
20221110,09:41:59,18239.05,300,285650
20221110,09:42:06,18239.00,50,285650
20221110,09:42:24,18238.35,250,285650
20221110,09:42:29,18240.00,50,285650
20221110,09:42:39,18242.60,50,285650
20221110,09:42:57,18243.00,50,285650
20221110,09:43:19,18243.00,50,285650
20221110,09:43:28,18243.75,50,285650
20221110,09:44:11,18243.00,50,285650
20221110,09:44:56,18242.00,50,286150
20221110,09:45:05,18241.00,50,286150
20221110,09:45:07,18241.00,50,286150
20221110,09:45:08,18240.00,50,286150
20221110,09:45:10,18239.00,50,286150
20221110,09:45:36,18243.60,50,286150
20221110,09:45:39,18239.90,50,286150
20221110,09:45:41,18239.75,50,286150
20221110,09:46:11,18242.00,50,286150
20221110,09:46:16,18244.00,50,286150
20221110,09:46:22,18245.00,50,286150
20221110,09:46:46,18240.00,50,286150
20221110,09:46:52,18240.00,50,286150
20221110,09:47:12,18239.75,50,286150
20221110,09:47:21,18239.75,50,286150
20221110,09:47:41,18239.75,50,286150
20221110,09:47:57,18239.75,150,286350
20221110,09:48:04,18239.75,50,286350
20221110,09:48:06,18239.00,50,286350
20221110,09:48:17,18240.00,50,286350
20221110,09:48:56,18240.00,50,286350
20221110,09:48:57,18240.00,50,286350
20221110,09:49:01,18240.00,100,286350
20221110,09:49:11,18232.90,400,286350
20221110,09:49:29,18232.90,250,286350
20221110,09:49:30,18234.10,50,286350
20221110,09:49:34,18232.00,100,286350
20221110,09:49:37,18232.00,50,286350
20221110,09:49:39,18232.10,100,286350
20221110,09:49:41,18235.40,100,286350
20221110,09:49:42,18231.95,100,286350
20221110,09:49:46,18231.95,100,286350
20221110,09:49:51,18231.15,50,286350
20221110,09:50:01,18230.00,350,286350
20221110,09:50:03,18228.15,300,286350
20221110,09:50:12,18231.15,250,286350
20221110,09:50:19,18235.00,50,286350
20221110,09:50:25,18238.00,50,286350
20221110,09:51:03,18233.10,50,286350
20221110,09:51:09,18232.40,50,286950
20221110,09:51:40,18232.50,50,286950
20221110,09:51:59,18233.80,50,286950
20221110,09:52:03,18236.65,50,286950
20221110,09:52:06,18236.70,50,286950
20221110,09:52:08,18237.85,50,286950
20221110,09:52:14,18234.05,50,286950
20221110,09:52:17,18237.85,50,286950
20221110,09:52:40,18235.15,100,286950
20221110,09:53:05,18237.00,50,286950
20221110,09:53:12,18237.00,50,286950
20221110,09:53:18,18237.85,50,286950
20221110,09:53:32,18235.25,50,286950
20221110,09:53:40,18237.00,50,287250
20221110,09:53:44,18237.20,50,287250
20221110,09:53:53,18237.20,200,287250
20221110,09:53:54,18238.00,50,287250
20221110,09:54:01,18240.00,50,287250
20221110,09:54:18,18240.10,50,287250
20221110,09:54:20,18240.10,50,287250
20221110,09:54:25,18240.10,50,287250
20221110,09:54:27,18240.10,100,287250
20221110,09:54:30,18240.10,50,287250
20221110,09:54:41,18240.10,400,287250
20221110,09:54:42,18240.00,300,287250
20221110,09:54:45,18237.00,50,287250
20221110,09:54:48,18238.00,600,287250
20221110,09:54:49,18238.00,200,287250
20221110,09:55:11,18239.90,50,287250
20221110,09:55:29,18237.00,50,287250
20221110,09:55:45,18235.25,50,287250
20221110,09:55:52,18238.35,50,287250
20221110,09:56:56,18238.25,50,287150
20221110,09:56:59,18235.35,50,287150
20221110,09:57:21,18237.00,50,287150
20221110,09:57:34,18238.40,50,287150
20221110,09:57:46,18235.15,100,287150
20221110,09:58:26,18237.00,50,287150
20221110,09:58:36,18235.15,50,287150
20221110,09:58:45,18237.00,50,287150
20221110,09:58:48,18237.65,50,287150
20221110,09:59:02,18236.95,50,287150
20221110,09:59:10,18235.00,300,287150
20221110,09:59:19,18234.00,50,287150
20221110,09:59:43,18237.10,100,287250
20221110,10:00:25,18235.00,50,287250
20221110,10:00:27,18237.00,100,287250
20221110,10:01:07,18239.20,50,287250
20221110,10:01:19,18240.00,100,287250
20221110,10:01:26,18244.00,50,287250
20221110,10:01:35,18240.35,50,287250
20221110,10:01:37,18244.70,50,287250
20221110,10:01:47,18244.05,50,287250
20221110,10:01:56,18243.60,50,287250
20221110,10:01:58,18243.65,100,287250
20221110,10:02:01,18240.35,250,287250
20221110,10:02:05,18243.55,50,287250
20221110,10:02:06,18244.30,500,287250
20221110,10:02:20,18244.00,50,287250
20221110,10:02:32,18244.00,50,288000
20221110,10:03:07,18245.00,150,288000
20221110,10:03:24,18245.50,50,288000
20221110,10:03:25,18248.00,550,288000
20221110,10:03:28,18246.90,150,288000
20221110,10:03:36,18248.00,50,288000
20221110,10:03:40,18250.00,100,288000
20221110,10:03:41,18249.50,50,288000
20221110,10:03:56,18250.05,50,288000
20221110,10:04:03,18253.80,50,288000
20221110,10:04:24,18254.00,50,288000
20221110,10:04:34,18251.90,100,288000
20221110,10:04:35,18251.65,100,288000
20221110,10:04:41,18250.15,100,288000
20221110,10:04:43,18254.15,200,288000
20221110,10:04:44,18254.35,50,288000
20221110,10:05:35,18251.50,150,288100
20221110,10:07:14,18254.15,100,288100
20221110,10:07:17,18256.00,50,288100
20221110,10:07:34,18256.00,50,288100
20221110,10:07:44,18257.00,250,288100
20221110,10:07:53,18254.20,100,288100
20221110,10:08:16,18254.20,50,288100
20221110,10:08:22,18254.20,100,288100
20221110,10:08:34,18254.20,50,288300
20221110,10:08:42,18254.20,50,288300
20221110,10:09:01,18254.15,450,288300
20221110,10:09:14,18250.00,50,288300
20221110,10:09:15,18245.00,150,288300
20221110,10:09:37,18245.00,50,288300
20221110,10:09:38,18244.05,150,288300
20221110,10:09:39,18244.10,200,288300
20221110,10:09:41,18244.05,50,288300
20221110,10:09:44,18244.05,50,288300
20221110,10:10:11,18247.50,50,288300
20221110,10:10:14,18244.05,250,288300
20221110,10:10:16,18245.15,50,288300
20221110,10:10:20,18245.55,250,288300
20221110,10:10:29,18246.75,50,288300
20221110,10:10:54,18247.15,50,288300
20221110,10:11:01,18244.05,50,288300
20221110,10:11:05,18245.40,50,288300
20221110,10:11:06,18245.35,250,288300
20221110,10:12:58,18248.00,100,288600
20221110,10:13:23,18245.00,150,288600
20221110,10:14:22,18245.00,50,288600
20221110,10:14:53,18240.15,50,288650
20221110,10:15:07,18240.05,50,288650
20221110,10:15:09,18240.00,50,288650
20221110,10:15:19,18240.00,100,288650
20221110,10:16:50,18240.10,350,288650
20221110,10:17:11,18245.00,50,288650
20221110,10:17:42,18247.20,50,288800
20221110,10:19:29,18250.00,100,288800
20221110,10:20:34,18252.00,50,288850
20221110,10:20:36,18252.00,100,288850
20221110,10:21:02,18254.20,200,288850
20221110,10:21:08,18254.20,50,288850
20221110,10:21:09,18255.00,50,288850
20221110,10:21:49,18251.25,50,288850
20221110,10:25:33,18243.65,50,288850
20221110,10:25:51,18243.80,50,288850
20221110,10:27:36,18250.00,50,288950
20221110,10:27:47,18252.75,50,288950
20221110,10:28:37,18255.00,50,288950
20221110,10:28:38,18252.75,50,288950
20221110,10:29:09,18253.90,50,288950
20221110,10:29:21,18250.05,100,288950
20221110,10:29:50,18248.80,50,289000
20221110,10:32:32,18253.65,100,289000
20221110,10:32:52,18250.00,50,288950
20221110,10:33:19,18249.85,50,288950
20221110,10:33:23,18246.00,50,288950
20221110,10:33:47,18251.35,50,288950
20221110,10:34:29,18249.95,50,288950
20221110,10:34:48,18247.45,50,288950
20221110,10:36:00,18252.00,50,289100
20221110,10:37:17,18250.30,750,289100
20221110,10:38:47,18254.40,50,289400
20221110,10:38:50,18250.55,50,289400
20221110,10:38:52,18253.00,50,289400
20221110,10:38:56,18251.05,50,289400
20221110,10:39:16,18253.05,50,289400
20221110,10:39:37,18250.40,50,289400
20221110,10:40:06,18256.20,100,289400
20221110,10:40:09,18256.15,50,289400
20221110,10:40:44,18256.15,50,289400
20221110,10:41:00,18252.85,50,289400
20221110,10:41:06,18256.00,50,289400
20221110,10:41:11,18256.00,50,289400
20221110,10:41:16,18256.35,50,289400
20221110,10:41:37,18258.95,50,289700
20221110,10:41:57,18257.65,50,289700
20221110,10:42:20,18260.00,50,289700
20221110,10:42:42,18256.40,50,289700
20221110,10:43:09,18256.00,50,289700
20221110,10:43:11,18254.30,50,289700
20221110,10:43:26,18255.00,50,289700
20221110,10:43:49,18253.95,100,289700
20221110,10:44:57,18259.85,300,289800
20221110,10:45:20,18260.00,50,289800
20221110,10:45:26,18260.55,50,289800
20221110,10:46:46,18260.55,50,289800
20221110,10:46:52,18260.00,100,289800
20221110,10:49:01,18254.00,50,289500
20221110,10:49:08,18256.45,100,289500
20221110,10:49:37,18253.95,50,289500
20221110,10:50:09,18258.05,100,289500
20221110,10:50:18,18253.95,100,289500
20221110,10:50:48,18254.05,50,289700
20221110,10:51:33,18250.30,50,289700
20221110,10:51:43,18250.40,50,289700
20221110,10:51:47,18250.80,50,289700
20221110,10:53:02,18250.30,50,289700
20221110,10:53:21,18252.05,50,289700
20221110,10:54:15,18250.00,100,289850
20221110,10:55:01,18251.45,100,289850
20221110,10:55:12,18251.15,50,289850
20221110,10:56:13,18248.05,50,289850
20221110,10:56:15,18248.15,50,289850
20221110,10:56:56,18248.15,50,289950
20221110,10:57:27,18248.15,50,289950
20221110,10:57:28,18248.00,50,289950
20221110,10:58:34,18245.05,50,289950
20221110,10:58:50,18245.00,50,289950
20221110,10:59:01,18243.75,1000,289950
20221110,10:59:23,18247.00,50,289950
20221110,11:00:12,18243.00,50,290500
20221110,11:00:47,18243.00,100,290500
20221110,11:01:17,18249.95,50,290500
20221110,11:01:31,18249.85,50,290500
20221110,11:01:34,18246.35,100,290500
20221110,11:02:08,18246.35,50,290500
20221110,11:02:12,18246.35,100,290500
20221110,11:03:10,18248.00,100,290550
20221110,11:04:10,18246.50,50,290550
20221110,11:04:41,18248.00,50,290550
20221110,11:04:49,18248.00,50,290550
20221110,11:05:10,18250.00,200,290550
20221110,11:05:59,18246.80,50,290550
20221110,11:06:05,18251.00,100,290550
20221110,11:06:13,18252.35,50,290550
20221110,11:06:18,18253.00,50,290550
20221110,11:07:50,18249.00,100,290550
20221110,11:08:16,18249.60,50,290550
20221110,11:08:32,18249.60,100,290550
20221110,11:08:49,18248.05,100,290600
20221110,11:09:48,18247.25,100,290600
20221110,11:10:35,18247.00,50,290600
20221110,11:10:48,18245.00,150,290600
20221110,11:11:44,18242.00,150,290750
20221110,11:11:53,18241.00,900,290750
20221110,11:12:15,18240.00,100,290750
20221110,11:12:42,18242.10,50,290750
20221110,11:13:43,18245.70,100,290750
20221110,11:15:40,18245.70,50,290750
20221110,11:16:21,18248.50,50,290050
20221110,11:17:42,18248.50,50,290050
20221110,11:18:08,18249.90,50,290050
20221110,11:18:52,18250.00,50,290050
20221110,11:19:43,18248.50,50,290050
20221110,11:20:50,18245.35,100,290100
20221110,11:21:27,18245.80,50,290100
20221110,11:22:22,18245.00,100,290100
20221110,11:24:35,18247.00,50,290250
20221110,11:24:53,18244.65,50,290250
20221110,11:25:27,18244.25,50,290250
20221110,11:25:31,18247.00,50,290250
20221110,11:26:21,18246.10,50,290250
20221110,11:26:51,18247.00,100,290250
20221110,11:27:08,18250.50,100,290250
20221110,11:27:10,18250.00,50,290250
20221110,11:27:15,18250.00,50,290250
20221110,11:29:04,18250.00,50,290250
20221110,11:29:18,18250.00,200,290250
20221110,11:29:53,18251.00,100,290400
20221110,11:29:58,18250.00,50,290400
20221110,11:30:16,18250.00,100,290400
20221110,11:31:34,18248.40,50,290400
20221110,11:32:17,18246.50,100,290400
20221110,11:33:01,18253.30,150,290400
20221110,11:33:14,18250.50,200,290550
20221110,11:33:26,18258.00,50,290550
20221110,11:33:29,18267.00,800,290550
20221110,11:33:54,18267.70,50,290550
20221110,11:34:02,18269.80,50,290550
20221110,11:34:03,18271.40,50,290550
20221110,11:34:04,18273.15,150,290550
20221110,11:34:21,18275.00,100,290550
20221110,11:34:30,18280.00,250,290550
20221110,11:34:35,18275.15,50,290550
20221110,11:34:50,18271.50,50,290550
20221110,11:35:31,18272.75,50,290550
20221110,11:36:00,18270.80,50,290550
20221110,11:36:31,18269.75,50,289850
20221110,11:37:22,18270.15,50,289850
20221110,11:38:11,18270.00,50,289850
20221110,11:38:25,18270.00,100,289850
20221110,11:38:28,18270.00,50,289850
20221110,11:38:29,18271.00,50,289850
20221110,11:38:38,18270.85,50,289850
20221110,11:38:55,18272.35,50,289800
20221110,11:39:34,18274.95,50,289800
20221110,11:39:37,18271.15,300,289800
20221110,11:39:38,18271.70,50,289800
20221110,11:40:00,18271.00,50,289800
20221110,11:40:04,18270.00,150,289800
20221110,11:40:39,18270.00,50,289800
20221110,11:41:05,18267.00,50,289800
20221110,11:41:14,18269.05,500,289800
20221110,11:42:40,18268.25,50,289150
20221110,11:43:23,18268.25,700,289150
20221110,11:43:44,18268.25,50,289150
20221110,11:45:01,18269.05,50,289200
20221110,11:46:21,18268.25,50,289200
20221110,11:46:30,18268.25,50,289200
20221110,11:46:45,18268.25,400,289200
20221110,11:50:24,18262.55,50,289350
20221110,11:50:44,18261.25,50,289350
20221110,11:51:14,18258.20,500,289350
20221110,11:51:25,18258.15,50,289350
20221110,11:51:50,18260.00,200,289350
20221110,11:52:02,18260.35,100,289350
20221110,11:52:27,18260.35,100,289350
20221110,11:53:17,18263.80,50,289350
20221110,11:53:35,18266.00,50,289350
20221110,11:53:42,18268.00,50,289350
20221110,11:53:49,18268.30,500,289700
20221110,11:55:01,18261.65,50,289700
20221110,11:57:25,18264.55,50,289350
20221110,11:57:47,18261.85,50,289350
20221110,12:00:14,18257.55,50,289350
20221110,12:00:57,18255.15,150,289350
20221110,12:01:06,18250.00,50,289350
20221110,12:01:16,18245.00,200,289350
20221110,12:01:17,18244.60,50,289350
20221110,12:01:19,18240.50,500,289350
20221110,12:01:20,18240.00,100,289350
20221110,12:01:22,18240.00,50,289350
20221110,12:01:25,18236.60,50,289350
20221110,12:01:31,18243.80,50,289350
20221110,12:01:53,18241.60,50,289350
20221110,12:02:28,18238.95,100,289350
20221110,12:03:07,18235.00,50,290100
20221110,12:03:13,18235.00,150,290100
20221110,12:03:16,18234.90,50,290100
20221110,12:03:34,18235.00,100,290100
20221110,12:04:03,18237.90,50,290100
20221110,12:05:15,18239.00,50,290100
20221110,12:05:17,18242.80,100,290100
20221110,12:06:11,18239.60,100,290150
20221110,12:06:24,18235.10,50,290150
20221110,12:06:52,18241.35,50,290150
20221110,12:08:14,18241.95,50,290150
20221110,12:08:32,18242.65,150,290150
20221110,12:08:33,18241.70,50,290150
20221110,12:09:20,18240.15,50,290000
20221110,12:10:17,18240.00,50,290000
20221110,12:11:12,18234.65,250,290000
20221110,12:11:19,18234.45,50,290000
20221110,12:11:22,18232.00,100,290000
20221110,12:11:49,18234.80,100,290000
20221110,12:12:21,18232.00,50,290150
20221110,12:12:24,18232.00,50,290150
20221110,12:12:26,18231.00,50,290150
20221110,12:12:27,18232.00,50,290150
20221110,12:12:31,18232.00,50,290150
20221110,12:12:34,18231.00,50,290150
20221110,12:13:07,18234.10,50,290150
20221110,12:13:17,18234.00,950,290150
20221110,12:14:27,18232.85,100,290150
20221110,12:15:15,18233.85,50,290250
20221110,12:16:15,18236.35,50,290250
20221110,12:16:31,18234.75,50,290250
20221110,12:16:52,18234.80,100,290250
20221110,12:16:56,18234.75,50,290250
20221110,12:16:58,18234.45,50,290250
20221110,12:17:06,18231.00,100,290250
20221110,12:17:07,18230.00,150,290250
20221110,12:17:11,18230.60,100,290250
20221110,12:17:17,18228.05,50,290250
20221110,12:17:23,18228.05,200,290250
20221110,12:17:25,18229.25,50,290250
20221110,12:17:26,18228.95,200,290250
20221110,12:18:07,18223.25,1250,290400
20221110,12:18:07,18221.00,150,290400
20221110,12:18:08,18221.00,50,290400
20221110,12:18:11,18220.00,100,290400
20221110,12:18:16,18218.10,50,290400
20221110,12:18:21,18218.10,50,290400
20221110,12:18:23,18218.10,50,290400
20221110,12:18:25,18218.75,50,290400
20221110,12:18:33,18221.50,50,290400
20221110,12:18:42,18222.00,50,290400
20221110,12:18:44,18222.00,50,290400
20221110,12:18:51,18222.00,50,290400
20221110,12:18:52,18222.00,50,290400
20221110,12:19:09,18222.00,50,290400
20221110,12:19:25,18221.80,100,290400
20221110,12:19:34,18222.80,1000,290400
20221110,12:19:49,18222.80,50,290400
20221110,12:20:08,18222.00,50,290400
20221110,12:20:38,18222.00,150,290400
20221110,12:20:54,18225.60,50,290750
20221110,12:20:59,18225.35,50,290750
20221110,12:22:04,18227.35,100,290750
20221110,12:22:30,18227.65,50,290750
20221110,12:22:37,18227.15,200,290750
20221110,12:22:38,18226.00,50,290750
20221110,12:22:39,18225.00,50,290750
20221110,12:22:41,18225.50,50,290750
20221110,12:22:59,18225.25,50,290750
20221110,12:23:08,18222.00,50,290750
20221110,12:23:59,18220.00,150,290750
20221110,12:24:05,18216.00,50,291100
20221110,12:24:09,18216.00,50,291100
20221110,12:24:15,18214.00,50,291100
20221110,12:24:18,18211.25,50,291100
20221110,12:24:37,18211.25,100,291100
20221110,12:24:48,18217.00,50,291100
20221110,12:25:21,18220.45,100,291100
20221110,12:25:34,18220.35,50,291100
20221110,12:25:36,18221.75,50,291100
20221110,12:26:22,18220.00,50,291100
20221110,12:26:27,18220.00,100,291100
20221110,12:26:28,18218.00,100,291100
20221110,12:26:59,18222.55,100,291350
20221110,12:27:46,18222.90,100,291350
20221110,12:28:02,18218.00,100,291350
20221110,12:28:05,18220.05,50,291350
20221110,12:28:14,18218.00,150,291350
20221110,12:28:41,18218.00,50,291350
20221110,12:28:54,18218.00,50,291350
20221110,12:29:07,18213.90,50,291350
20221110,12:29:16,18213.85,50,291350
20221110,12:29:22,18213.70,50,291350
20221110,12:29:43,18211.00,100,291350
20221110,12:29:51,18211.00,50,291350
20221110,12:30:00,18211.00,50,291650
20221110,12:30:06,18210.30,50,291650
20221110,12:30:12,18210.30,50,291650
20221110,12:30:24,18215.70,50,291650
20221110,12:30:26,18215.70,50,291650
20221110,12:30:32,18215.75,50,291650
20221110,12:30:38,18212.15,250,291650
20221110,12:30:47,18211.50,100,291650
20221110,12:30:49,18215.90,100,291650
20221110,12:31:16,18211.05,150,291650
20221110,12:31:21,18214.65,50,291650
20221110,12:31:28,18213.00,50,291650
20221110,12:32:47,18219.25,50,291650
20221110,12:33:00,18218.20,50,291650
20221110,12:33:24,18216.40,200,291500
20221110,12:33:46,18213.10,50,291500
20221110,12:33:48,18213.55,100,291500
20221110,12:34:10,18213.00,50,291500
20221110,12:34:23,18213.00,50,291500
20221110,12:34:38,18218.55,50,291500
20221110,12:35:09,18220.05,250,291500
20221110,12:35:18,18225.00,150,291500
20221110,12:35:41,18224.50,50,291500
20221110,12:36:24,18223.95,50,291400
20221110,12:36:51,18221.85,50,291400
20221110,12:37:35,18221.00,50,291400
20221110,12:37:47,18221.00,100,291400
20221110,12:38:05,18220.00,50,291400
20221110,12:39:19,18221.55,50,291400
20221110,12:39:40,18220.00,50,291400
20221110,12:40:48,18216.40,50,291400
20221110,12:40:49,18216.40,50,291400
20221110,12:40:56,18215.00,50,291400
20221110,12:41:03,18215.00,100,291400
20221110,12:41:41,18211.00,50,291400
20221110,12:41:52,18213.65,50,291400
20221110,12:42:47,18211.00,50,291450
20221110,12:43:28,18213.00,50,291450
20221110,12:43:49,18213.25,50,291450
20221110,12:44:14,18210.40,150,291450
20221110,12:44:16,18213.00,50,291450
20221110,12:44:24,18210.15,50,291450
20221110,12:45:07,18210.15,100,291200
20221110,12:45:10,18213.00,50,291200
20221110,12:45:34,18215.50,100,291200
20221110,12:47:09,18216.85,50,291200
20221110,12:47:11,18218.50,50,291200
20221110,12:48:07,18219.15,50,291200
20221110,12:48:24,18215.00,50,291100
20221110,12:48:49,18213.00,50,291100
20221110,12:48:54,18213.55,50,291100
20221110,12:49:32,18210.20,50,291100
20221110,12:49:37,18210.00,50,291100
20221110,12:49:50,18210.00,200,291100
20221110,12:49:53,18210.00,100,291100
20221110,12:49:54,18210.00,50,291100
20221110,12:50:02,18210.00,400,291100
20221110,12:50:12,18210.00,100,291100
20221110,12:50:13,18205.00,350,291100
20221110,12:50:14,18205.00,150,291100
20221110,12:50:19,18203.50,50,291100
20221110,12:50:20,18203.50,100,291100
20221110,12:50:23,18201.05,100,291100
20221110,12:50:24,18201.00,300,291100
20221110,12:50:25,18203.60,50,291100
20221110,12:50:26,18203.30,150,291100
20221110,12:50:28,18200.00,100,291100
20221110,12:50:40,18200.00,50,291100
20221110,12:50:56,18200.55,50,291650
20221110,12:51:06,18200.00,50,291650
20221110,12:51:11,18200.00,450,291650
20221110,12:51:15,18200.00,200,291650
20221110,12:51:20,18201.45,50,291650
20221110,12:51:27,18200.00,100,291650
20221110,12:51:30,18201.30,50,291650
20221110,12:51:32,18201.30,50,291650
20221110,12:51:40,18201.95,100,291650
20221110,12:51:44,18200.00,50,291650
20221110,12:51:46,18201.70,50,291650
20221110,12:51:49,18200.00,250,291650
20221110,12:51:50,18200.00,50,291650
20221110,12:52:11,18203.45,50,291650
20221110,12:52:16,18202.05,100,291650
20221110,12:52:21,18205.90,200,291650
20221110,12:52:29,18202.05,100,291650
20221110,12:53:06,18202.05,250,291650
20221110,12:53:07,18202.00,950,291650
20221110,12:53:12,18203.10,50,291650
20221110,12:54:30,18203.10,50,292900
20221110,12:54:39,18203.10,50,292900
20221110,12:54:57,18203.00,50,292900
20221110,12:54:58,18203.00,50,292900
20221110,12:55:12,18203.00,50,292900
20221110,12:55:41,18205.00,50,292900
20221110,12:55:44,18205.90,50,292900
20221110,12:55:53,18205.90,100,292900
20221110,12:56:27,18205.00,50,292900
20221110,12:56:28,18207.80,50,292900
20221110,12:56:33,18207.80,100,292900
20221110,12:56:35,18207.65,50,292900
20221110,12:56:48,18207.60,50,292900
20221110,12:57:17,18209.15,50,293100
20221110,12:57:32,18206.35,50,293100
20221110,12:58:06,18204.00,50,293100
20221110,12:58:14,18202.00,50,293100
20221110,12:58:32,18202.00,50,293100
20221110,12:58:33,18201.00,50,293100
20221110,12:58:35,18200.10,50,293100
20221110,12:58:45,18200.00,50,293100
20221110,12:58:46,18200.00,350,293100
20221110,12:59:10,18198.30,50,293100
20221110,12:59:45,18197.55,350,293100
20221110,12:59:55,18196.10,50,293100
20221110,13:00:02,18195.00,100,293300
20221110,13:00:08,18195.00,50,293300
20221110,13:00:20,18195.00,50,293300
20221110,13:00:28,18196.00,50,293300
20221110,13:00:29,18195.05,50,293300
20221110,13:00:49,18197.00,50,293300
20221110,13:01:00,18198.80,50,293300
20221110,13:01:01,18197.00,50,293300
20221110,13:01:41,18197.00,50,293300
20221110,13:02:08,18195.25,50,293300
20221110,13:02:15,18197.45,50,293300
20221110,13:02:22,18197.45,50,293300
20221110,13:02:39,18195.00,50,293300
20221110,13:02:40,18192.60,250,293300
20221110,13:03:14,18192.60,250,293550
20221110,13:03:19,18192.60,100,293550
20221110,13:03:20,18192.60,100,293550
20221110,13:03:37,18192.60,50,293550
20221110,13:03:44,18194.00,50,293550
20221110,13:03:54,18193.10,50,293550
20221110,13:04:04,18195.00,50,293550
20221110,13:05:38,18199.20,250,293550
20221110,13:05:39,18200.00,150,293550
20221110,13:05:42,18201.70,50,293550
20221110,13:05:54,18201.70,50,293550
20221110,13:06:29,18205.65,50,293550
20221110,13:07:01,18209.95,50,293200
20221110,13:07:19,18209.95,50,293200
20221110,13:07:22,18209.95,50,293200
20221110,13:07:29,18208.00,50,293200
20221110,13:08:04,18205.00,50,293200
20221110,13:08:14,18203.60,50,293200
20221110,13:08:24,18206.00,50,293200
20221110,13:08:27,18204.65,50,293200
20221110,13:08:29,18203.50,250,293200
20221110,13:09:09,18205.00,50,293200
20221110,13:09:32,18206.00,50,293550
20221110,13:09:36,18207.95,100,293550
20221110,13:09:43,18207.95,50,293550
20221110,13:10:15,18208.00,50,293550
20221110,13:10:16,18208.00,50,293550
20221110,13:10:17,18209.95,150,293550
20221110,13:10:28,18209.85,50,293550
20221110,13:11:15,18207.00,100,293550
20221110,13:11:26,18206.00,50,293550
20221110,13:12:39,18209.55,50,293550
20221110,13:13:08,18210.00,50,293700
20221110,13:13:31,18207.45,50,293700
20221110,13:13:43,18210.00,50,293700
20221110,13:13:55,18210.00,50,293700
20221110,13:14:12,18209.05,50,293700
20221110,13:14:29,18210.00,50,293700
20221110,13:14:47,18214.25,50,293700
20221110,13:15:17,18212.00,50,293700
20221110,13:15:35,18210.00,50,293700
20221110,13:17:44,18210.00,50,293700
20221110,13:17:54,18209.85,50,293700
20221110,13:17:59,18207.95,50,293700
20221110,13:18:02,18207.00,200,293700
20221110,13:18:04,18207.00,250,293700
20221110,13:18:23,18207.00,50,293700
20221110,13:18:31,18207.15,50,293700
20221110,13:18:43,18210.00,50,293700
20221110,13:18:48,18215.00,50,293700
20221110,13:19:09,18220.65,200,293700
20221110,13:19:16,18221.25,50,293700
20221110,13:19:44,18220.00,50,293700
20221110,13:20:27,18219.95,150,293700
20221110,13:21:10,18215.95,150,294100
20221110,13:21:13,18211.10,50,294100
20221110,13:21:48,18211.70,50,294100
20221110,13:23:12,18218.60,100,294100
20221110,13:23:13,18218.65,50,294100
20221110,13:23:22,18218.65,50,294100
20221110,13:23:24,18218.00,50,294100
20221110,13:24:26,18219.00,50,294100
20221110,13:24:43,18218.00,50,294300
20221110,13:25:04,18218.00,50,294300
20221110,13:25:39,18218.00,50,294300
20221110,13:25:52,18218.00,300,294300
20221110,13:26:13,18218.00,50,294300
20221110,13:27:16,18218.00,50,294700
20221110,13:27:21,18220.00,100,294700
20221110,13:28:01,18215.15,50,294700
20221110,13:28:28,18215.00,50,294700
20221110,13:28:49,18210.20,50,294700
20221110,13:30:29,18210.20,500,294700
20221110,13:31:07,18214.80,50,294600
20221110,13:32:41,18218.00,50,294600
20221110,13:33:46,18218.05,50,294200
20221110,13:34:04,18220.00,100,294200
20221110,13:35:18,18218.00,50,294200
20221110,13:35:41,18221.50,100,294200
20221110,13:35:55,18221.50,50,294200
20221110,13:36:00,18223.95,50,294200
20221110,13:37:05,18222.00,50,294100
20221110,13:37:18,18218.00,100,294100
20221110,13:37:23,18218.05,50,294100
20221110,13:37:34,18219.80,50,294100
20221110,13:38:16,18218.00,150,294100
20221110,13:38:37,18218.70,50,294100
20221110,13:39:41,18215.00,50,294150
20221110,13:40:04,18219.00,50,294150
20221110,13:40:56,18219.90,50,294150
20221110,13:40:57,18220.00,50,294150
20221110,13:42:03,18219.00,150,294150
20221110,13:42:45,18215.70,50,294150
20221110,13:43:03,18215.75,50,294150
20221110,13:44:19,18215.05,50,294150
20221110,13:48:32,18220.55,50,294150
20221110,13:49:55,18221.00,50,294200
20221110,13:50:09,18224.85,50,294200
20221110,13:50:36,18225.00,100,294200
20221110,13:50:50,18230.00,50,294200
20221110,13:50:51,18234.90,200,294200
20221110,13:51:00,18232.75,50,294200
20221110,13:51:14,18226.85,50,294150
20221110,13:51:34,18225.00,50,294150
20221110,13:51:59,18224.90,50,294150
20221110,13:52:12,18223.95,50,294150
20221110,13:53:49,18220.85,100,294150
20221110,13:54:12,18221.30,50,294300
20221110,13:54:55,18216.45,50,294300
20221110,13:55:36,18223.65,50,294300
20221110,13:55:51,18222.50,50,294300
20221110,13:56:32,18224.05,50,294300
20221110,13:57:05,18222.00,50,294300
20221110,13:57:32,18222.00,50,294300
20221110,13:58:06,18225.00,50,294300
20221110,13:58:45,18226.55,50,294300
20221110,13:59:10,18222.00,50,294300
20221110,13:59:31,18215.00,50,294300
20221110,13:59:32,18215.00,100,294300
20221110,13:59:35,18213.65,50,294300
20221110,14:00:18,18215.00,50,294350
20221110,14:00:32,18220.00,50,294350
20221110,14:02:52,18222.90,50,294350
20221110,14:03:23,18225.00,50,294350
20221110,14:03:25,18222.90,350,294400
20221110,14:03:54,18228.15,50,294400
20221110,14:04:15,18224.00,50,294400
20221110,14:07:58,18224.25,500,294400
20221110,14:08:47,18220.00,50,293950
20221110,14:09:18,18220.00,150,294000
20221110,14:09:57,18217.15,50,294000
20221110,14:10:02,18216.95,50,294000
20221110,14:10:39,18219.10,50,294000
20221110,14:10:58,18219.25,50,294000
20221110,14:12:58,18218.55,50,294150
20221110,14:14:40,18219.95,200,294150
20221110,14:14:45,18220.80,50,294150
20221110,14:15:11,18224.80,150,294050
20221110,14:15:17,18225.00,50,294050
20221110,14:15:18,18225.00,50,294050
20221110,14:15:50,18225.40,50,294050
20221110,14:16:42,18226.00,50,294050
20221110,14:17:48,18220.00,500,294050
20221110,14:17:49,18220.00,100,294050
20221110,14:18:44,18216.00,50,294500
20221110,14:18:46,18214.00,350,294500
20221110,14:18:48,18215.00,150,294500
20221110,14:19:23,18211.00,550,294500
20221110,14:19:26,18210.00,50,294500
20221110,14:19:33,18210.00,150,294500
20221110,14:19:34,18210.00,300,294500
20221110,14:19:35,18207.00,50,294500
20221110,14:19:37,18207.00,500,294500
20221110,14:19:38,18206.00,150,294500
20221110,14:19:39,18206.00,200,294500
20221110,14:19:40,18206.00,50,294500
20221110,14:19:41,18206.00,50,294500
20221110,14:19:43,18206.00,100,294500
20221110,14:19:44,18206.00,100,294500
20221110,14:19:46,18206.00,50,294500
20221110,14:19:47,18206.00,50,294500
20221110,14:19:59,18206.00,50,294500
20221110,14:20:02,18206.15,100,294500
20221110,14:20:02,18206.00,50,294500
20221110,14:20:05,18205.00,350,294500
20221110,14:20:05,18201.05,50,294500
20221110,14:20:15,18200.35,300,294500
20221110,14:20:17,18200.05,50,294500
20221110,14:20:30,18200.05,50,294500
20221110,14:20:31,18200.05,50,294500
20221110,14:20:35,18200.00,50,294500
20221110,14:20:39,18195.50,350,294500
20221110,14:20:48,18194.80,50,294500
20221110,14:20:57,18195.00,50,294500
20221110,14:20:58,18196.10,50,294500
20221110,14:21:07,18194.90,150,294500
20221110,14:21:17,18195.00,50,295450
20221110,14:21:53,18200.00,50,295450
20221110,14:22:13,18196.00,50,295450
20221110,14:22:29,18195.00,50,295450
20221110,14:22:49,18195.15,50,295450
20221110,14:22:50,18198.00,50,295450
20221110,14:23:54,18196.00,50,295450
20221110,14:24:14,18198.00,50,295400
20221110,14:24:38,18198.00,50,295400
20221110,14:24:43,18199.35,50,295400
20221110,14:25:15,18199.35,50,295400
20221110,14:25:54,18200.00,100,295400
20221110,14:26:15,18203.50,100,295400
20221110,14:26:31,18202.00,50,295400
20221110,14:26:34,18200.15,200,295400
20221110,14:27:12,18200.00,300,295650
20221110,14:28:24,18206.95,50,295650
20221110,14:28:32,18206.95,200,295650
20221110,14:28:33,18206.95,150,295650
20221110,14:28:40,18206.95,550,295650
20221110,14:30:33,18205.00,50,295650
20221110,14:31:10,18210.00,50,296500
20221110,14:31:15,18206.95,50,296500
20221110,14:31:49,18206.15,50,296500
20221110,14:32:16,18205.85,50,296500
20221110,14:32:22,18203.40,50,296500
20221110,14:32:35,18204.00,50,296500
20221110,14:32:41,18204.00,50,296500
20221110,14:33:56,18200.00,50,296650
20221110,14:34:07,18197.00,50,296650
20221110,14:35:13,18198.70,100,296650
20221110,14:36:27,18201.50,50,296750
20221110,14:37:35,18202.90,50,296750
20221110,14:37:53,18203.00,100,296750
20221110,14:38:04,18203.40,50,296750
20221110,14:38:53,18207.80,50,296750
20221110,14:38:57,18206.90,100,296750
20221110,14:39:28,18207.90,50,296800
20221110,14:39:33,18210.00,200,296800
20221110,14:39:44,18213.50,50,296800
20221110,14:40:03,18213.50,100,296800
20221110,14:40:05,18214.00,50,296800
20221110,14:41:01,18210.00,50,296800
20221110,14:41:13,18209.05,50,296800
20221110,14:42:44,18207.00,100,296650
20221110,14:43:20,18212.00,50,296650
20221110,14:43:52,18213.00,150,296650
20221110,14:43:53,18213.00,350,296650
20221110,14:43:54,18213.00,600,296650
20221110,14:43:56,18215.00,700,296650
20221110,14:43:59,18214.95,100,296650
20221110,14:44:09,18210.00,50,296650
20221110,14:45:24,18211.00,100,298350
20221110,14:47:15,18207.65,50,298350
20221110,14:47:16,18209.00,50,298350
20221110,14:47:51,18206.75,50,298350
20221110,14:47:52,18205.00,50,298350
20221110,14:48:00,18202.05,50,298350
20221110,14:50:30,18203.00,50,298500
20221110,14:50:40,18203.80,50,298500
20221110,14:52:21,18210.65,50,298500
20221110,14:53:12,18210.85,50,298500
20221110,14:53:32,18214.25,50,298500
20221110,14:54:36,18215.00,50,298550
20221110,14:55:10,18215.85,150,298550
20221110,14:55:52,18217.80,100,298550
20221110,14:57:32,18217.80,50,298400
20221110,14:58:13,18216.05,200,298400
20221110,14:58:17,18216.05,50,298400
20221110,14:58:33,18216.00,200,298400
20221110,14:58:34,18216.00,50,298400
20221110,14:58:41,18215.00,50,298400
20221110,14:59:04,18216.05,250,298400
20221110,14:59:09,18218.00,50,298400
20221110,14:59:55,18221.80,400,298400
20221110,14:59:57,18223.00,50,298400
20221110,14:59:58,18225.00,150,298400
20221110,14:59:59,18226.00,50,298400
20221110,15:00:00,18227.00,100,298400
20221110,15:00:03,18230.00,100,298400
20221110,15:00:05,18237.85,450,298400
20221110,15:00:06,18236.00,150,298400
20221110,15:00:07,18240.00,50,298400
20221110,15:00:51,18233.75,50,297800
20221110,15:01:04,18235.20,100,297800
20221110,15:01:23,18233.30,100,297800
20221110,15:01:44,18236.00,350,297800
20221110,15:01:48,18239.50,50,297800
20221110,15:01:54,18239.90,50,297800
20221110,15:03:36,18236.00,200,297800
20221110,15:03:48,18235.85,50,297800
20221110,15:04:05,18235.00,150,297800
20221110,15:04:19,18235.85,50,297800
20221110,15:05:46,18234.00,50,297800
20221110,15:06:08,18234.00,50,297800
20221110,15:06:20,18236.00,200,297800
20221110,15:06:36,18237.60,50,297800
20221110,15:06:57,18240.00,100,297800
20221110,15:07:10,18241.00,150,297800
20221110,15:07:14,18240.95,50,297800
20221110,15:07:16,18242.00,50,297800
20221110,15:07:58,18244.15,200,297800
20221110,15:08:00,18242.00,50,297800
20221110,15:08:14,18241.00,50,297800
20221110,15:08:25,18239.70,50,297800
20221110,15:09:22,18240.00,50,297800
20221110,15:09:32,18244.85,50,297500
20221110,15:09:39,18241.30,50,297500
20221110,15:10:00,18245.00,100,297500
20221110,15:10:01,18245.00,50,297500
20221110,15:10:03,18245.25,550,297500
20221110,15:10:15,18248.00,100,297500
20221110,15:10:22,18250.00,50,297500
20221110,15:10:26,18249.80,50,297500
20221110,15:10:57,18246.85,50,297500
20221110,15:11:17,18245.00,50,297500
20221110,15:11:40,18239.15,50,297500
20221110,15:11:50,18239.00,150,297500
20221110,15:11:52,18239.85,50,297500
20221110,15:12:57,18236.15,200,297500
20221110,15:13:02,18240.00,100,297650
20221110,15:13:03,18240.00,50,297650
20221110,15:13:25,18237.45,50,297650
20221110,15:13:48,18235.00,50,297650
20221110,15:14:25,18237.00,50,297650
20221110,15:15:04,18237.00,100,297650
20221110,15:15:48,18236.25,50,297700
20221110,15:15:57,18237.00,50,297700
20221110,15:16:13,18238.50,100,297700
20221110,15:16:16,18240.00,200,297700
20221110,15:16:36,18244.85,50,297700
20221110,15:16:50,18242.55,300,297700
20221110,15:17:04,18245.00,850,297700
20221110,15:17:29,18249.95,50,297700
20221110,15:17:31,18251.05,500,297700
20221110,15:17:44,18251.40,200,297700
20221110,15:17:49,18253.00,50,297700
20221110,15:17:51,18255.90,200,297700
20221110,15:18:01,18255.95,50,297700
20221110,15:18:05,18258.00,200,297700
20221110,15:18:25,18258.00,50,296500
20221110,15:18:27,18257.00,50,296500
20221110,15:18:31,18255.00,50,296500
20221110,15:18:32,18254.70,50,296500
20221110,15:18:49,18252.65,50,296500
20221110,15:19:39,18254.85,100,296500
20221110,15:20:04,18255.00,100,296500
20221110,15:20:09,18255.00,50,296500
20221110,15:20:45,18252.70,50,296500
20221110,15:21:01,18251.00,50,296500
20221110,15:21:06,18251.00,50,296500
20221110,15:21:10,18251.00,50,296500
20221110,15:21:14,18250.15,50,296500
20221110,15:21:22,18248.00,50,296650
20221110,15:21:46,18248.05,50,296650
20221110,15:21:57,18248.35,50,296650
20221110,15:22:01,18248.35,150,296650
20221110,15:22:02,18248.35,50,296650
20221110,15:22:04,18248.35,50,296650
20221110,15:22:05,18248.35,50,296650
20221110,15:22:24,18248.70,50,296650
20221110,15:22:33,18250.00,50,296650
20221110,15:22:46,18248.70,50,296650
20221110,15:23:33,18250.00,50,296650
20221110,15:23:44,18249.95,50,296650
20221110,15:24:00,18249.65,300,296650
20221110,15:24:05,18249.90,50,296650
20221110,15:24:42,18246.80,50,296200
20221110,15:25:01,18249.00,150,296200
20221110,15:25:16,18249.00,50,296200
20221110,15:25:26,18249.00,50,296200
20221110,15:25:27,18247.25,50,296200
20221110,15:25:41,18249.95,50,296200
20221110,15:25:51,18248.00,50,296200
20221110,15:26:11,18248.00,100,296200
20221110,15:26:23,18248.00,400,296200
20221110,15:26:28,18249.00,50,296200
20221110,15:27:39,18249.00,50,296400
20221110,15:27:46,18248.00,50,296400
20221110,15:27:48,18250.00,600,296400
20221110,15:27:49,18250.00,150,296400
20221110,15:27:50,18250.00,700,296400
20221110,15:28:02,18250.00,100,296400
20221110,15:28:18,18250.95,50,296400
20221110,15:28:46,18250.00,100,296400
20221110,15:28:49,18250.00,50,296400
20221110,15:28:54,18250.00,50,296400
20221110,15:29:00,18249.00,50,296400
20221110,15:29:03,18248.00,50,296400
20221110,15:29:15,18248.70,100,296400
20221110,15:29:22,18249.60,100,296400
20221110,15:29:30,18248.00,50,296400
20221110,15:29:36,18246.90,50,296400
20221110,15:29:38,18246.25,50,296400
20221110,15:29:42,18246.00,50,296400
20221110,15:29:45,18246.25,250,296400
20221110,15:29:51,18247.00,50,296400
20221110,15:29:52,18248.00,50,296400
20221110,15:29:56,18247.00,50,296400
20221110,15:29:58,18247.00,50,296400
20221110,15:29:59,18246.00,250,296400
