20221110,09:15:01,18201.35,1,1594950
20221110,09:15:01,18201.35,150,1594950
20221110,09:15:02,18213.15,150,1594950
20221110,09:15:03,18208.90,100,1594950
20221110,09:15:05,18207.45,550,1594950
20221110,09:15:06,18205.00,200,1594950
20221110,09:15:07,18208.20,550,1594950
20221110,09:15:08,18221.25,700,1594950
20221110,09:15:09,18225.00,1250,1594950
20221110,09:15:09,18218.85,200,1594950
20221110,09:15:10,18224.30,600,1594950
20221110,09:15:11,18224.45,200,1594950
20221110,09:15:13,18240.60,1900,1594950
20221110,09:15:14,18232.65,550,1594950
20221110,09:15:15,18245.40,3100,1594950
20221110,09:15:16,18231.05,350,1594950
20221110,09:15:17,18231.35,1650,1594950
20221110,09:15:19,18237.55,200,1594950
20221110,09:15:20,18234.15,400,1594950
20221110,09:15:21,18234.35,600,1594950
20221110,09:15:22,18238.80,450,1594950
20221110,09:15:24,18239.20,1550,1594950
20221110,09:15:25,18240.00,400,1594950
20221110,09:15:26,18239.30,1600,1594950
20221110,09:15:27,18235.00,1150,1594950
20221110,09:15:28,18239.35,1700,1594950
20221110,09:15:29,18237.45,100,1594950
20221110,09:15:30,18232.15,1050,1594950
20221110,09:15:31,18231.75,600,1594950
20221110,09:15:32,18236.70,850,1594950
20221110,09:15:34,18236.85,650,1594950
20221110,09:15:35,18228.90,300,1594950
20221110,09:15:36,18228.20,500,1594950
20221110,09:15:37,18227.40,1450,1594950
20221110,09:15:38,18229.55,250,1594950
20221110,09:15:40,18229.60,1800,1594950
20221110,09:15:41,18228.75,350,1594950
20221110,09:15:42,18230.55,100,1594950
20221110,09:15:44,18229.60,50,1594950
20221110,09:15:47,18227.50,150,1594950
20221110,09:15:48,18223.25,100,1594950
20221110,09:15:49,18221.25,50,1594950
20221110,09:15:49,18224.35,100,1594950
20221110,09:15:51,18220.00,150,1594950
20221110,09:15:52,18217.55,250,1594950
20221110,09:15:54,18219.85,100,1594950
20221110,09:15:55,18220.30,50,1594950
20221110,09:15:56,18219.85,50,1594950
20221110,09:15:57,18217.45,300,1594950
20221110,09:15:58,18219.20,200,1594950
20221110,09:15:58,18221.90,500,1594950
20221110,09:15:59,18217.60,100,1594950
20221110,09:16:00,18214.65,100,1594950
20221110,09:16:02,18216.65,600,1594950
20221110,09:16:03,18210.05,400,1594950
20221110,09:16:04,18208.75,1000,1594950
20221110,09:16:05,18205.60,1150,1594950
20221110,09:16:06,18211.65,1300,1594950
20221110,09:16:08,18211.60,150,1594950
20221110,09:16:09,18211.80,350,1594950
20221110,09:16:12,18211.00,50,1594950
20221110,09:16:13,18214.40,300,1594950
20221110,09:16:14,18210.00,100,1594950
20221110,09:16:15,18206.95,150,1594950
20221110,09:16:16,18212.70,50,1594950
20221110,09:16:17,18211.60,150,1594950
20221110,09:16:19,18207.95,100,1594950
20221110,09:16:20,18208.30,150,1594950
20221110,09:16:22,18208.00,50,1594950
20221110,09:16:23,18209.45,200,1594950
20221110,09:16:24,18212.55,250,1594950
20221110,09:16:25,18213.20,50,1594950
20221110,09:16:27,18213.40,650,1594950
20221110,09:16:28,18213.20,50,1594950
20221110,09:16:29,18213.20,250,1594950
20221110,09:16:30,18213.40,50,1594950
20221110,09:16:32,18213.10,350,1594950
20221110,09:16:33,18209.05,200,1594950
20221110,09:16:35,18213.00,50,1594950
20221110,09:16:37,18209.00,50,1594950
20221110,09:16:38,18210.00,50,1594950
20221110,09:16:39,18209.00,400,1594950
20221110,09:16:40,18210.35,150,1594950
20221110,09:16:41,18208.00,100,1594950
20221110,09:16:43,18208.35,150,1594950
20221110,09:16:45,18206.00,50,1594950
20221110,09:16:46,18205.00,800,1594950
20221110,09:16:47,18205.65,150,1594950
20221110,09:16:48,18202.00,250,1594950
20221110,09:16:49,18205.20,150,1594950
20221110,09:16:51,18204.20,100,1594950
20221110,09:16:52,18203.00,50,1594950
20221110,09:16:53,18201.05,150,1594950
20221110,09:16:54,18203.95,200,1594950
20221110,09:16:56,18202.25,50,1594950
20221110,09:16:58,18203.90,50,1594950
20221110,09:16:59,18204.20,50,1594950
20221110,09:17:00,18207.10,50,1594950
20221110,09:17:01,18204.80,50,1594950
20221110,09:17:02,18204.85,50,1594950
20221110,09:17:04,18202.00,200,1594950
20221110,09:17:08,18203.95,100,1594950
20221110,09:17:09,18204.50,200,1594950
20221110,09:17:10,18202.95,200,1594950
20221110,09:17:12,18207.40,50,1594950
20221110,09:17:15,18203.15,100,1594950
20221110,09:17:20,18207.85,50,1594950
20221110,09:17:21,18203.75,1250,1594950
20221110,09:17:24,18207.45,100,1594950
20221110,09:17:26,18210.90,100,1594950
20221110,09:17:27,18206.95,100,1594950
20221110,09:17:32,18210.75,150,1594950
20221110,09:17:36,18207.45,50,1592650
20221110,09:17:38,18205.00,100,1592650
20221110,09:17:39,18208.70,100,1592650
20221110,09:17:41,18209.35,100,1592650
20221110,09:17:44,18204.40,150,1592650
20221110,09:17:46,18208.40,50,1592650
20221110,09:17:47,18208.10,550,1592650
20221110,09:17:49,18205.95,50,1592650
20221110,09:17:50,18209.40,150,1592650
20221110,09:17:51,18208.45,50,1592650
20221110,09:17:53,18209.40,50,1592650
20221110,09:17:55,18210.00,100,1592650
20221110,09:17:57,18207.85,100,1592650
20221110,09:17:59,18210.15,100,1592650
20221110,09:18:00,18210.75,150,1592650
20221110,09:18:01,18209.60,100,1592650
20221110,09:18:02,18210.35,150,1592650
20221110,09:18:04,18211.75,50,1592650
20221110,09:18:13,18211.75,50,1592650
20221110,09:18:16,18209.60,100,1592650
20221110,09:18:19,18213.85,200,1592650
20221110,09:18:21,18213.10,50,1592650
20221110,09:18:23,18210.15,250,1592650
20221110,09:18:25,18213.05,50,1592650
20221110,09:18:26,18212.20,50,1592650
20221110,09:18:30,18210.00,150,1592650
20221110,09:18:31,18210.00,150,1592650
20221110,09:18:39,18213.85,100,1592650
20221110,09:18:40,18215.00,50,1592650
20221110,09:18:43,18215.00,50,1592650
20221110,09:18:44,18216.65,100,1592650
20221110,09:18:47,18215.00,200,1592650
20221110,09:18:48,18218.00,50,1592650
20221110,09:18:53,18216.65,50,1592650
20221110,09:18:54,18215.90,100,1592650
20221110,09:18:57,18218.00,50,1592650
20221110,09:19:00,18218.00,100,1592650
20221110,09:19:01,18219.95,50,1592650
20221110,09:19:02,18217.00,50,1592650
20221110,09:19:03,18216.00,200,1592650
20221110,09:19:04,18217.00,100,1592650
20221110,09:19:05,18215.00,300,1592650
20221110,09:19:07,18217.85,150,1592650
20221110,09:19:08,18217.00,150,1592650
20221110,09:19:16,18217.95,50,1592650
20221110,09:19:19,18217.00,100,1592650
20221110,09:19:23,18216.00,150,1592650
20221110,09:19:24,18215.00,150,1592650
20221110,09:19:27,18216.00,300,1592650
20221110,09:19:28,18216.75,50,1592650
20221110,09:19:30,18217.00,50,1592650
20221110,09:19:31,18217.10,50,1592650
20221110,09:19:38,18216.85,50,1592650
20221110,09:19:45,18216.85,50,1592650
20221110,09:19:46,18217.50,50,1592650
20221110,09:19:48,18217.10,50,1592650
20221110,09:19:53,18217.85,100,1592650
20221110,09:19:54,18217.85,50,1592650
20221110,09:19:55,18218.00,50,1592650
20221110,09:19:56,18220.00,150,1592650
20221110,09:19:57,18219.20,150,1592650
20221110,09:20:00,18220.00,250,1592650
20221110,09:20:01,18220.00,400,1592650
20221110,09:20:03,18220.00,50,1592650
20221110,09:20:05,18220.00,200,1592650
20221110,09:20:07,18221.50,50,1592650
20221110,09:20:09,18220.00,250,1592650
20221110,09:20:11,18220.15,250,1592650
20221110,09:20:15,18225.00,100,1592650
20221110,09:20:17,18228.75,250,1592650
20221110,09:20:22,18227.05,50,1592650
20221110,09:20:24,18227.25,100,1592650
20221110,09:20:26,18225.00,100,1592650
20221110,09:20:27,18225.00,50,1592650
20221110,09:20:28,18225.00,50,1592650
20221110,09:20:29,18224.00,150,1592650
20221110,09:20:31,18229.30,100,1592650
20221110,09:20:32,18229.95,50,1592650
20221110,09:20:35,18228.50,50,1592650
20221110,09:20:38,18227.05,2100,1592650
20221110,09:20:39,18225.25,50,1592650
20221110,09:20:40,18228.80,400,1592650
20221110,09:20:41,18228.95,50,1592650
20221110,09:20:42,18228.95,50,1592650
20221110,09:20:43,18226.15,50,1592650
20221110,09:20:44,18226.15,200,1592650
20221110,09:20:48,18229.45,600,1592650
20221110,09:20:50,18225.75,50,1592650
20221110,09:20:51,18225.85,250,1592650
20221110,09:20:53,18225.70,150,1592650
20221110,09:20:54,18229.15,500,1592650
20221110,09:20:57,18225.50,250,1592650
20221110,09:21:00,18225.95,50,1592650
20221110,09:21:01,18225.65,400,1592650
20221110,09:21:04,18227.55,150,1592650
20221110,09:21:05,18228.80,50,1592650
20221110,09:21:06,18229.35,1050,1592650
20221110,09:21:11,18229.35,100,1592650
20221110,09:21:12,18228.45,50,1592650
20221110,09:21:15,18228.55,150,1592650
20221110,09:21:17,18225.65,250,1592650
20221110,09:21:19,18225.40,200,1592650
20221110,09:21:20,18225.00,200,1592650
20221110,09:21:21,18227.20,200,1592650
20221110,09:21:22,18221.00,1050,1592650
20221110,09:21:25,18226.75,100,1592650
20221110,09:21:35,18220.50,100,1592650
20221110,09:21:38,18220.05,50,1592650
20221110,09:21:41,18223.75,50,1592650
20221110,09:21:44,18224.80,50,1592650
20221110,09:21:45,18221.90,100,1592650
20221110,09:21:50,18225.45,50,1592650
20221110,09:21:56,18222.85,50,1592650
20221110,09:21:58,18226.60,50,1592650
20221110,09:22:03,18223.00,400,1592650
20221110,09:22:04,18222.00,800,1592650
20221110,09:22:05,18221.90,150,1592650
20221110,09:22:06,18225.20,100,1592650
20221110,09:22:08,18226.75,50,1592650
20221110,09:22:10,18225.60,300,1592650
20221110,09:22:14,18225.00,100,1592650
20221110,09:22:15,18222.20,150,1592650
20221110,09:22:16,18226.10,50,1592650
20221110,09:22:20,18225.60,50,1592650
20221110,09:22:28,18227.10,100,1592650
20221110,09:22:32,18221.95,50,1592650
20221110,09:22:36,18223.65,650,1592650
20221110,09:22:37,18220.00,100,1592650
20221110,09:22:39,18222.45,50,1592650
20221110,09:22:41,18220.05,100,1592650
20221110,09:22:44,18220.40,50,1592650
20221110,09:22:48,18223.00,50,1592650
20221110,09:22:49,18219.45,1450,1592650
20221110,09:22:55,18225.55,1500,1592650
20221110,09:23:01,18221.90,50,1592650
20221110,09:23:02,18220.70,50,1592650
20221110,09:23:12,18219.45,200,1592650
20221110,09:23:14,18218.00,50,1592650
20221110,09:23:15,18219.80,50,1592650
20221110,09:23:22,18219.10,50,1592650
20221110,09:23:24,18217.55,350,1592650
20221110,09:23:25,18216.30,200,1592650
20221110,09:23:27,18219.75,50,1592650
20221110,09:23:32,18220.00,50,1592650
20221110,09:23:36,18219.00,50,1592300
20221110,09:23:37,18217.55,100,1592300
20221110,09:23:38,18220.00,200,1592300
20221110,09:23:42,18219.65,350,1592300
20221110,09:23:43,18219.10,50,1592300
20221110,09:23:44,18218.15,150,1592300
20221110,09:23:47,18215.00,700,1592300
20221110,09:23:48,18215.45,100,1592300
20221110,09:23:49,18212.10,50,1592300
20221110,09:23:51,18212.00,100,1592300
20221110,09:23:54,18212.10,150,1592300
20221110,09:23:56,18211.00,200,1592300
20221110,09:23:57,18210.85,100,1592300
20221110,09:23:59,18210.65,100,1592300
20221110,09:24:03,18210.00,600,1592300
20221110,09:24:06,18210.00,100,1592300
20221110,09:24:07,18209.95,100,1592300
20221110,09:24:08,18210.00,50,1592300
20221110,09:24:10,18209.00,100,1592300
20221110,09:24:11,18209.45,50,1592300
20221110,09:24:11,18207.95,150,1592300
20221110,09:24:12,18207.00,50,1592300
20221110,09:24:15,18210.00,50,1592300
20221110,09:24:16,18207.05,50,1592300
20221110,09:24:17,18208.00,50,1592300
20221110,09:24:18,18208.00,50,1592300
20221110,09:24:22,18207.00,100,1592300
20221110,09:24:23,18206.00,50,1592300
20221110,09:24:24,18207.95,100,1592300
20221110,09:24:25,18210.80,600,1592300
20221110,09:24:26,18212.50,1050,1592300
20221110,09:24:28,18210.35,50,1592300
20221110,09:24:29,18210.35,100,1592300
20221110,09:24:30,18212.50,50,1592300
20221110,09:24:31,18212.10,50,1592300
20221110,09:24:33,18207.50,150,1592300
20221110,09:24:37,18213.95,150,1592300
20221110,09:24:39,18210.30,100,1592300
20221110,09:24:42,18209.50,50,1592300
20221110,09:24:49,18211.50,100,1592300
20221110,09:24:58,18210.00,150,1592300
20221110,09:25:00,18209.50,150,1592300
20221110,09:25:14,18210.65,100,1592300
20221110,09:25:15,18211.70,50,1592300
20221110,09:25:18,18213.65,1700,1592300
20221110,09:25:25,18212.55,50,1592300
20221110,09:25:26,18212.00,50,1592300
20221110,09:25:31,18212.00,200,1592300
20221110,09:25:39,18212.35,50,1592300
20221110,09:25:41,18212.60,50,1592300
20221110,09:25:44,18212.00,50,1592300
20221110,09:25:48,18212.00,50,1592300
20221110,09:25:49,18212.45,100,1592300
20221110,09:25:50,18211.00,100,1592300
20221110,09:25:51,18209.35,100,1592300
20221110,09:25:53,18210.15,50,1592300
20221110,09:25:57,18209.00,50,1592300
20221110,09:26:00,18206.25,150,1592300
20221110,09:26:01,18207.35,50,1592300
20221110,09:26:03,18206.00,50,1592300
20221110,09:26:04,18205.00,100,1592300
20221110,09:26:10,18205.40,50,1592300
20221110,09:26:13,18207.65,100,1592300
20221110,09:26:17,18205.00,200,1592300
20221110,09:26:20,18205.05,150,1592300
20221110,09:26:21,18207.70,100,1592300
20221110,09:26:25,18207.00,100,1592300
20221110,09:26:27,18207.55,100,1592300
20221110,09:26:32,18205.05,200,1592300
20221110,09:26:40,18206.75,50,1594000
20221110,09:26:41,18206.75,50,1594000
20221110,09:26:42,18207.65,100,1594000
20221110,09:26:45,18207.55,100,1594000
20221110,09:26:50,18207.55,50,1594000
20221110,09:26:52,18207.55,450,1594000
20221110,09:26:53,18211.75,200,1594000
20221110,09:26:57,18210.10,50,1594000
20221110,09:27:07,18214.80,100,1594000
20221110,09:27:13,18212.25,100,1594000
20221110,09:27:14,18212.25,100,1594000
20221110,09:27:17,18212.30,100,1594000
20221110,09:27:19,18213.10,100,1594000
20221110,09:27:22,18218.90,100,1594000
20221110,09:27:34,18216.00,50,1594000
20221110,09:27:37,18217.00,100,1594000
20221110,09:27:43,18218.05,100,1594000
20221110,09:27:46,18216.85,100,1594000
20221110,09:27:48,18217.00,50,1594000
20221110,09:27:56,18217.00,50,1594000
20221110,09:27:57,18216.85,100,1594000
20221110,09:27:58,18215.00,100,1594000
20221110,09:28:03,18215.55,100,1594000
20221110,09:28:07,18215.00,50,1594000
20221110,09:28:08,18215.00,50,1594000
20221110,09:28:11,18215.10,50,1594000
20221110,09:28:15,18214.20,150,1594000
20221110,09:28:16,18212.00,50,1594000
20221110,09:28:17,18211.05,50,1594000
20221110,09:28:18,18210.90,200,1594000
20221110,09:28:19,18210.00,250,1594000
20221110,09:28:20,18210.00,50,1594000
20221110,09:28:22,18210.50,150,1594000
20221110,09:28:25,18209.90,350,1594000
20221110,09:28:28,18209.30,150,1594000
20221110,09:28:37,18210.00,50,1594000
20221110,09:28:40,18209.20,100,1594000
20221110,09:28:41,18209.20,50,1594000
20221110,09:28:44,18213.45,150,1594000
20221110,09:28:50,18211.20,50,1594000
20221110,09:28:56,18214.75,50,1594000
20221110,09:29:07,18212.55,250,1594000
20221110,09:29:09,18210.10,50,1594000
20221110,09:29:13,18211.10,100,1594000
20221110,09:29:15,18211.10,50,1594000
20221110,09:29:17,18210.00,100,1594000
20221110,09:29:18,18210.10,100,1594000
20221110,09:29:21,18210.00,200,1594000
20221110,09:29:22,18209.50,50,1594000
20221110,09:29:23,18209.50,150,1594000
20221110,09:29:24,18209.50,150,1594000
20221110,09:29:26,18211.65,250,1594000
20221110,09:29:27,18209.50,100,1594000
20221110,09:29:32,18212.60,50,1594000
20221110,09:29:36,18212.55,150,1594000
20221110,09:29:39,18212.00,50,1596050
20221110,09:29:40,18212.85,50,1596050
20221110,09:29:41,18212.55,100,1596050
20221110,09:29:46,18212.00,50,1596050
20221110,09:29:49,18212.00,50,1596050
20221110,09:29:52,18211.75,150,1596050
20221110,09:29:55,18211.65,50,1596050
20221110,09:29:56,18211.60,150,1596050
20221110,09:29:57,18212.00,50,1596050
20221110,09:29:58,18211.45,50,1596050
20221110,09:29:59,18212.00,50,1596050
20221110,09:30:01,18211.40,100,1596050
20221110,09:30:07,18211.35,50,1596050
20221110,09:30:11,18212.00,50,1596050
20221110,09:30:20,18213.15,50,1596050
20221110,09:30:22,18212.00,200,1596050
20221110,09:30:26,18210.00,250,1596050
20221110,09:30:28,18210.25,100,1596050
20221110,09:30:29,18209.80,350,1596050
20221110,09:30:31,18209.20,100,1596050
20221110,09:30:36,18209.40,100,1596050
20221110,09:30:37,18208.55,250,1596050
20221110,09:30:38,18207.55,250,1596050
20221110,09:30:39,18207.00,100,1596050
20221110,09:30:40,18207.65,100,1596050
20221110,09:30:42,18207.55,50,1596050
20221110,09:30:44,18207.70,100,1596050
20221110,09:30:51,18209.20,50,1596050
20221110,09:30:52,18209.20,50,1596050
20221110,09:30:53,18207.80,50,1596050
20221110,09:30:57,18209.80,100,1596050
20221110,09:30:58,18209.55,200,1596050
20221110,09:30:59,18211.90,150,1596050
20221110,09:31:05,18210.40,50,1596050
20221110,09:31:06,18209.50,50,1596050
20221110,09:31:08,18209.95,150,1596050
20221110,09:31:19,18209.95,50,1596050
20221110,09:31:22,18210.30,100,1596050
20221110,09:31:37,18210.30,50,1596050
20221110,09:31:40,18210.30,50,1596050
20221110,09:31:41,18210.05,50,1596050
20221110,09:31:46,18212.40,200,1596050
20221110,09:31:52,18211.70,50,1596050
20221110,09:31:55,18212.25,100,1596050
20221110,09:31:56,18210.00,250,1596050
20221110,09:31:59,18209.95,200,1596050
20221110,09:32:00,18208.90,50,1596050
20221110,09:32:01,18208.30,50,1596050
20221110,09:32:02,18207.80,50,1596050
20221110,09:32:04,18207.65,250,1596050
20221110,09:32:06,18207.00,50,1596050
20221110,09:32:08,18207.00,500,1596050
20221110,09:32:09,18207.00,200,1596050
20221110,09:32:20,18210.95,500,1596050
20221110,09:32:24,18210.55,200,1596050
20221110,09:32:25,18208.55,50,1596050
20221110,09:32:27,18208.55,100,1596050
20221110,09:32:32,18208.40,100,1596050
20221110,09:32:36,18207.90,50,1596050
20221110,09:32:37,18207.00,50,1600600
20221110,09:32:38,18207.30,200,1600600
20221110,09:32:39,18208.80,50,1600600
20221110,09:32:40,18207.05,100,1600600
20221110,09:32:41,18206.00,100,1600600
20221110,09:32:42,18203.00,1100,1600600
20221110,09:32:43,18203.65,100,1600600
20221110,09:32:44,18195.40,9150,1600600
20221110,09:32:45,18195.00,650,1600600
20221110,09:32:46,18192.15,50,1600600
20221110,09:32:47,18192.15,600,1600600
20221110,09:32:50,18195.35,350,1600600
20221110,09:32:53,18195.00,50,1600600
20221110,09:32:54,18195.10,200,1600600
20221110,09:32:58,18195.35,50,1600600
20221110,09:33:00,18196.65,50,1600600
20221110,09:33:01,18197.00,50,1600600
20221110,09:33:02,18195.00,100,1600600
20221110,09:33:03,18192.55,250,1600600
20221110,09:33:04,18192.50,50,1600600
20221110,09:33:05,18190.00,1500,1600600
20221110,09:33:06,18193.00,50,1600600
20221110,09:33:07,18192.40,50,1600600
20221110,09:33:09,18191.05,100,1600600
20221110,09:33:10,18190.00,50,1600600
20221110,09:33:12,18190.85,100,1600600
20221110,09:33:13,18192.10,50,1600600
20221110,09:33:14,18190.65,150,1600600
20221110,09:33:15,18191.90,450,1600600
20221110,09:33:17,18191.05,100,1600600
20221110,09:33:17,18190.00,50,1600600
20221110,09:33:18,18188.90,300,1600600
20221110,09:33:20,18185.15,1250,1600600
20221110,09:33:23,18185.15,550,1600600
20221110,09:33:24,18185.00,50,1600600
20221110,09:33:25,18182.70,1450,1600600
20221110,09:33:26,18183.60,100,1600600
20221110,09:33:26,18188.60,50,1600600
20221110,09:33:27,18186.15,150,1600600
20221110,09:33:28,18187.65,250,1600600
20221110,09:33:32,18187.65,100,1600600
20221110,09:33:33,18186.60,100,1600600
20221110,09:33:35,18187.05,50,1600600
20221110,09:33:36,18183.70,100,1600600
20221110,09:33:39,18188.35,350,1600600
20221110,09:33:40,18189.00,50,1600600
20221110,09:33:41,18184.40,50,1600600
20221110,09:33:42,18187.40,50,1600600
20221110,09:33:45,18184.90,100,1600600
20221110,09:33:50,18187.90,300,1600600
20221110,09:33:53,18185.00,50,1600600
20221110,09:33:58,18185.00,100,1600600
20221110,09:34:02,18184.90,100,1600600
20221110,09:34:03,18185.00,100,1600600
20221110,09:34:04,18181.05,150,1600600
20221110,09:34:05,18181.05,50,1600600
20221110,09:34:13,18181.00,100,1600600
20221110,09:34:17,18180.40,50,1600600
20221110,09:34:19,18180.30,150,1600600
20221110,09:34:20,18180.30,50,1600600
20221110,09:34:23,18180.25,100,1600600
20221110,09:34:24,18180.20,50,1600600
20221110,09:34:26,18180.20,50,1600600
20221110,09:34:31,18180.20,50,1600600
20221110,09:34:35,18181.40,50,1600600
20221110,09:34:40,18188.50,450,1600600
20221110,09:34:41,18188.95,500,1600600
20221110,09:34:42,18188.75,550,1600600
20221110,09:34:48,18187.85,1500,1600600
20221110,09:34:53,18182.70,50,1600600
20221110,09:34:53,18182.10,50,1600600
20221110,09:34:58,18181.00,500,1600600
20221110,09:35:00,18184.65,50,1600600
20221110,09:35:03,18181.00,50,1600600
20221110,09:35:04,18180.10,500,1600600
20221110,09:35:08,18180.10,50,1600600
20221110,09:35:09,18180.15,50,1600600
20221110,09:35:13,18180.30,100,1600600
20221110,09:35:13,18182.70,150,1600600
20221110,09:35:14,18184.00,50,1600600
20221110,09:35:19,18181.45,50,1600600
20221110,09:35:21,18182.90,150,1600600
20221110,09:35:22,18180.15,50,1600600
20221110,09:35:25,18180.10,100,1600600
20221110,09:35:26,18180.00,100,1600600
20221110,09:35:27,18180.00,250,1600600
20221110,09:35:28,18180.00,50,1600600
20221110,09:35:29,18180.00,50,1600600
20221110,09:35:35,18180.35,50,1600600
20221110,09:35:36,18182.00,150,1600600
20221110,09:35:39,18180.00,50,1606200
20221110,09:35:41,18180.70,50,1606200
20221110,09:35:42,18180.00,150,1606200
20221110,09:35:43,18180.00,50,1606200
20221110,09:35:44,18180.00,50,1606200
20221110,09:35:47,18182.00,150,1606200
20221110,09:35:48,18180.00,50,1606200
20221110,09:35:48,18180.00,100,1606200
20221110,09:35:50,18180.00,50,1606200
20221110,09:35:53,18180.00,100,1606200
20221110,09:35:56,18179.00,50,1606200
20221110,09:36:01,18179.00,100,1606200
20221110,09:36:04,18176.60,50,1606200
20221110,09:36:05,18176.05,150,1606200
20221110,09:36:06,18179.00,150,1606200
20221110,09:36:07,18181.45,50,1606200
20221110,09:36:12,18179.95,50,1606200
20221110,09:36:13,18180.00,50,1606200
20221110,09:36:14,18178.75,200,1606200
20221110,09:36:16,18180.05,50,1606200
20221110,09:36:17,18180.45,300,1606200
20221110,09:36:18,18182.00,100,1606200
20221110,09:36:19,18184.80,650,1606200
20221110,09:36:22,18183.10,50,1606200
20221110,09:36:24,18184.65,50,1606200
20221110,09:36:30,18184.55,50,1606200
20221110,09:36:32,18184.90,150,1606200
20221110,09:36:33,18185.00,50,1606200
20221110,09:36:34,18185.40,100,1606200
20221110,09:36:35,18184.65,50,1606200
20221110,09:36:37,18183.10,150,1606200
20221110,09:36:40,18183.00,50,1606200
20221110,09:36:42,18181.35,100,1606200
20221110,09:36:44,18182.40,100,1606200
20221110,09:36:46,18181.00,100,1606200
20221110,09:36:49,18183.50,50,1606200
20221110,09:36:52,18183.65,100,1606200
20221110,09:36:57,18182.40,50,1606200
20221110,09:36:58,18182.40,50,1606200
20221110,09:36:59,18182.40,50,1606200
20221110,09:37:00,18182.40,300,1606200
20221110,09:37:02,18181.00,100,1606200
20221110,09:37:03,18180.95,150,1606200
20221110,09:37:03,18180.00,50,1606200
20221110,09:37:04,18182.10,250,1606200
20221110,09:37:05,18181.35,100,1606200
20221110,09:37:07,18180.00,350,1606200
20221110,09:37:08,18180.00,50,1606200
20221110,09:37:08,18178.80,150,1606200
20221110,09:37:12,18179.15,100,1606200
20221110,09:37:15,18178.70,50,1606200
20221110,09:37:21,18176.15,150,1606200
20221110,09:37:24,18175.75,100,1606200
20221110,09:37:27,18175.00,100,1606200
20221110,09:37:28,18175.00,50,1606200
20221110,09:37:31,18175.00,250,1606200
20221110,09:37:32,18175.00,50,1606200
20221110,09:37:33,18175.00,50,1606200
20221110,09:37:35,18175.00,150,1606200
20221110,09:37:36,18175.00,150,1606200
20221110,09:37:37,18175.00,150,1606200
20221110,09:37:39,18176.90,150,1606200
20221110,09:37:40,18176.90,100,1606200
20221110,09:37:42,18177.40,50,1606200
20221110,09:37:49,18181.15,50,1606200
20221110,09:37:50,18178.35,150,1606200
20221110,09:37:58,18179.55,150,1606200
20221110,09:38:00,18181.85,250,1606200
20221110,09:38:01,18179.55,50,1606200
20221110,09:38:03,18178.60,50,1606200
20221110,09:38:04,18179.55,50,1606200
20221110,09:38:06,18180.30,100,1606200
20221110,09:38:08,18180.30,50,1606200
20221110,09:38:10,18179.95,50,1606200
20221110,09:38:14,18180.30,50,1606200
20221110,09:38:15,18179.10,50,1606200
20221110,09:38:19,18180.30,50,1606200
20221110,09:38:23,18179.10,100,1606200
20221110,09:38:24,18179.10,100,1606200
20221110,09:38:26,18180.00,50,1606200
20221110,09:38:27,18179.05,150,1606200
20221110,09:38:29,18180.70,350,1606200
20221110,09:38:30,18179.00,150,1606200
20221110,09:38:36,18180.75,100,1606200
20221110,09:38:37,18180.15,50,1608500
20221110,09:38:43,18179.00,150,1608500
20221110,09:38:44,18179.00,50,1608500
20221110,09:38:45,18179.00,50,1608500
20221110,09:38:47,18179.00,150,1608500
20221110,09:38:48,18178.35,100,1608500
20221110,09:38:50,18178.35,50,1608500
20221110,09:38:54,18178.35,100,1608500
20221110,09:38:56,18180.15,50,1608500
20221110,09:38:58,18179.05,50,1608500
20221110,09:39:00,18181.00,50,1608500
20221110,09:39:01,18179.00,100,1608500
20221110,09:39:04,18179.10,100,1608500
20221110,09:39:05,18178.00,450,1608500
20221110,09:39:06,18178.75,300,1608500
20221110,09:39:07,18177.15,100,1608500
20221110,09:39:08,18177.00,50,1608500
20221110,09:39:10,18177.00,50,1608500
20221110,09:39:11,18177.05,100,1608500
20221110,09:39:13,18177.00,50,1608500
20221110,09:39:16,18177.80,50,1608500
20221110,09:39:30,18178.35,400,1608500
20221110,09:39:31,18179.05,850,1608500
20221110,09:39:31,18179.05,200,1608500
20221110,09:39:33,18179.05,150,1608500
20221110,09:39:35,18177.00,150,1608500
20221110,09:39:36,18176.40,50,1608500
20221110,09:39:40,18176.10,200,1608500
20221110,09:39:41,18177.00,50,1608500
20221110,09:39:46,18178.75,50,1608500
20221110,09:39:50,18176.15,150,1608500
20221110,09:39:57,18179.00,100,1608500
20221110,09:39:58,18177.05,50,1608500
20221110,09:40:01,18177.05,100,1608500
20221110,09:40:03,18176.15,50,1608500
20221110,09:40:05,18178.75,50,1608500
20221110,09:40:06,18179.00,50,1608500
20221110,09:40:08,18180.00,50,1608500
20221110,09:40:09,18180.20,100,1608500
20221110,09:40:12,18182.75,150,1608500
20221110,09:40:13,18182.00,50,1608500
20221110,09:40:16,18181.00,100,1608500
20221110,09:40:21,18183.65,50,1608500
20221110,09:40:23,18181.00,50,1608500
20221110,09:40:33,18183.50,50,1608500
20221110,09:40:35,18181.35,100,1608500
20221110,09:40:40,18182.85,100,1608500
20221110,09:40:42,18183.40,50,1608500
20221110,09:40:44,18183.40,50,1608500
20221110,09:40:51,18182.70,150,1608500
20221110,09:40:52,18184.15,50,1608500
20221110,09:40:53,18184.45,150,1608500
20221110,09:40:56,18183.20,100,1608500
20221110,09:40:58,18181.90,50,1608500
20221110,09:40:59,18181.85,50,1608500
20221110,09:41:01,18183.30,50,1608500
20221110,09:41:02,18180.50,50,1608500
20221110,09:41:03,18180.05,50,1608500
20221110,09:41:04,18181.70,50,1608500
20221110,09:41:06,18181.15,50,1608500
20221110,09:41:07,18180.00,50,1608500
20221110,09:41:08,18180.00,200,1608500
20221110,09:41:10,18180.00,50,1608500
20221110,09:41:13,18180.00,50,1608500
20221110,09:41:19,18177.80,100,1608500
20221110,09:41:21,18176.00,50,1608500
20221110,09:41:23,18176.85,50,1608500
20221110,09:41:24,18177.40,450,1608500
20221110,09:41:25,18177.35,50,1608500
20221110,09:41:28,18175.00,150,1608500
20221110,09:41:29,18176.90,100,1608500
20221110,09:41:32,18176.00,50,1608500
20221110,09:41:33,18177.35,50,1608500
20221110,09:41:37,18176.00,50,1608500
20221110,09:41:38,18177.45,350,1608500
20221110,09:41:42,18176.90,50,1609750
20221110,09:41:44,18176.15,100,1609750
20221110,09:41:45,18176.00,150,1609750
20221110,09:41:49,18176.00,100,1609750
20221110,09:41:50,18176.00,50,1609750
20221110,09:41:51,18175.20,100,1609750
20221110,09:41:52,18175.30,50,1609750
20221110,09:41:57,18175.35,50,1609750
20221110,09:41:58,18175.30,100,1609750
20221110,09:41:59,18176.05,100,1609750
20221110,09:42:02,18177.90,50,1609750
20221110,09:42:05,18176.00,200,1609750
20221110,09:42:07,18176.00,100,1609750
20221110,09:42:11,18176.90,100,1609750
20221110,09:42:13,18175.85,50,1609750
20221110,09:42:16,18177.45,50,1609750
20221110,09:42:20,18176.00,50,1609750
20221110,09:42:23,18176.10,50,1609750
20221110,09:42:27,18180.05,50,1609750
20221110,09:42:36,18178.65,50,1609750
20221110,09:42:38,18180.00,50,1609750
20221110,09:42:42,18179.95,50,1609750
20221110,09:42:48,18180.05,50,1609750
20221110,09:42:51,18180.05,50,1609750
20221110,09:42:52,18182.35,50,1609750
20221110,09:42:56,18178.00,50,1609750
20221110,09:43:13,18181.80,50,1609750
20221110,09:43:14,18182.00,50,1609750
20221110,09:43:22,18181.80,100,1609750
20221110,09:43:24,18181.20,50,1609750
20221110,09:43:26,18179.35,50,1609750
20221110,09:43:33,18179.35,50,1609750
20221110,09:43:37,18180.00,50,1609750
20221110,09:43:43,18179.90,500,1609750
20221110,09:43:44,18180.00,50,1609750
20221110,09:43:45,18183.20,50,1609750
20221110,09:43:56,18181.45,50,1609750
20221110,09:44:02,18181.45,50,1609750
20221110,09:44:07,18181.45,50,1609750
20221110,09:44:10,18180.00,100,1609750
20221110,09:44:11,18180.00,50,1609750
20221110,09:44:13,18180.00,50,1609750
20221110,09:44:16,18180.00,50,1609750
20221110,09:44:18,18180.00,50,1609750
20221110,09:44:20,18179.40,100,1609750
20221110,09:44:22,18179.40,50,1609750
20221110,09:44:23,18179.25,100,1609750
20221110,09:44:25,18179.25,50,1609750
20221110,09:44:27,18177.75,250,1609750
20221110,09:44:28,18178.00,100,1609750
20221110,09:44:29,18180.00,50,1609750
20221110,09:44:35,18180.00,450,1609750
20221110,09:44:36,18178.90,50,1609750
20221110,09:44:42,18180.00,50,1610300
20221110,09:44:43,18180.00,50,1610300
20221110,09:44:46,18181.75,50,1610300
20221110,09:44:51,18181.80,50,1610300
20221110,09:44:53,18181.00,50,1610300
20221110,09:44:59,18181.00,200,1610300
20221110,09:45:04,18178.50,550,1610300
20221110,09:45:05,18179.40,50,1610300
20221110,09:45:06,18178.95,200,1610300
20221110,09:45:07,18178.00,50,1610300
20221110,09:45:09,18177.00,150,1610300
20221110,09:45:11,18176.55,50,1610300
20221110,09:45:13,18175.00,500,1610300
20221110,09:45:15,18175.00,50,1610300
20221110,09:45:16,18174.60,150,1610300
20221110,09:45:17,18177.00,50,1610300
20221110,09:45:18,18175.30,50,1610300
20221110,09:45:20,18175.30,50,1610300
20221110,09:45:28,18175.35,1250,1610300
20221110,09:45:32,18178.35,50,1610300
20221110,09:45:34,18180.00,150,1610300
20221110,09:45:36,18180.00,50,1610300
20221110,09:45:37,18178.15,50,1610300
20221110,09:45:38,18178.15,50,1610300
20221110,09:45:43,18180.00,250,1610300
20221110,09:45:44,18180.00,50,1610300
20221110,09:45:47,18181.50,150,1610300
20221110,09:45:48,18179.95,50,1610300
20221110,09:45:51,18178.40,50,1610300
20221110,09:45:52,18178.50,50,1610300
20221110,09:45:54,18179.95,50,1610300
20221110,09:45:58,18182.00,50,1610300
20221110,09:45:58,18182.75,50,1610300
20221110,09:46:04,18182.45,50,1610300
20221110,09:46:04,18182.65,50,1610300
20221110,09:46:05,18182.85,100,1610300
20221110,09:46:16,18183.00,50,1610300
20221110,09:46:17,18185.00,100,1610300
20221110,09:46:18,18183.00,100,1610300
20221110,09:46:19,18185.00,50,1610300
20221110,09:46:20,18186.20,100,1610300
20221110,09:46:25,18184.90,50,1610300
20221110,09:46:27,18183.20,50,1610300
20221110,09:46:29,18184.50,100,1610300
20221110,09:46:31,18183.20,50,1610300
20221110,09:46:33,18183.50,500,1610300
20221110,09:46:34,18183.60,150,1610300
20221110,09:46:36,18181.45,50,1610300
20221110,09:46:39,18181.55,100,1610300
20221110,09:46:40,18180.00,150,1610300
20221110,09:46:41,18177.95,50,1610300
20221110,09:46:44,18180.65,50,1610300
20221110,09:46:45,18180.00,50,1610300
20221110,09:46:48,18177.95,300,1610300
20221110,09:46:50,18177.95,50,1610300
20221110,09:46:51,18180.00,50,1610300
20221110,09:46:55,18180.30,100,1610300
20221110,09:46:58,18180.00,100,1610300
20221110,09:46:59,18180.00,100,1610300
20221110,09:47:01,18180.00,50,1610300
20221110,09:47:02,18178.10,50,1610300
20221110,09:47:04,18178.80,50,1610300
20221110,09:47:06,18178.00,50,1610300
20221110,09:47:07,18179.35,200,1610300
20221110,09:47:08,18179.35,200,1610300
20221110,09:47:12,18177.95,50,1610300
20221110,09:47:19,18177.85,50,1610300
20221110,09:47:20,18178.00,50,1610300
20221110,09:47:21,18177.00,100,1610300
20221110,09:47:25,18177.00,100,1610300
20221110,09:47:26,18177.00,50,1610300
20221110,09:47:27,18177.50,100,1610300
20221110,09:47:28,18176.90,50,1610300
20221110,09:47:33,18177.95,150,1610300
20221110,09:47:34,18174.50,600,1610300
20221110,09:47:36,18174.05,50,1610300
20221110,09:47:45,18174.05,50,1611400
20221110,09:47:48,18174.05,300,1611400
20221110,09:47:50,18174.05,50,1611400
20221110,09:47:54,18176.90,100,1611400
20221110,09:47:57,18176.95,50,1611400
20221110,09:47:59,18177.00,50,1611400
20221110,09:48:04,18175.00,50,1611400
20221110,09:48:06,18174.00,100,1611400
20221110,09:48:10,18174.00,50,1611400
20221110,09:48:14,18174.00,50,1611400
20221110,09:48:16,18175.00,150,1611400
20221110,09:48:21,18177.00,50,1611400
20221110,09:48:33,18175.70,50,1611400
20221110,09:48:34,18178.00,150,1611400
20221110,09:48:37,18179.50,50,1611400
20221110,09:48:43,18178.85,50,1611400
20221110,09:48:46,18178.40,50,1611400
20221110,09:48:49,18178.65,50,1611400
20221110,09:48:52,18178.30,100,1611400
20221110,09:48:56,18177.55,50,1611400
20221110,09:48:57,18176.50,50,1611400
20221110,09:49:00,18175.50,50,1611400
20221110,09:49:03,18175.00,100,1611400
20221110,09:49:05,18175.00,250,1611400
20221110,09:49:06,18172.55,450,1611400
20221110,09:49:09,18172.55,50,1611400
20221110,09:49:11,18170.00,900,1611400
20221110,09:49:12,18170.00,50,1611400
20221110,09:49:12,18170.00,100,1611400
20221110,09:49:13,18170.00,200,1611400
20221110,09:49:14,18170.00,200,1611400
20221110,09:49:15,18169.95,400,1611400
20221110,09:49:16,18169.00,100,1611400
20221110,09:49:21,18167.35,200,1611400
20221110,09:49:22,18169.95,50,1611400
20221110,09:49:23,18167.40,50,1611400
20221110,09:49:24,18169.95,100,1611400
20221110,09:49:33,18171.30,50,1611400
20221110,09:49:37,18170.95,100,1611400
20221110,09:49:45,18172.25,50,1611400
20221110,09:49:47,18172.25,500,1611400
20221110,09:49:48,18171.60,50,1611400
20221110,09:49:50,18170.95,50,1611400
20221110,09:49:51,18170.95,100,1611400
20221110,09:49:56,18170.20,50,1611400
20221110,09:50:00,18167.45,50,1611400
20221110,09:50:01,18167.00,50,1611400
20221110,09:50:03,18165.00,250,1611400
20221110,09:50:05,18165.00,100,1611400
20221110,09:50:08,18165.25,400,1611400
20221110,09:50:09,18166.15,100,1611400
20221110,09:50:10,18167.45,150,1611400
20221110,09:50:12,18167.45,200,1611400
20221110,09:50:19,18170.95,100,1611400
20221110,09:50:20,18170.05,200,1611400
20221110,09:50:22,18173.90,150,1611400
20221110,09:50:29,18169.00,50,1611400
20221110,09:50:34,18171.65,300,1611400
20221110,09:50:37,18171.45,200,1611400
20221110,09:50:41,18170.95,150,1612000
20221110,09:50:42,18171.35,50,1612000
20221110,09:50:49,18168.10,50,1612000
20221110,09:50:54,18170.75,50,1612000
20221110,09:50:55,18169.00,50,1612000
20221110,09:50:56,18169.40,150,1612000
20221110,09:51:02,18169.40,400,1612000
20221110,09:51:07,18170.00,50,1612000
20221110,09:51:10,18169.10,350,1612000
20221110,09:51:13,18168.80,50,1612000
20221110,09:51:15,18172.25,50,1612000
20221110,09:51:17,18169.25,50,1612000
20221110,09:51:19,18168.25,50,1612000
20221110,09:51:34,18170.25,100,1612000
20221110,09:51:38,18171.00,50,1612000
20221110,09:51:43,18174.55,50,1612000
20221110,09:51:53,18174.50,50,1612000
20221110,09:51:58,18170.95,300,1612000
20221110,09:52:00,18171.75,450,1612000
20221110,09:52:05,18174.20,100,1612000
20221110,09:52:08,18171.85,200,1612000
20221110,09:52:09,18172.25,50,1612000
20221110,09:52:11,18172.25,100,1612000
20221110,09:52:13,18172.25,50,1612000
20221110,09:52:17,18172.35,50,1612000
20221110,09:52:21,18172.45,50,1612000
20221110,09:52:25,18172.85,50,1612000
20221110,09:52:26,18175.95,200,1612000
20221110,09:52:30,18172.65,50,1612000
20221110,09:52:33,18176.40,50,1612000
20221110,09:52:42,18175.25,50,1612000
20221110,09:52:43,18172.65,550,1612000
20221110,09:52:44,18172.30,200,1612000
20221110,09:52:47,18172.35,50,1612000
20221110,09:52:48,18172.30,50,1612000
20221110,09:52:50,18172.30,50,1612000
20221110,09:52:51,18172.65,50,1612000
20221110,09:52:53,18172.10,50,1612000
20221110,09:52:54,18172.10,100,1612000
20221110,09:52:56,18172.00,50,1612000
20221110,09:52:57,18171.90,150,1612000
20221110,09:53:00,18171.85,150,1612000
20221110,09:53:02,18171.75,50,1612000
20221110,09:53:07,18172.50,50,1612000
20221110,09:53:09,18171.65,50,1612000
20221110,09:53:15,18172.75,100,1612000
20221110,09:53:23,18176.25,150,1612000
20221110,09:53:26,18175.75,350,1612000
20221110,09:53:29,18177.15,50,1612000
20221110,09:53:33,18175.45,50,1612000
20221110,09:53:34,18175.30,50,1612000
20221110,09:53:37,18175.35,50,1612000
20221110,09:53:39,18175.70,100,1613200
20221110,09:53:40,18175.15,50,1613200
20221110,09:53:41,18175.10,50,1613200
20221110,09:53:44,18175.05,50,1613200
20221110,09:53:46,18174.90,100,1613200
20221110,09:53:49,18174.90,50,1613200
20221110,09:53:50,18174.85,50,1613200
20221110,09:53:52,18175.30,1050,1613200
20221110,09:54:01,18178.25,50,1613200
20221110,09:54:05,18175.95,50,1613200
20221110,09:54:07,18177.50,100,1613200
20221110,09:54:11,18175.05,50,1613200
20221110,09:54:13,18175.05,50,1613200
20221110,09:54:15,18175.20,150,1613200
20221110,09:54:16,18177.40,500,1613200
20221110,09:54:17,18175.05,50,1613200
20221110,09:54:19,18175.50,50,1613200
20221110,09:54:23,18178.00,550,1613200
20221110,09:54:29,18178.35,50,1613200
20221110,09:54:41,18175.90,300,1613200
20221110,09:54:42,18175.00,50,1613200
20221110,09:54:43,18172.90,350,1613200
20221110,09:54:44,18175.15,250,1613200
20221110,09:54:45,18175.20,50,1613200
20221110,09:54:46,18175.70,100,1613200
20221110,09:54:50,18173.75,100,1613200
20221110,09:54:52,18174.55,100,1613200
20221110,09:54:54,18174.75,50,1613200
20221110,09:54:55,18174.75,50,1613200
20221110,09:55:03,18172.50,500,1613200
20221110,09:55:04,18175.65,100,1613200
20221110,09:55:16,18174.50,150,1613200
20221110,09:55:18,18174.30,50,1613200
20221110,09:55:20,18174.55,50,1613200
20221110,09:55:21,18172.55,50,1613200
20221110,09:55:22,18172.50,100,1613200
20221110,09:55:23,18172.50,250,1613200
20221110,09:55:24,18170.95,250,1613200
20221110,09:55:25,18170.20,150,1613200
20221110,09:55:32,18170.10,50,1613200
20221110,09:55:34,18172.95,50,1613200
20221110,09:55:36,18173.65,50,1613200
20221110,09:55:38,18173.70,50,1613200
20221110,09:55:39,18173.75,50,1613200
20221110,09:55:42,18174.25,50,1613200
20221110,09:55:47,18173.60,50,1613200
20221110,09:55:50,18173.95,50,1613200
20221110,09:55:54,18173.85,50,1613200
20221110,09:55:56,18172.30,50,1613200
20221110,09:55:58,18174.00,50,1613200
20221110,09:56:01,18171.15,50,1613200
20221110,09:56:04,18172.00,150,1613200
20221110,09:56:05,18172.00,50,1613200
20221110,09:56:11,18173.90,50,1613200
20221110,09:56:12,18171.75,50,1613200
20221110,09:56:14,18170.95,50,1613200
20221110,09:56:17,18172.75,50,1613200
20221110,09:56:18,18172.40,150,1613200
20221110,09:56:20,18172.55,50,1613200
20221110,09:56:24,18171.10,50,1613200
20221110,09:56:31,18170.65,300,1613200
20221110,09:56:33,18172.55,100,1613200
20221110,09:56:34,18170.80,50,1613200
20221110,09:56:35,18170.75,50,1613200
20221110,09:56:36,18170.65,50,1613200
20221110,09:56:40,18170.65,50,1614900
20221110,09:56:49,18171.00,50,1614900
20221110,09:56:50,18170.00,600,1614900
20221110,09:56:51,18172.80,100,1614900
20221110,09:57:08,18171.60,50,1614900
20221110,09:57:10,18171.20,50,1614900
20221110,09:57:13,18171.80,50,1614900
20221110,09:57:15,18171.95,50,1614900
20221110,09:57:16,18172.50,150,1614900
20221110,09:57:30,18173.90,150,1614900
20221110,09:57:35,18171.00,300,1614900
20221110,09:57:36,18173.95,50,1614900
20221110,09:57:37,18173.80,100,1614900
20221110,09:57:43,18173.40,150,1614900
20221110,09:57:50,18172.00,50,1614900
20221110,09:57:53,18173.40,50,1614900
20221110,09:58:01,18172.00,50,1614900
20221110,09:58:03,18171.00,50,1614900
20221110,09:58:04,18172.95,50,1614900
20221110,09:58:05,18173.00,50,1614900
20221110,09:58:15,18174.00,300,1614900
20221110,09:58:41,18173.90,100,1614900
20221110,09:58:51,18172.05,50,1614900
20221110,09:58:54,18173.00,50,1614900
20221110,09:58:56,18172.55,100,1614900
20221110,09:59:02,18173.85,200,1614900
20221110,09:59:04,18171.80,50,1614900
20221110,09:59:05,18173.00,50,1614900
20221110,09:59:10,18171.00,50,1614900
20221110,09:59:11,18172.10,50,1614900
20221110,09:59:19,18170.30,50,1614900
20221110,09:59:26,18172.10,100,1614900
20221110,09:59:38,18171.00,50,1614900
20221110,09:59:40,18172.20,50,1615600
20221110,09:59:47,18171.00,50,1615600
20221110,09:59:59,18173.65,100,1615600
20221110,10:00:01,18172.00,150,1615600
20221110,10:00:02,18170.05,100,1615600
20221110,10:00:03,18171.95,250,1615600
20221110,10:00:04,18172.20,100,1615600
20221110,10:00:08,18170.50,50,1615600
20221110,10:00:14,18170.65,50,1615600
20221110,10:00:15,18170.55,50,1615600
20221110,10:00:21,18172.45,50,1615600
20221110,10:00:22,18171.85,100,1615600
20221110,10:00:25,18171.35,100,1615600
20221110,10:00:26,18172.45,150,1615600
20221110,10:00:28,18174.00,450,1615600
20221110,10:00:31,18173.10,100,1615600
20221110,10:00:33,18174.80,50,1615600
20221110,10:00:37,18172.90,50,1615600
20221110,10:00:38,18172.90,50,1615600
20221110,10:00:39,18174.70,50,1615600
20221110,10:00:43,18174.00,50,1615600
20221110,10:00:45,18172.25,50,1615600
20221110,10:00:48,18174.90,50,1615600
20221110,10:00:49,18174.95,50,1615600
20221110,10:00:52,18175.00,200,1615600
20221110,10:00:53,18175.00,200,1615600
20221110,10:00:55,18176.50,50,1615600
20221110,10:00:57,18177.95,50,1615600
20221110,10:01:02,18176.15,150,1615600
20221110,10:01:11,18178.00,150,1615600
20221110,10:01:13,18177.90,250,1615600
20221110,10:01:15,18176.80,50,1615600
20221110,10:01:20,18178.95,100,1615600
20221110,10:01:21,18178.55,100,1615600
20221110,10:01:21,18178.70,50,1615600
20221110,10:01:22,18179.40,150,1615600
20221110,10:01:25,18179.55,50,1615600
20221110,10:01:27,18178.65,50,1615600
20221110,10:01:28,18179.95,100,1615600
20221110,10:01:30,18180.50,100,1615600
20221110,10:01:38,18179.00,150,1615600
20221110,10:01:39,18178.60,50,1615600
20221110,10:01:40,18178.55,200,1615600
20221110,10:01:47,18178.05,50,1615600
20221110,10:01:52,18176.65,150,1615600
20221110,10:01:54,18178.80,50,1615600
20221110,10:01:57,18178.55,100,1615600
20221110,10:02:01,18176.65,50,1615600
20221110,10:02:12,18176.70,50,1615600
20221110,10:02:15,18179.25,50,1615600
20221110,10:02:17,18178.60,50,1615600
20221110,10:02:26,18179.25,50,1615600
20221110,10:02:29,18178.00,100,1615600
20221110,10:02:36,18178.00,50,1615600
20221110,10:02:39,18177.00,50,1615600
20221110,10:02:42,18176.15,100,1617600
20221110,10:02:44,18176.15,50,1617600
20221110,10:02:47,18176.10,50,1617600
20221110,10:02:48,18177.45,50,1617600
20221110,10:02:49,18177.45,50,1617600
20221110,10:02:50,18177.15,50,1617600
20221110,10:02:56,18180.25,750,1617600
20221110,10:02:58,18177.30,100,1617600
20221110,10:03:02,18180.00,50,1617600
20221110,10:03:07,18181.00,150,1617600
20221110,10:03:10,18181.05,50,1617600
20221110,10:03:11,18181.05,100,1617600
20221110,10:03:12,18181.05,150,1617600
20221110,10:03:13,18181.05,50,1617600
20221110,10:03:15,18181.20,50,1617600
20221110,10:03:16,18181.20,50,1617600
20221110,10:03:17,18181.05,200,1617600
20221110,10:03:19,18181.15,50,1617600
20221110,10:03:20,18181.05,450,1617600
20221110,10:03:21,18182.45,50,1617600
20221110,10:03:22,18181.10,50,1617600
20221110,10:03:25,18183.00,100,1617600
20221110,10:03:27,18183.60,100,1617600
20221110,10:03:28,18185.00,100,1617600
20221110,10:03:30,18185.00,100,1617600
20221110,10:03:31,18185.70,100,1617600
20221110,10:03:33,18185.00,50,1617600
20221110,10:03:36,18187.00,50,1617600
20221110,10:03:37,18185.00,100,1617600
20221110,10:03:38,18188.25,150,1617600
20221110,10:03:40,18186.50,50,1617600
20221110,10:03:42,18187.00,100,1617600
20221110,10:03:43,18188.65,500,1617600
20221110,10:03:44,18188.45,50,1617600
20221110,10:03:48,18187.65,900,1617600
20221110,10:03:50,18188.95,200,1617600
20221110,10:03:51,18188.30,50,1617600
20221110,10:03:55,18189.00,300,1617600
20221110,10:03:56,18187.00,50,1617600
20221110,10:03:58,18187.00,150,1617600
20221110,10:03:59,18189.80,50,1617600
20221110,10:04:04,18189.25,50,1617600
20221110,10:04:05,18188.15,100,1617600
20221110,10:04:06,18188.50,200,1617600
20221110,10:04:06,18188.75,50,1617600
20221110,10:04:08,18188.35,50,1617600
20221110,10:04:09,18187.40,50,1617600
20221110,10:04:12,18190.00,100,1617600
20221110,10:04:16,18190.15,150,1617600
20221110,10:04:20,18188.10,50,1617600
20221110,10:04:22,18188.30,50,1617600
20221110,10:04:29,18187.05,50,1617600
20221110,10:04:34,18189.25,50,1617600
20221110,10:04:36,18185.25,150,1617600
20221110,10:04:37,18188.00,50,1617600
20221110,10:04:42,18185.90,500,1617600
20221110,10:04:44,18188.65,50,1617600
20221110,10:04:45,18188.75,50,1617600
20221110,10:04:53,18186.65,150,1617600
20221110,10:05:00,18186.00,50,1617600
20221110,10:05:02,18185.95,100,1617600
20221110,10:05:05,18186.00,100,1617600
20221110,10:05:11,18187.65,50,1617600
20221110,10:05:28,18188.90,50,1617600
20221110,10:05:34,18189.40,50,1617600
20221110,10:05:39,18188.00,50,1617600
20221110,10:05:43,18187.00,50,1618950
20221110,10:05:44,18187.75,50,1618950
20221110,10:05:53,18187.00,50,1618950
20221110,10:05:55,18188.25,250,1618950
20221110,10:05:59,18185.25,50,1618950
20221110,10:06:00,18185.25,50,1618950
20221110,10:06:01,18188.00,100,1618950
20221110,10:06:15,18187.00,50,1618950
20221110,10:06:22,18187.00,150,1618950
20221110,10:06:23,18187.00,200,1618950
20221110,10:06:25,18187.00,100,1618950
20221110,10:06:26,18187.20,500,1618950
20221110,10:06:32,18188.00,150,1618950
20221110,10:06:35,18187.15,50,1618950
20221110,10:06:36,18187.10,150,1618950
20221110,10:06:42,18187.35,250,1618950
20221110,10:06:49,18190.00,50,1618950
20221110,10:06:52,18187.85,50,1618950
20221110,10:06:56,18190.00,50,1618950
20221110,10:06:59,18188.85,100,1618950
20221110,10:07:08,18191.65,50,1618950
20221110,10:07:09,18190.50,50,1618950
20221110,10:07:12,18192.00,50,1618950
20221110,10:07:12,18194.00,1250,1618950
20221110,10:07:13,18191.10,150,1618950
20221110,10:07:15,18191.95,50,1618950
20221110,10:07:22,18195.00,50,1618950
20221110,10:07:28,18192.00,50,1618950
20221110,10:07:30,18191.10,50,1618950
20221110,10:07:31,18191.05,100,1618950
20221110,10:07:34,18192.90,50,1618950
20221110,10:07:43,18191.25,50,1618950
20221110,10:07:46,18193.00,50,1618950
20221110,10:07:47,18192.00,50,1618950
20221110,10:07:48,18192.00,400,1618950
20221110,10:07:49,18192.00,50,1618950
20221110,10:07:50,18192.00,50,1618950
20221110,10:07:52,18192.00,200,1618950
20221110,10:07:54,18192.60,50,1618950
20221110,10:07:55,18191.05,450,1618950
20221110,10:08:02,18191.05,150,1618950
20221110,10:08:04,18191.25,50,1618950
20221110,10:08:06,18190.05,50,1618950
20221110,10:08:07,18190.30,50,1618950
20221110,10:08:10,18190.00,200,1618950
20221110,10:08:11,18190.00,100,1618950
20221110,10:08:12,18190.00,100,1618950
20221110,10:08:17,18190.05,50,1618950
20221110,10:08:46,18190.55,100,1618100
20221110,10:08:50,18191.00,50,1618100
20221110,10:08:53,18190.00,50,1618100
20221110,10:08:54,18191.00,50,1618100
20221110,10:09:00,18188.00,550,1618100
20221110,10:09:07,18187.70,50,1618100
20221110,10:09:15,18185.00,50,1618100
20221110,10:09:16,18182.10,100,1618100
20221110,10:09:22,18181.75,200,1618100
20221110,10:09:23,18183.45,100,1618100
20221110,10:09:25,18181.75,100,1618100
20221110,10:09:26,18181.75,50,1618100
20221110,10:09:28,18180.05,50,1618100
20221110,10:09:30,18180.10,50,1618100
20221110,10:09:31,18181.00,50,1618100
20221110,10:09:33,18182.65,50,1618100
20221110,10:09:36,18182.65,50,1618100
20221110,10:09:40,18180.40,100,1618100
20221110,10:09:47,18182.90,50,1618100
20221110,10:09:50,18184.00,50,1618100
20221110,10:09:51,18182.50,50,1618100
20221110,10:09:59,18181.95,150,1618100
20221110,10:10:02,18183.25,100,1618100
20221110,10:10:14,18180.00,150,1618100
20221110,10:10:17,18180.80,50,1618100
20221110,10:10:18,18179.05,50,1618100
20221110,10:10:21,18180.90,300,1618100
20221110,10:10:22,18181.75,50,1618100
20221110,10:10:23,18178.50,500,1618100
20221110,10:10:25,18178.30,50,1618100
20221110,10:10:26,18180.00,50,1618100
20221110,10:10:28,18179.95,50,1618100
20221110,10:10:32,18178.60,50,1618100
20221110,10:10:33,18181.00,50,1618100
20221110,10:10:38,18181.00,50,1618100
20221110,10:10:48,18178.80,50,1618100
20221110,10:10:49,18178.85,100,1618100
20221110,10:10:57,18178.85,100,1618100
20221110,10:10:58,18181.00,50,1618100
20221110,10:11:00,18179.25,250,1618100
20221110,10:11:01,18179.20,50,1618100
20221110,10:11:08,18184.00,50,1618100
20221110,10:11:21,18184.00,50,1618100
20221110,10:11:24,18183.90,150,1618100
20221110,10:11:40,18183.90,50,1618100
20221110,10:11:44,18186.85,250,1619800
20221110,10:11:55,18182.20,500,1619800
20221110,10:12:06,18186.00,100,1619800
20221110,10:12:13,18186.00,250,1619800
20221110,10:12:17,18186.00,150,1619800
20221110,10:12:18,18186.00,50,1619800
20221110,10:12:26,18184.80,50,1619800
20221110,10:12:34,18186.95,50,1619800
20221110,10:12:36,18184.95,50,1619800
20221110,10:12:41,18186.60,50,1619800
20221110,10:13:09,18183.00,100,1619800
20221110,10:13:10,18183.95,50,1619800
20221110,10:13:21,18181.95,50,1619800
20221110,10:13:25,18180.00,50,1619800
20221110,10:13:26,18180.00,50,1619800
20221110,10:13:39,18180.00,50,1619800
20221110,10:13:43,18180.00,50,1619800
20221110,10:13:44,18180.05,150,1619800
20221110,10:13:53,18182.90,50,1619800
20221110,10:14:12,18180.55,50,1619800
20221110,10:14:30,18181.00,100,1619800
20221110,10:14:40,18180.00,350,1619800
20221110,10:14:43,18180.00,50,1620700
20221110,10:14:52,18179.95,150,1620700
20221110,10:14:53,18176.95,50,1620700
20221110,10:15:04,18180.30,50,1620700
20221110,10:15:05,18179.80,50,1620700
20221110,10:15:09,18177.85,300,1620700
20221110,10:15:12,18177.65,100,1620700
20221110,10:15:15,18176.10,50,1620700
20221110,10:15:16,18176.00,100,1620700
20221110,10:15:21,18176.65,50,1620700
20221110,10:15:25,18176.10,150,1620700
20221110,10:15:33,18176.10,50,1620700
20221110,10:15:39,18176.10,100,1620700
20221110,10:15:47,18175.50,400,1620700
20221110,10:15:48,18176.40,50,1620700
20221110,10:15:49,18177.00,50,1620700
20221110,10:15:56,18175.65,100,1620700
20221110,10:16:01,18174.75,1000,1620700
20221110,10:16:07,18175.05,50,1620700
20221110,10:16:20,18174.05,50,1620700
20221110,10:16:35,18176.90,50,1620700
20221110,10:16:38,18176.90,100,1620700
20221110,10:16:44,18176.40,50,1620700
20221110,10:16:49,18178.00,50,1620700
20221110,10:16:51,18178.00,100,1620700
20221110,10:16:55,18178.30,50,1620700
20221110,10:17:03,18179.35,100,1620700
20221110,10:17:04,18179.70,50,1620700
20221110,10:17:10,18181.00,50,1620700
20221110,10:17:17,18180.35,100,1620700
20221110,10:17:22,18183.70,50,1620700
20221110,10:17:27,18184.35,50,1620700
20221110,10:17:33,18185.40,100,1620700
20221110,10:17:41,18187.80,50,1620700
20221110,10:18:26,18187.80,100,1622000
20221110,10:18:39,18187.75,100,1622000
20221110,10:18:43,18188.00,50,1622000
20221110,10:18:48,18188.00,100,1622000
20221110,10:18:57,18188.00,250,1622000
20221110,10:19:02,18186.80,50,1622000
20221110,10:19:23,18187.35,100,1622000
20221110,10:19:29,18189.00,100,1622000
20221110,10:19:30,18188.90,50,1622000
20221110,10:19:38,18189.10,50,1622000
20221110,10:19:40,18190.90,50,1622000
20221110,10:19:47,18189.25,50,1622000
20221110,10:19:51,18189.20,50,1622000
20221110,10:20:16,18191.00,50,1622000
20221110,10:20:22,18191.25,100,1622000
20221110,10:20:44,18193.00,50,1622150
20221110,10:20:49,18194.90,150,1622150
20221110,10:20:56,18195.00,100,1622150
20221110,10:20:57,18194.00,100,1622150
20221110,10:21:00,18193.05,50,1622150
20221110,10:21:01,18193.05,50,1622150
20221110,10:21:04,18193.00,50,1622150
20221110,10:21:11,18193.00,50,1622150
20221110,10:21:23,18194.00,100,1622150
20221110,10:21:24,18191.80,50,1622150
20221110,10:21:45,18191.05,50,1622150
20221110,10:22:04,18191.25,100,1622150
20221110,10:22:31,18192.65,100,1622150
20221110,10:22:33,18192.65,50,1622150
20221110,10:22:34,18191.20,150,1622150
20221110,10:22:36,18191.00,150,1622150
20221110,10:22:37,18191.00,50,1622150
20221110,10:22:38,18190.95,300,1622150
20221110,10:22:40,18189.00,50,1622150
20221110,10:22:41,18188.05,50,1622150
20221110,10:22:46,18188.00,250,1622150
20221110,10:22:47,18186.20,50,1622150
20221110,10:22:56,18185.50,200,1622150
20221110,10:22:57,18185.50,300,1622150
20221110,10:23:24,18185.95,100,1622150
20221110,10:23:37,18184.00,50,1622150
20221110,10:23:42,18185.65,300,1622150
20221110,10:24:00,18183.25,50,1622950
20221110,10:24:11,18184.00,50,1622950
20221110,10:24:16,18183.95,50,1622950
20221110,10:24:17,18184.00,50,1622950
20221110,10:24:24,18183.05,50,1622950
20221110,10:24:32,18183.50,50,1622950
20221110,10:24:42,18182.75,50,1622950
20221110,10:25:27,18184.00,400,1622950
20221110,10:25:29,18184.55,50,1622950
20221110,10:25:31,18184.60,50,1622950
20221110,10:25:37,18184.60,100,1622950
20221110,10:25:56,18184.60,50,1622950
20221110,10:26:00,18186.05,50,1622950
20221110,10:26:07,18186.00,50,1622950
20221110,10:26:23,18187.20,50,1622950
20221110,10:26:28,18186.05,50,1622950
20221110,10:26:44,18188.20,200,1623250
20221110,10:26:53,18188.45,50,1623250
20221110,10:27:04,18187.45,50,1623250
20221110,10:27:06,18187.45,400,1623250
20221110,10:27:08,18186.10,50,1623250
20221110,10:27:25,18184.15,50,1623250
20221110,10:27:43,18187.00,50,1623250
20221110,10:27:44,18187.45,50,1623250
20221110,10:27:52,18189.00,50,1623250
20221110,10:27:53,18189.90,50,1623250
20221110,10:27:55,18187.45,100,1623250
20221110,10:27:58,18189.75,50,1623250
20221110,10:28:07,18189.75,450,1623250
20221110,10:28:14,18189.00,50,1623250
20221110,10:28:37,18190.10,50,1623250
20221110,10:28:40,18193.35,400,1623250
20221110,10:29:27,18188.60,50,1623250
20221110,10:29:38,18189.90,50,1623250
20221110,10:29:45,18190.00,50,1623700
20221110,10:29:50,18190.00,50,1623700
20221110,10:30:06,18188.95,50,1623700
20221110,10:30:07,18190.00,50,1623700
20221110,10:30:08,18190.65,100,1623700
20221110,10:30:09,18192.00,50,1623700
20221110,10:30:15,18192.00,250,1623700
20221110,10:30:29,18192.00,50,1623700
20221110,10:30:42,18192.00,50,1623700
20221110,10:30:53,18192.00,50,1623700
20221110,10:31:03,18193.05,250,1623700
20221110,10:31:11,18191.05,250,1623700
20221110,10:31:32,18190.70,50,1623700
20221110,10:31:34,18188.75,800,1623700
20221110,10:31:42,18189.10,150,1623700
20221110,10:31:52,18191.80,50,1623700
20221110,10:31:57,18189.30,50,1623700
20221110,10:31:59,18192.15,50,1623700
20221110,10:32:07,18188.80,100,1623700
20221110,10:32:14,18191.40,50,1623700
20221110,10:32:29,18188.65,100,1623700
20221110,10:32:31,18188.65,50,1623700
20221110,10:32:40,18188.65,50,1623700
20221110,10:33:10,18187.95,50,1624350
20221110,10:33:12,18185.10,150,1624350
20221110,10:33:15,18183.65,50,1624350
20221110,10:33:23,18184.15,50,1624350
20221110,10:33:25,18185.15,200,1624350
20221110,10:33:30,18185.10,400,1624350
20221110,10:33:37,18185.00,250,1624350
20221110,10:33:41,18185.00,100,1624350
20221110,10:33:42,18185.00,250,1624350
20221110,10:33:49,18185.50,400,1624350
20221110,10:33:50,18186.05,50,1624350
20221110,10:34:02,18187.95,50,1624350
20221110,10:34:07,18186.10,100,1624350
20221110,10:34:26,18188.00,100,1624350
20221110,10:34:27,18188.00,100,1624350
20221110,10:34:33,18188.95,200,1624350
20221110,10:34:47,18189.00,50,1624350
20221110,10:35:00,18189.00,50,1624350
20221110,10:35:00,18190.00,150,1624350
20221110,10:35:01,18190.00,50,1624350
20221110,10:35:09,18187.65,200,1624350
20221110,10:35:12,18186.05,50,1624350
20221110,10:35:18,18184.95,50,1624350
20221110,10:35:34,18185.65,50,1624350
20221110,10:35:45,18186.60,100,1624350
20221110,10:35:56,18190.00,100,1625200
20221110,10:35:59,18191.00,200,1625200
20221110,10:36:21,18190.40,50,1625200
20221110,10:36:26,18191.00,50,1625200
20221110,10:36:39,18190.70,50,1625200
20221110,10:36:43,18190.80,50,1625200
20221110,10:37:20,18192.00,50,1625200
20221110,10:37:30,18192.65,50,1625200
20221110,10:37:55,18191.55,50,1625200
20221110,10:38:02,18191.55,50,1625200
20221110,10:38:11,18191.55,100,1625200
20221110,10:38:19,18191.55,50,1625200
20221110,10:38:29,18190.00,100,1625200
20221110,10:38:33,18190.00,150,1625200
20221110,10:38:41,18189.60,50,1625200
20221110,10:38:52,18190.00,100,1625600
20221110,10:38:56,18193.00,150,1625600
20221110,10:39:01,18193.00,250,1625600
20221110,10:39:13,18192.55,50,1625600
20221110,10:39:15,18190.95,150,1625600
20221110,10:39:16,18191.00,50,1625600
20221110,10:39:20,18191.60,200,1625600
20221110,10:39:39,18191.70,50,1625600
20221110,10:39:49,18193.55,50,1625600
20221110,10:39:54,18190.70,800,1625600
20221110,10:39:59,18191.60,200,1625600
20221110,10:40:04,18192.05,50,1625600
20221110,10:40:11,18193.00,200,1625600
20221110,10:40:13,18192.05,50,1625600
20221110,10:40:14,18192.60,50,1625600
20221110,10:40:15,18193.40,50,1625600
20221110,10:40:19,18194.00,150,1625600
20221110,10:40:21,18194.55,50,1625600
20221110,10:40:27,18194.55,50,1625600
20221110,10:40:35,18193.75,50,1625600
20221110,10:40:39,18193.75,50,1625600
20221110,10:40:51,18194.95,100,1625600
20221110,10:40:53,18194.95,50,1625600
20221110,10:40:55,18194.95,50,1625600
20221110,10:41:05,18194.05,100,1625600
20221110,10:41:23,18194.20,100,1625600
20221110,10:41:25,18195.00,200,1625600
20221110,10:41:35,18195.40,50,1625600
20221110,10:41:38,18195.20,50,1625600
20221110,10:41:47,18195.30,1600,1625850
20221110,10:41:51,18195.25,50,1625850
20221110,10:41:52,18197.95,500,1625850
20221110,10:41:55,18195.25,50,1625850
20221110,10:41:56,18197.80,50,1625850
20221110,10:42:12,18198.95,50,1625850
20221110,10:42:14,18198.95,50,1625850
20221110,10:42:22,18198.50,50,1625850
20221110,10:42:37,18196.85,50,1625850
20221110,10:42:48,18199.00,150,1625850
20221110,10:42:54,18199.00,150,1625850
20221110,10:42:56,18199.00,100,1625850
20221110,10:42:59,18198.05,50,1625850
20221110,10:43:00,18196.00,650,1625850
20221110,10:43:18,18195.65,100,1625850
20221110,10:43:22,18195.20,250,1625850
20221110,10:43:32,18194.25,50,1625850
20221110,10:43:33,18194.20,500,1625850
20221110,10:43:34,18194.25,100,1625850
20221110,10:43:39,18193.30,150,1625850
20221110,10:43:46,18194.25,100,1625850
20221110,10:43:47,18194.25,150,1625850
20221110,10:43:50,18194.25,200,1625850
20221110,10:44:01,18197.55,100,1625850
20221110,10:44:06,18197.55,50,1625850
20221110,10:44:17,18195.85,50,1625850
20221110,10:44:38,18196.35,550,1625850
20221110,10:44:39,18196.80,50,1625850
20221110,10:44:40,18196.70,50,1625850
20221110,10:44:52,18198.00,100,1626050
20221110,10:44:58,18196.85,50,1626050
20221110,10:45:08,18197.00,50,1626050
20221110,10:45:12,18199.40,50,1626050
20221110,10:45:12,18197.00,150,1626050
20221110,10:45:18,18198.05,50,1626050
20221110,10:45:21,18198.85,150,1626050
20221110,10:45:23,18198.90,50,1626050
20221110,10:45:25,18201.00,650,1626050
20221110,10:45:27,18201.00,100,1626050
20221110,10:45:32,18201.80,350,1626050
20221110,10:45:40,18202.00,50,1626050
20221110,10:45:42,18201.70,50,1626050
20221110,10:45:56,18201.00,100,1626050
20221110,10:46:02,18202.40,50,1626050
20221110,10:46:08,18201.00,50,1626050
20221110,10:46:12,18200.00,50,1626050
20221110,10:46:20,18201.00,50,1626050
20221110,10:46:27,18200.00,50,1626050
20221110,10:46:28,18201.00,50,1626050
20221110,10:46:30,18197.45,400,1626050
20221110,10:46:31,18197.35,50,1626050
20221110,10:46:34,18197.20,50,1626050
20221110,10:46:40,18198.20,50,1626050
20221110,10:46:49,18199.80,50,1626050
20221110,10:46:51,18196.60,300,1626050
20221110,10:47:05,18198.00,50,1626050
20221110,10:47:11,18198.00,100,1626050
20221110,10:47:12,18195.05,150,1626050
20221110,10:47:15,18195.00,50,1626050
20221110,10:47:23,18193.15,400,1626050
20221110,10:47:24,18193.55,50,1626050
20221110,10:47:30,18193.05,150,1626050
20221110,10:47:31,18195.95,50,1626050
20221110,10:47:39,18195.00,50,1626050
20221110,10:47:50,18195.00,50,1626750
20221110,10:47:53,18193.10,50,1626750
20221110,10:47:56,18192.80,450,1626750
20221110,10:48:05,18195.00,100,1626750
20221110,10:48:26,18193.00,50,1626750
20221110,10:48:37,18192.40,50,1626750
20221110,10:48:43,18192.35,50,1626750
20221110,10:48:49,18192.35,50,1626750
20221110,10:48:53,18193.00,50,1626750
20221110,10:48:57,18191.95,300,1626750
20221110,10:49:13,18192.20,50,1626750
20221110,10:49:33,18192.20,50,1626750
20221110,10:49:34,18190.00,50,1626750
20221110,10:49:36,18190.00,50,1626750
20221110,10:49:37,18190.00,50,1626750
20221110,10:49:57,18190.80,50,1626750
20221110,10:50:13,18190.95,550,1626750
20221110,10:50:16,18192.00,100,1626750
20221110,10:50:18,18191.95,50,1626750
20221110,10:50:19,18192.05,50,1626750
20221110,10:50:24,18191.75,50,1626750
20221110,10:50:27,18193.00,50,1626750
20221110,10:50:38,18195.00,50,1626750
20221110,10:51:05,18194.00,50,1627100
20221110,10:51:13,18194.15,200,1627100
20221110,10:51:15,18193.25,50,1627100
20221110,10:51:18,18193.35,50,1627100
20221110,10:51:23,18193.35,50,1627100
20221110,10:51:30,18190.30,50,1627100
20221110,10:51:33,18190.25,150,1627100
20221110,10:51:36,18190.00,50,1627100
20221110,10:51:39,18190.00,100,1627100
20221110,10:51:42,18190.00,50,1627100
20221110,10:51:54,18190.00,50,1627100
20221110,10:52:13,18192.00,50,1627100
20221110,10:52:22,18192.00,50,1627100
20221110,10:52:33,18190.35,50,1627100
20221110,10:52:39,18190.00,50,1627100
20221110,10:52:47,18190.00,50,1627100
20221110,10:52:51,18190.00,800,1627100
20221110,10:53:01,18186.40,50,1627100
20221110,10:53:11,18187.40,50,1627100
20221110,10:53:12,18187.00,100,1627100
20221110,10:53:20,18187.20,50,1627100
20221110,10:53:23,18187.15,50,1627100
20221110,10:53:25,18189.25,50,1627100
20221110,10:53:34,18188.00,50,1627100
20221110,10:53:40,18189.25,100,1627100
20221110,10:53:47,18188.10,50,1627100
20221110,10:54:07,18187.60,100,1626600
20221110,10:54:16,18187.55,50,1626600
20221110,10:54:38,18188.55,100,1626600
20221110,10:54:46,18189.30,50,1626600
20221110,10:54:51,18185.60,100,1626600
20221110,10:55:01,18185.95,50,1626600
20221110,10:55:18,18186.00,50,1626600
20221110,10:55:43,18185.95,50,1626600
20221110,10:56:10,18185.70,50,1626600
20221110,10:56:13,18186.00,50,1626600
20221110,10:56:28,18186.55,250,1626600
20221110,10:56:29,18188.65,100,1626600
20221110,10:56:46,18186.00,50,1626600
20221110,10:56:52,18187.80,50,1627100
20221110,10:56:59,18187.00,200,1627100
20221110,10:57:07,18188.00,50,1627100
20221110,10:57:08,18188.00,100,1627100
20221110,10:57:10,18186.30,100,1627100
20221110,10:57:34,18186.00,50,1627100
20221110,10:57:34,18185.00,150,1627100
20221110,10:57:42,18184.70,50,1627100
20221110,10:57:46,18183.35,50,1627100
20221110,10:57:50,18185.00,100,1627100
20221110,10:58:23,18183.70,50,1627100
20221110,10:58:45,18185.45,50,1627100
20221110,10:58:54,18183.35,50,1627100
20221110,10:58:59,18183.35,50,1627100
20221110,10:59:00,18185.00,50,1627100
20221110,10:59:02,18185.00,50,1627100
20221110,10:59:11,18183.40,100,1627100
20221110,10:59:19,18183.40,50,1627100
20221110,10:59:23,18183.65,50,1627100
20221110,10:59:37,18184.00,50,1627100
20221110,10:59:47,18184.10,50,1627100
20221110,11:00:09,18183.30,50,1627500
20221110,11:00:12,18183.05,50,1627500
20221110,11:00:18,18183.05,50,1627500
20221110,11:00:23,18183.05,450,1627500
20221110,11:00:24,18183.05,50,1627500
20221110,11:00:29,18185.05,400,1627500
20221110,11:00:35,18183.05,50,1627500
20221110,11:00:41,18184.15,100,1627500
20221110,11:00:43,18183.70,50,1627500
20221110,11:00:46,18184.15,100,1627500
20221110,11:00:49,18185.65,50,1627500
20221110,11:01:00,18183.70,50,1627500
20221110,11:01:13,18183.95,150,1627500
20221110,11:01:14,18185.55,100,1627500
20221110,11:01:17,18187.55,50,1627500
20221110,11:01:43,18184.20,100,1627500
20221110,11:01:49,18186.65,200,1627500
20221110,11:02:09,18186.20,50,1627500
20221110,11:02:14,18187.15,100,1627500
20221110,11:02:34,18188.10,500,1627500
20221110,11:03:20,18187.55,50,1627650
20221110,11:03:41,18187.55,50,1627650
20221110,11:03:42,18187.55,50,1627650
20221110,11:03:59,18187.55,50,1627650
20221110,11:04:06,18186.35,50,1627650
20221110,11:04:11,18186.90,50,1627650
20221110,11:04:42,18189.40,100,1627650
20221110,11:04:52,18189.90,50,1627650
20221110,11:05:09,18190.00,400,1627650
20221110,11:05:17,18192.00,100,1627650
20221110,11:05:26,18189.50,50,1627650
20221110,11:05:52,18192.75,100,1627650
20221110,11:06:13,18195.35,100,1627650
20221110,11:06:15,18195.40,50,1627650
20221110,11:06:21,18193.35,100,1627650
20221110,11:06:25,18196.35,800,1627650
20221110,11:06:36,18192.65,250,1627650
20221110,11:06:45,18190.65,50,1627650
20221110,11:06:48,18192.65,50,1627650
20221110,11:06:49,18192.65,50,1627650
20221110,11:06:55,18192.65,50,1627650
20221110,11:06:58,18192.65,100,1627650
20221110,11:07:03,18195.25,250,1627650
20221110,11:07:40,18192.95,50,1627650
20221110,11:07:54,18190.65,50,1627650
20221110,11:08:28,18191.00,50,1627650
20221110,11:08:36,18192.00,150,1627650
20221110,11:08:54,18191.60,150,1628750
20221110,11:09:34,18190.95,100,1628750
20221110,11:09:37,18190.60,50,1628750
20221110,11:09:47,18190.45,100,1628750
20221110,11:09:57,18190.45,50,1628750
20221110,11:10:03,18188.40,50,1628750
20221110,11:10:19,18187.45,50,1628750
20221110,11:10:30,18187.45,50,1628750
20221110,11:10:32,18185.50,50,1628750
20221110,11:10:35,18187.55,50,1628750
20221110,11:10:47,18187.70,100,1628750
20221110,11:11:06,18188.00,50,1628750
20221110,11:11:07,18188.20,50,1628750
20221110,11:11:17,18183.65,200,1628750
20221110,11:11:18,18183.40,50,1628750
20221110,11:11:28,18183.75,50,1628750
20221110,11:11:38,18183.75,50,1628750
20221110,11:11:47,18183.05,100,1628750
20221110,11:11:55,18184.15,100,1629100
20221110,11:12:06,18183.05,50,1629100
20221110,11:12:07,18183.05,100,1629100
20221110,11:12:11,18183.00,50,1629100
20221110,11:12:12,18184.05,50,1629100
20221110,11:12:13,18183.00,50,1629100
20221110,11:12:21,18181.20,50,1629100
20221110,11:12:34,18184.00,50,1629100
20221110,11:12:46,18186.55,100,1629100
20221110,11:12:51,18184.65,50,1629100
20221110,11:13:10,18184.35,50,1629100
20221110,11:13:31,18184.10,100,1629100
20221110,11:13:33,18184.15,50,1629100
20221110,11:13:58,18185.00,50,1629100
20221110,11:14:05,18185.00,50,1629100
20221110,11:14:17,18187.45,50,1629100
20221110,11:14:32,18186.70,50,1629100
20221110,11:14:34,18188.45,50,1629100
20221110,11:14:42,18187.00,150,1629100
20221110,11:14:56,18187.00,50,1629500
20221110,11:15:08,18185.35,50,1629500
20221110,11:15:16,18185.20,900,1629500
20221110,11:15:40,18187.00,50,1629500
20221110,11:15:46,18187.00,50,1629500
20221110,11:15:48,18187.50,100,1629500
20221110,11:15:48,18187.55,50,1629500
20221110,11:15:49,18190.30,50,1629500
20221110,11:16:02,18190.75,50,1629500
20221110,11:16:09,18191.50,200,1629500
20221110,11:16:11,18191.30,50,1629500
20221110,11:16:17,18189.45,50,1629500
20221110,11:16:30,18192.70,50,1629500
20221110,11:16:32,18190.40,50,1629500
20221110,11:16:34,18190.40,50,1629500
20221110,11:16:35,18190.35,50,1629500
20221110,11:16:37,18192.15,50,1629500
20221110,11:17:09,18190.30,50,1629500
20221110,11:17:19,18190.70,50,1629500
20221110,11:17:22,18190.65,50,1629500
20221110,11:17:42,18190.00,50,1629500
20221110,11:18:11,18187.75,50,1630100
20221110,11:18:14,18188.05,150,1630100
20221110,11:18:48,18190.00,50,1630100
20221110,11:19:05,18190.00,50,1630100
20221110,11:19:16,18190.00,50,1630100
20221110,11:19:30,18187.00,50,1630100
20221110,11:19:52,18187.00,200,1630100
20221110,11:19:55,18187.50,50,1630100
20221110,11:19:57,18187.50,50,1630100
20221110,11:20:03,18187.35,50,1630100
20221110,11:20:05,18187.80,50,1630100
20221110,11:20:21,18187.35,50,1630100
20221110,11:20:26,18188.85,50,1630100
20221110,11:20:29,18187.00,50,1630100
20221110,11:20:30,18187.80,50,1630100
20221110,11:20:32,18187.00,450,1630100
20221110,11:20:37,18187.60,50,1630100
20221110,11:20:39,18185.15,50,1630100
20221110,11:20:50,18187.00,100,1630100
20221110,11:20:58,18189.00,50,1629650
20221110,11:21:05,18189.75,50,1629650
20221110,11:21:22,18188.00,50,1629650
20221110,11:21:34,18188.10,50,1629650
20221110,11:21:35,18188.10,100,1629650
20221110,11:21:47,18188.00,150,1629650
20221110,11:21:59,18189.35,50,1629650
20221110,11:22:06,18189.30,300,1629650
20221110,11:22:19,18189.05,50,1629650
20221110,11:22:37,18188.85,50,1629650
20221110,11:23:00,18189.00,50,1629650
20221110,11:24:27,18189.00,50,1629700
20221110,11:24:52,18189.00,100,1629700
20221110,11:24:53,18189.00,50,1629700
20221110,11:25:32,18186.95,50,1629700
20221110,11:25:59,18187.60,50,1629700
20221110,11:26:04,18188.30,150,1629700
20221110,11:26:06,18188.00,50,1629700
20221110,11:26:11,18188.05,50,1629700
20221110,11:26:21,18189.00,50,1629700
20221110,11:26:44,18188.00,50,1629700
20221110,11:26:50,18187.55,50,1629700
20221110,11:27:25,18189.00,50,1629950
20221110,11:27:25,18190.00,150,1629950
20221110,11:27:30,18189.00,50,1629950
20221110,11:27:32,18190.00,150,1629950
20221110,11:28:02,18189.55,100,1629950
20221110,11:28:03,18189.55,100,1629950
20221110,11:28:54,18188.60,50,1629950
20221110,11:28:56,18190.00,100,1629950
20221110,11:29:01,18190.10,50,1629950
20221110,11:29:27,18191.65,200,1629950
20221110,11:29:33,18193.85,100,1629950
20221110,11:29:56,18192.00,50,1629950
20221110,11:29:57,18193.70,100,1629950
20221110,11:30:00,18191.35,50,1629950
20221110,11:30:01,18191.35,50,1629950
20221110,11:30:05,18193.60,50,1629950
20221110,11:30:15,18193.80,150,1629950
20221110,11:30:25,18193.90,200,1629950
20221110,11:30:27,18194.95,50,1629950
20221110,11:30:46,18192.05,50,1629950
20221110,11:30:50,18194.00,200,1629950
20221110,11:31:13,18192.05,50,1629950
20221110,11:31:14,18191.35,50,1629950
20221110,11:31:15,18191.35,50,1629950
20221110,11:31:19,18190.10,50,1629950
20221110,11:31:41,18190.10,100,1629950
20221110,11:31:48,18190.10,50,1629950
20221110,11:32:18,18188.65,50,1629950
20221110,11:32:43,18190.00,50,1629950
20221110,11:33:15,18193.00,50,1629950
20221110,11:33:20,18194.00,50,1629900
20221110,11:33:22,18196.85,100,1629900
20221110,11:33:25,18197.70,50,1629900
20221110,11:33:26,18200.00,950,1629900
20221110,11:33:28,18208.00,4700,1629900
20221110,11:33:30,18210.00,800,1629900
20221110,11:33:31,18210.70,50,1629900
20221110,11:33:32,18211.00,100,1629900
20221110,11:33:33,18211.70,50,1629900
20221110,11:33:36,18211.00,50,1629900
20221110,11:33:38,18211.00,50,1629900
20221110,11:33:39,18211.05,50,1629900
20221110,11:33:58,18207.75,50,1629900
20221110,11:34:02,18211.05,100,1629900
20221110,11:34:04,18215.00,600,1629900
20221110,11:34:06,18215.00,150,1629900
20221110,11:34:09,18213.95,50,1629900
20221110,11:34:11,18214.35,100,1629900
20221110,11:34:17,18215.00,200,1629900
20221110,11:34:24,18214.05,50,1629900
20221110,11:34:31,18219.55,250,1629900
20221110,11:34:32,18217.55,50,1629900
20221110,11:34:38,18215.45,50,1629900
20221110,11:34:40,18215.45,50,1629900
20221110,11:34:44,18216.30,50,1629900
20221110,11:34:52,18212.95,50,1629900
20221110,11:35:01,18211.25,50,1629900
20221110,11:35:02,18211.25,900,1629900
20221110,11:35:03,18211.25,50,1629900
20221110,11:35:05,18212.90,50,1629900
20221110,11:35:07,18212.30,50,1629900
20221110,11:35:22,18211.90,100,1629900
20221110,11:35:24,18210.10,1000,1629900
20221110,11:35:35,18211.55,50,1629900
20221110,11:35:39,18209.00,50,1629900
20221110,11:35:49,18207.20,450,1629900
20221110,11:36:01,18207.00,300,1626700
20221110,11:36:04,18207.00,200,1626700
20221110,11:36:07,18209.40,100,1626700
20221110,11:36:20,18207.00,50,1626700
20221110,11:36:24,18207.00,50,1626700
20221110,11:36:35,18208.20,100,1626700
20221110,11:36:36,18208.65,150,1626700
20221110,11:36:38,18208.40,50,1626700
20221110,11:36:44,18207.00,50,1626700
20221110,11:36:48,18206.05,50,1626700
20221110,11:37:19,18209.00,150,1626700
20221110,11:37:22,18209.75,100,1626700
20221110,11:38:08,18211.00,50,1626700
20221110,11:38:14,18211.00,50,1626700
20221110,11:38:20,18213.05,50,1626700
20221110,11:38:44,18211.50,50,1626700
20221110,11:39:03,18212.05,50,1626350
20221110,11:39:04,18212.90,50,1626350
20221110,11:39:06,18213.00,200,1626350
20221110,11:39:09,18212.25,50,1626350
20221110,11:39:11,18214.00,50,1626350
20221110,11:39:18,18214.00,50,1626350
20221110,11:39:57,18212.00,50,1626350
20221110,11:40:00,18211.50,50,1626350
20221110,11:40:04,18209.55,150,1626350
20221110,11:40:21,18209.55,50,1626350
20221110,11:40:23,18209.05,500,1626350
20221110,11:40:25,18209.55,100,1626350
20221110,11:40:34,18209.55,50,1626350
20221110,11:40:44,18207.10,200,1626350
20221110,11:40:51,18206.45,50,1626350
20221110,11:40:52,18206.45,50,1626350
20221110,11:40:54,18207.90,50,1626350
20221110,11:40:56,18205.45,50,1626350
20221110,11:41:05,18204.20,50,1626350
20221110,11:41:50,18205.00,100,1626350
20221110,11:41:52,18205.00,50,1626350
20221110,11:42:05,18205.10,50,1626300
20221110,11:42:26,18204.25,50,1626300
20221110,11:43:03,18204.25,100,1626300
20221110,11:43:31,18203.00,50,1626300
20221110,11:43:34,18203.00,50,1626300
20221110,11:43:42,18204.30,100,1626300
20221110,11:44:20,18204.40,50,1626300
20221110,11:44:22,18205.00,100,1626300
20221110,11:44:24,18205.50,50,1626300
20221110,11:44:25,18205.85,50,1626300
20221110,11:44:28,18206.30,150,1626300
20221110,11:44:43,18207.05,50,1626300
20221110,11:44:55,18207.05,50,1626300
20221110,11:45:01,18207.05,50,1626200
20221110,11:45:06,18207.20,50,1626200
20221110,11:45:07,18207.20,50,1626200
20221110,11:45:08,18210.00,50,1626200
20221110,11:45:12,18207.20,50,1626200
20221110,11:45:25,18208.00,50,1626200
20221110,11:45:31,18207.90,50,1626200
20221110,11:45:34,18209.70,50,1626200
20221110,11:45:47,18207.05,50,1626200
20221110,11:45:48,18207.05,50,1626200
20221110,11:45:49,18205.90,50,1626200
20221110,11:45:59,18205.25,50,1626200
20221110,11:46:12,18205.25,50,1626200
20221110,11:46:20,18205.00,250,1626200
20221110,11:46:24,18206.70,50,1626200
20221110,11:46:42,18204.00,100,1626200
20221110,11:46:46,18201.10,50,1626200
20221110,11:47:06,18201.15,50,1626200
20221110,11:47:08,18200.25,100,1626200
20221110,11:47:12,18200.25,50,1626200
20221110,11:47:24,18200.85,50,1626200
20221110,11:47:32,18201.15,50,1626200
20221110,11:47:35,18201.15,50,1626200
20221110,11:47:43,18200.45,50,1626200
20221110,11:48:07,18200.90,100,1626700
20221110,11:48:18,18200.65,100,1626700
20221110,11:48:28,18200.60,200,1626700
20221110,11:49:05,18202.95,50,1626700
20221110,11:49:06,18201.65,50,1626700
20221110,11:49:09,18201.05,50,1626700
20221110,11:49:19,18201.05,50,1626700
20221110,11:49:21,18199.75,800,1626700
20221110,11:49:32,18200.15,50,1626700
20221110,11:49:51,18201.00,50,1626700
20221110,11:49:55,18200.75,50,1626700
20221110,11:50:21,18200.30,50,1626700
20221110,11:50:39,18200.30,50,1626700
20221110,11:50:42,18200.05,100,1626700
20221110,11:50:52,18200.05,50,1626700
20221110,11:50:53,18203.65,1800,1626700
20221110,11:50:54,18200.00,200,1626700
20221110,11:50:55,18201.95,100,1626700
20221110,11:50:58,18199.20,50,1626700
20221110,11:51:05,18199.20,50,1627650
20221110,11:51:14,18201.95,1750,1627650
20221110,11:51:18,18197.40,100,1627650
20221110,11:51:19,18197.35,100,1627650
20221110,11:51:38,18199.20,100,1627650
20221110,11:51:39,18199.20,50,1627650
20221110,11:51:47,18200.70,50,1627650
20221110,11:52:08,18201.75,100,1627650
20221110,11:52:09,18201.75,400,1627650
20221110,11:52:11,18199.45,50,1627650
20221110,11:52:19,18201.80,100,1627650
20221110,11:52:24,18199.65,50,1627650
20221110,11:52:31,18199.65,50,1627650
20221110,11:52:39,18199.65,50,1627650
20221110,11:52:43,18199.65,50,1627650
20221110,11:52:54,18201.95,50,1627650
20221110,11:52:57,18199.65,50,1627650
20221110,11:53:11,18202.00,150,1627650
20221110,11:53:12,18201.80,200,1627650
20221110,11:53:13,18201.80,100,1627650
20221110,11:53:14,18201.80,150,1627650
20221110,11:53:26,18204.75,150,1627650
20221110,11:53:27,18203.00,50,1627650
20221110,11:53:32,18203.15,50,1627650
20221110,11:53:35,18203.35,50,1627650
20221110,11:53:37,18205.00,50,1627650
20221110,11:53:41,18204.70,100,1627650
20221110,11:53:52,18205.00,50,1627650
20221110,11:53:57,18203.30,50,1627650
20221110,11:54:18,18203.85,50,1629500
20221110,11:54:25,18205.00,50,1629500
20221110,11:54:32,18202.20,50,1629500
20221110,11:54:38,18201.45,50,1629500
20221110,11:54:39,18201.05,50,1629500
20221110,11:55:24,18204.00,100,1629500
20221110,11:56:29,18203.65,50,1629500
20221110,11:56:38,18201.45,50,1629500
20221110,11:56:43,18201.40,50,1629500
20221110,11:56:45,18201.05,50,1629500
20221110,11:56:55,18201.00,50,1629500
20221110,11:57:05,18199.60,50,1629400
20221110,11:57:28,18199.95,50,1629400
20221110,11:57:40,18201.35,50,1629400
20221110,11:57:46,18203.40,50,1629400
20221110,11:58:24,18202.05,50,1629400
20221110,11:59:17,18199.00,50,1629400
20221110,11:59:43,18202.35,50,1629400
20221110,11:59:50,18200.95,150,1629400
20221110,11:59:59,18201.20,50,1629500
20221110,12:00:28,18200.40,50,1629500
20221110,12:00:29,18200.80,50,1629500
20221110,12:00:36,18198.30,50,1629500
20221110,12:00:39,18198.30,50,1629500
20221110,12:00:41,18197.10,50,1629500
20221110,12:00:46,18195.45,150,1629500
20221110,12:00:52,18194.05,50,1629500
20221110,12:00:55,18193.10,50,1629500
20221110,12:00:57,18190.70,100,1629500
20221110,12:00:58,18190.00,50,1629500
20221110,12:01:01,18188.20,100,1629500
20221110,12:01:04,18190.15,50,1629500
20221110,12:01:05,18188.30,50,1629500
20221110,12:01:07,18188.20,100,1629500
20221110,12:01:08,18188.20,100,1629500
20221110,12:01:09,18188.15,800,1629500
20221110,12:01:10,18185.25,150,1629500
20221110,12:01:12,18185.00,50,1629500
20221110,12:01:13,18185.00,150,1629500
20221110,12:01:15,18182.25,100,1629500
20221110,12:01:21,18177.00,1450,1629500
20221110,12:01:31,18181.00,100,1629500
20221110,12:01:34,18180.40,50,1629500
20221110,12:01:39,18178.80,50,1629500
20221110,12:01:41,18183.60,1600,1629500
20221110,12:01:47,18181.40,50,1629500
20221110,12:01:49,18182.70,50,1629500
20221110,12:02:00,18182.15,50,1629500
20221110,12:02:09,18180.25,200,1629500
20221110,12:02:14,18180.00,100,1629500
20221110,12:02:34,18179.90,50,1629500
20221110,12:02:50,18177.70,50,1629500
20221110,12:02:52,18179.00,50,1629500
20221110,12:02:55,18177.85,250,1629500
20221110,12:02:58,18177.25,100,1629500
20221110,12:03:00,18179.40,50,1629500
20221110,12:03:02,18177.00,50,1629050
20221110,12:03:03,18177.00,50,1629050
20221110,12:03:07,18175.60,450,1629050
20221110,12:03:10,18175.00,50,1629050
20221110,12:03:12,18175.00,50,1629050
20221110,12:03:14,18175.00,450,1629050
20221110,12:03:15,18174.00,50,1629050
20221110,12:03:18,18173.45,50,1629050
20221110,12:03:27,18175.95,50,1629050
20221110,12:03:35,18176.60,200,1629050
20221110,12:03:45,18177.05,100,1629050
20221110,12:03:48,18176.65,50,1629050
20221110,12:03:56,18177.85,100,1629050
20221110,12:03:58,18177.85,50,1629050
20221110,12:03:59,18177.65,150,1629050
20221110,12:04:02,18178.15,200,1629050
20221110,12:04:05,18178.10,50,1629050
20221110,12:04:07,18177.20,50,1629050
20221110,12:04:25,18176.70,50,1629050
20221110,12:04:52,18177.00,50,1629050
20221110,12:05:04,18177.00,50,1629050
20221110,12:05:05,18177.00,50,1629050
20221110,12:05:06,18177.00,50,1629050
20221110,12:05:15,18178.85,50,1629050
20221110,12:05:17,18179.95,50,1629050
20221110,12:05:27,18179.95,50,1629050
20221110,12:05:59,18177.05,50,1629050
20221110,12:06:01,18178.10,50,1629050
20221110,12:06:03,18178.00,50,1629300
20221110,12:06:20,18177.00,200,1629300
20221110,12:06:21,18176.00,550,1629300
20221110,12:06:22,18176.00,50,1629300
20221110,12:06:23,18176.00,50,1629300
20221110,12:06:27,18177.00,150,1629300
20221110,12:06:30,18176.00,50,1629300
20221110,12:06:35,18176.35,150,1629300
20221110,12:06:36,18175.75,50,1629300
20221110,12:06:40,18178.30,50,1629300
20221110,12:06:41,18178.95,50,1629300
20221110,12:07:00,18178.95,50,1629300
20221110,12:07:06,18178.95,50,1629300
20221110,12:07:24,18179.10,50,1629300
20221110,12:07:36,18178.35,200,1629300
20221110,12:07:39,18178.80,150,1629300
20221110,12:07:40,18179.10,50,1629300
20221110,12:07:51,18180.00,50,1629300
20221110,12:07:54,18178.45,50,1629300
20221110,12:08:12,18179.35,50,1629300
20221110,12:08:19,18179.45,50,1629300
20221110,12:08:28,18179.15,50,1629300
20221110,12:08:46,18179.15,50,1629300
20221110,12:09:14,18179.35,100,1629350
20221110,12:09:16,18179.35,50,1629350
20221110,12:09:22,18178.45,50,1629350
20221110,12:09:32,18178.95,50,1629350
20221110,12:09:35,18177.25,100,1629350
20221110,12:09:38,18179.00,150,1629350
20221110,12:09:39,18179.00,50,1629350
20221110,12:09:40,18177.05,50,1629350
20221110,12:09:47,18179.95,50,1629350
20221110,12:09:51,18179.95,50,1629350
20221110,12:09:53,18178.45,50,1629350
20221110,12:09:58,18179.50,50,1629350
20221110,12:10:08,18175.85,350,1629350
20221110,12:10:19,18179.55,50,1629350
20221110,12:10:21,18178.00,50,1629350
20221110,12:10:33,18179.35,100,1629350
20221110,12:10:38,18179.50,50,1629350
20221110,12:10:54,18178.00,50,1629350
20221110,12:11:01,18178.00,100,1629350
20221110,12:11:06,18177.60,50,1629350
20221110,12:11:07,18176.70,50,1629350
20221110,12:11:11,18175.50,50,1629350
20221110,12:11:12,18175.00,200,1629350
20221110,12:11:13,18174.30,50,1629350
20221110,12:11:14,18173.00,50,1629350
20221110,12:11:15,18173.85,50,1629350
20221110,12:11:17,18172.25,50,1629350
20221110,12:11:20,18173.60,50,1629350
20221110,12:11:22,18171.80,150,1629350
20221110,12:11:30,18171.05,50,1629350
20221110,12:11:40,18171.50,1850,1629350
20221110,12:11:46,18173.00,50,1629350
20221110,12:11:49,18172.70,1850,1629350
20221110,12:11:53,18170.05,50,1629350
20221110,12:11:58,18172.70,100,1629350
20221110,12:12:06,18170.25,500,1628050
20221110,12:12:09,18168.70,1750,1628050
20221110,12:12:16,18171.10,1800,1628050
20221110,12:12:30,18170.80,50,1628050
20221110,12:12:33,18170.80,50,1628050
20221110,12:12:37,18165.70,850,1628050
20221110,12:12:41,18169.55,50,1628050
20221110,12:12:44,18170.80,100,1628050
20221110,12:12:48,18170.00,50,1628050
20221110,12:12:55,18170.80,200,1628050
20221110,12:13:08,18175.00,50,1628050
20221110,12:13:18,18173.70,150,1628050
20221110,12:13:18,18173.65,50,1628050
20221110,12:13:33,18171.45,550,1628050
20221110,12:13:39,18171.50,150,1628050
20221110,12:13:40,18174.55,50,1628050
20221110,12:13:42,18171.50,100,1628050
20221110,12:13:43,18171.45,50,1628050
20221110,12:13:44,18171.70,50,1628050
20221110,12:13:46,18174.00,50,1628050
20221110,12:13:47,18171.65,300,1628050
20221110,12:14:18,18173.40,150,1628050
20221110,12:14:23,18173.50,150,1628050
20221110,12:14:30,18171.00,50,1628050
20221110,12:14:40,18171.00,50,1628050
20221110,12:14:41,18171.65,100,1628050
20221110,12:14:45,18170.00,100,1628050
20221110,12:14:48,18170.00,50,1628050
20221110,12:15:01,18168.00,50,1628050
20221110,12:15:03,18169.25,150,1628200
20221110,12:15:08,18166.15,100,1628200
20221110,12:15:14,18167.70,100,1628200
20221110,12:15:20,18168.90,50,1628200
20221110,12:15:28,18169.00,50,1628200
20221110,12:15:31,18168.90,50,1628200
20221110,12:15:34,18170.00,50,1628200
20221110,12:15:48,18170.00,100,1628200
20221110,12:15:50,18170.00,100,1628200
20221110,12:15:59,18170.00,50,1628200
20221110,12:16:05,18171.60,50,1628200
20221110,12:16:07,18171.60,50,1628200
20221110,12:16:11,18171.60,50,1628200
20221110,12:16:12,18171.60,50,1628200
20221110,12:16:13,18172.00,50,1628200
20221110,12:16:23,18172.95,100,1628200
20221110,12:16:28,18171.60,50,1628200
20221110,12:16:41,18172.00,100,1628200
20221110,12:16:45,18170.05,50,1628200
20221110,12:16:46,18172.00,50,1628200
20221110,12:16:47,18172.45,50,1628200
20221110,12:16:54,18172.00,150,1628200
20221110,12:16:59,18170.00,50,1628200
20221110,12:17:02,18167.90,500,1628200
20221110,12:17:04,18166.00,50,1628200
20221110,12:17:09,18165.00,100,1628200
20221110,12:17:10,18165.00,50,1628200
20221110,12:17:11,18165.00,50,1628200
20221110,12:17:13,18165.00,50,1628200
20221110,12:17:16,18166.00,150,1628200
20221110,12:17:17,18165.00,250,1628200
20221110,12:17:21,18166.00,50,1628200
20221110,12:17:22,18165.05,50,1628200
20221110,12:17:25,18166.00,100,1628200
20221110,12:17:28,18165.00,250,1628200
20221110,12:17:30,18165.00,50,1628200
20221110,12:17:31,18164.00,150,1628200
20221110,12:17:38,18164.00,50,1628200
20221110,12:17:45,18167.45,350,1628200
20221110,12:18:00,18165.00,50,1628200
20221110,12:18:02,18165.00,50,1628200
20221110,12:18:05,18164.00,100,1628200
20221110,12:18:07,18158.00,4800,1628200
20221110,12:18:08,18155.00,700,1628200
20221110,12:18:09,18155.15,100,1628200
20221110,12:18:11,18154.60,100,1628200
20221110,12:18:14,18154.60,150,1628200
20221110,12:18:21,18155.65,100,1628200
20221110,12:18:22,18156.00,100,1628200
20221110,12:18:22,18158.60,50,1628200
20221110,12:18:27,18158.65,150,1628200
20221110,12:18:29,18156.45,50,1628200
20221110,12:18:30,18156.50,50,1628200
20221110,12:18:35,18155.05,1500,1628200
20221110,12:18:41,18156.50,50,1628200
20221110,12:18:44,18157.05,100,1628200
20221110,12:18:50,18160.05,300,1628200
20221110,12:18:53,18159.35,50,1628200
20221110,12:18:54,18159.90,50,1628200
20221110,12:18:59,18160.30,50,1628200
20221110,12:19:01,18160.00,50,1628200
20221110,12:19:05,18159.00,50,1628200
20221110,12:19:06,18156.10,300,1628200
20221110,12:19:11,18158.00,50,1628200
20221110,12:19:18,18158.00,150,1628200
20221110,12:19:19,18159.00,100,1628200
20221110,12:19:25,18158.00,50,1628200
20221110,12:19:25,18155.00,50,1628200
20221110,12:19:28,18155.10,100,1628200
20221110,12:19:42,18157.80,50,1628200
20221110,12:19:43,18158.35,50,1628200
20221110,12:19:45,18159.10,50,1628200
20221110,12:19:53,18158.15,50,1628200
20221110,12:20:08,18158.00,200,1628200
20221110,12:20:22,18160.00,50,1628200
20221110,12:20:25,18160.00,50,1628200
20221110,12:20:26,18160.00,50,1628200
20221110,12:20:32,18161.05,50,1628200
20221110,12:20:34,18160.00,150,1628200
20221110,12:20:35,18160.45,200,1628200
20221110,12:20:51,18160.00,50,1628200
20221110,12:20:52,18158.80,750,1628200
20221110,12:20:59,18161.60,50,1628200
20221110,12:21:05,18162.95,50,1628200
20221110,12:21:07,18165.70,300,1628500
20221110,12:21:10,18162.40,50,1628500
20221110,12:21:15,18165.00,50,1628500
20221110,12:21:27,18160.00,50,1628500
20221110,12:21:28,18162.55,50,1628500
20221110,12:21:44,18163.75,100,1628500
20221110,12:21:52,18159.95,50,1628500
20221110,12:21:56,18159.95,50,1628500
20221110,12:22:38,18159.95,350,1628500
20221110,12:22:39,18158.00,50,1628500
20221110,12:22:52,18158.00,50,1628500
20221110,12:22:59,18156.35,50,1628500
20221110,12:23:13,18156.00,200,1628500
20221110,12:23:18,18156.00,300,1628500
20221110,12:23:34,18156.35,500,1628500
20221110,12:23:35,18160.15,200,1628500
20221110,12:23:36,18156.90,400,1628500
20221110,12:23:41,18157.55,100,1628500
20221110,12:23:46,18159.25,100,1628500
20221110,12:23:53,18158.35,150,1628500
20221110,12:23:59,18152.00,350,1628500
20221110,12:24:02,18152.00,100,1628500
20221110,12:24:05,18152.00,300,1628500
20221110,12:24:07,18152.00,50,1628500
20221110,12:24:08,18151.15,250,1628300
20221110,12:24:11,18151.15,50,1628300
20221110,12:24:13,18151.00,400,1628300
20221110,12:24:13,18150.00,750,1628300
20221110,12:24:14,18150.00,50,1628300
20221110,12:24:16,18148.50,2100,1628300
20221110,12:24:18,18145.80,250,1628300
20221110,12:24:19,18145.80,100,1628300
20221110,12:24:22,18148.70,100,1628300
20221110,12:24:29,18148.65,50,1628300
20221110,12:24:31,18146.40,50,1628300
20221110,12:24:33,18146.40,300,1628300
20221110,12:24:36,18147.05,50,1628300
20221110,12:24:40,18148.70,50,1628300
20221110,12:24:43,18147.00,150,1628300
20221110,12:24:44,18147.00,350,1628300
20221110,12:24:45,18147.40,450,1628300
20221110,12:24:50,18149.00,50,1628300
20221110,12:24:55,18152.95,200,1628300
20221110,12:24:58,18152.30,50,1628300
20221110,12:25:00,18152.70,50,1628300
20221110,12:25:02,18152.25,50,1628300
20221110,12:25:13,18151.95,500,1628300
20221110,12:25:14,18150.00,150,1628300
20221110,12:25:22,18152.00,200,1628300
20221110,12:25:23,18152.00,100,1628300
20221110,12:25:23,18152.00,300,1628300
20221110,12:25:40,18152.05,100,1628300
20221110,12:25:44,18154.45,150,1628300
20221110,12:25:49,18155.80,400,1628300
20221110,12:26:10,18154.00,50,1628300
20221110,12:26:14,18154.85,100,1628300
20221110,12:26:19,18152.35,100,1628300
20221110,12:26:24,18153.00,50,1628300
20221110,12:26:27,18153.00,50,1628300
20221110,12:26:30,18153.00,50,1628300
20221110,12:26:40,18153.15,50,1628300
20221110,12:26:45,18153.20,500,1628300
20221110,12:26:47,18155.75,50,1628300
20221110,12:26:50,18153.15,50,1628300
20221110,12:26:52,18153.20,50,1628300
20221110,12:27:03,18155.00,50,1628300
20221110,12:27:11,18153.40,50,1628300
20221110,12:27:14,18155.00,50,1629500
20221110,12:27:20,18155.75,50,1629500
20221110,12:27:28,18155.05,50,1629500
20221110,12:27:37,18155.05,100,1629500
20221110,12:27:48,18153.50,50,1629500
20221110,12:27:57,18153.50,50,1629500
20221110,12:28:01,18153.00,100,1629500
20221110,12:28:02,18153.00,50,1629500
20221110,12:28:03,18153.00,100,1629500
20221110,12:28:04,18153.00,250,1629500
20221110,12:28:05,18152.50,400,1629500
20221110,12:28:07,18152.50,100,1629500
20221110,12:28:11,18152.00,300,1629500
20221110,12:28:14,18151.00,50,1629500
20221110,12:28:18,18150.50,50,1629500
20221110,12:28:28,18150.50,50,1629500
20221110,12:28:35,18150.05,1400,1629500
20221110,12:28:47,18150.05,350,1629500
20221110,12:29:00,18150.50,50,1629500
20221110,12:29:01,18151.45,250,1629500
20221110,12:29:02,18151.60,50,1629500
20221110,12:29:03,18150.05,100,1629500
20221110,12:29:07,18150.00,100,1629500
20221110,12:29:19,18151.40,50,1629500
20221110,12:29:25,18150.00,100,1629500
20221110,12:29:28,18150.00,250,1629500
20221110,12:29:30,18150.20,100,1629500
20221110,12:29:31,18149.00,50,1629500
20221110,12:29:33,18149.60,100,1629500
20221110,12:29:35,18147.05,50,1629500
20221110,12:29:36,18148.25,100,1629500
20221110,12:29:38,18148.05,50,1629500
20221110,12:29:39,18147.05,50,1629500
20221110,12:29:40,18147.00,50,1629500
20221110,12:29:41,18146.20,50,1629500
20221110,12:29:42,18145.00,250,1629500
20221110,12:29:48,18145.00,50,1629500
20221110,12:29:49,18145.00,50,1629500
20221110,12:29:52,18145.05,50,1629500
20221110,12:29:53,18145.00,50,1629500
20221110,12:29:57,18145.00,150,1629500
20221110,12:30:00,18145.20,150,1629500
20221110,12:30:07,18147.65,100,1629500
20221110,12:30:11,18147.65,50,1631450
20221110,12:30:20,18146.75,50,1631450
20221110,12:30:28,18146.75,100,1631450
20221110,12:30:30,18146.75,100,1631450
20221110,12:30:40,18147.60,50,1631450
20221110,12:30:46,18147.70,50,1631450
20221110,12:30:54,18147.75,50,1631450
20221110,12:30:55,18147.00,50,1631450
20221110,12:30:56,18148.15,50,1631450
20221110,12:30:57,18145.55,100,1631450
20221110,12:30:58,18147.90,100,1631450
20221110,12:31:13,18146.75,50,1631450
20221110,12:31:13,18145.55,50,1631450
20221110,12:31:24,18146.10,50,1631450
20221110,12:31:28,18146.00,100,1631450
20221110,12:31:36,18146.00,250,1631450
20221110,12:31:39,18148.10,50,1631450
20221110,12:31:43,18146.50,50,1631450
20221110,12:31:57,18147.40,100,1631450
20221110,12:31:58,18147.85,350,1631450
20221110,12:31:59,18149.95,50,1631450
20221110,12:32:01,18149.75,50,1631450
20221110,12:32:07,18150.00,50,1631450
20221110,12:32:09,18150.00,250,1631450
20221110,12:32:11,18150.00,50,1631450
20221110,12:32:17,18151.10,50,1631450
20221110,12:32:32,18150.00,150,1631450
20221110,12:32:37,18151.90,50,1631450
20221110,12:32:39,18152.35,50,1631450
20221110,12:32:44,18152.00,50,1631450
20221110,12:32:47,18151.95,100,1631450
20221110,12:32:51,18151.00,50,1631450
20221110,12:32:56,18152.00,50,1631450
20221110,12:33:00,18151.80,150,1631450
20221110,12:33:12,18150.50,50,1631900
20221110,12:33:18,18150.00,50,1631900
20221110,12:33:19,18150.00,50,1631900
20221110,12:33:24,18150.15,50,1631900
20221110,12:33:25,18150.00,150,1631900
20221110,12:33:31,18147.00,100,1631900
20221110,12:33:37,18147.05,300,1631900
20221110,12:33:38,18147.00,50,1631900
20221110,12:33:39,18146.20,250,1631900
20221110,12:33:45,18147.05,50,1631900
20221110,12:33:48,18148.45,50,1631900
20221110,12:33:52,18147.55,50,1631900
20221110,12:33:56,18148.35,50,1631900
20221110,12:34:02,18148.60,50,1631900
20221110,12:34:09,18148.00,200,1631900
20221110,12:34:19,18146.85,1400,1631900
20221110,12:34:22,18147.00,50,1631900
20221110,12:34:24,18147.00,100,1631900
20221110,12:34:26,18148.80,100,1631900
20221110,12:34:40,18148.75,50,1631900
20221110,12:34:41,18151.00,100,1631900
20221110,12:34:43,18153.75,100,1631900
20221110,12:34:44,18149.55,50,1631900
20221110,12:34:55,18153.15,50,1631900
20221110,12:34:58,18150.80,50,1631900
20221110,12:35:00,18154.35,250,1631900
20221110,12:35:10,18155.40,150,1631900
20221110,12:35:11,18155.40,50,1631900
20221110,12:35:16,18157.95,50,1631900
20221110,12:35:19,18160.00,50,1631900
20221110,12:35:22,18158.40,50,1631900
20221110,12:35:24,18159.80,150,1631900
20221110,12:35:25,18160.00,50,1631900
20221110,12:35:27,18157.90,50,1631900
20221110,12:35:36,18156.10,50,1631900
20221110,12:35:44,18156.00,50,1631900
20221110,12:35:59,18156.45,50,1631900
20221110,12:36:04,18157.85,50,1631900
20221110,12:36:19,18158.60,100,1632350
20221110,12:36:30,18159.75,100,1632350
20221110,12:36:40,18160.00,1000,1632350
20221110,12:36:47,18158.15,100,1632350
20221110,12:37:01,18160.00,50,1632350
20221110,12:37:10,18159.00,50,1632350
20221110,12:37:14,18158.45,50,1632350
20221110,12:37:16,18158.45,50,1632350
20221110,12:37:23,18158.45,100,1632350
20221110,12:37:27,18159.90,50,1632350
20221110,12:37:34,18160.00,100,1632350
20221110,12:37:55,18160.00,50,1632350
20221110,12:38:08,18160.00,100,1632350
20221110,12:38:09,18158.55,50,1632350
20221110,12:38:10,18158.55,50,1632350
20221110,12:38:12,18158.45,50,1632350
20221110,12:38:15,18158.45,50,1632350
20221110,12:38:18,18158.45,50,1632350
20221110,12:38:19,18158.45,50,1632350
20221110,12:38:21,18158.40,50,1632350
20221110,12:38:25,18159.85,50,1632350
20221110,12:38:42,18159.95,50,1632350
20221110,12:38:47,18158.05,50,1632350
20221110,12:39:07,18158.05,50,1632350
20221110,12:39:16,18159.40,50,1632350
20221110,12:39:18,18154.70,200,1633900
20221110,12:39:38,18154.00,150,1633900
20221110,12:40:30,18154.00,50,1633900
20221110,12:40:33,18156.10,100,1633900
20221110,12:40:34,18153.95,50,1633900
20221110,12:40:37,18153.80,50,1633900
20221110,12:40:43,18152.85,50,1633900
20221110,12:40:49,18151.00,100,1633900
20221110,12:40:50,18152.05,50,1633900
20221110,12:41:00,18150.00,100,1633900
20221110,12:41:03,18150.00,300,1633900
20221110,12:41:05,18147.10,150,1633900
20221110,12:41:06,18147.00,50,1633900
20221110,12:41:11,18148.80,50,1633900
20221110,12:41:15,18147.00,50,1633900
20221110,12:41:17,18146.10,50,1633900
20221110,12:41:23,18146.90,150,1633900
20221110,12:41:29,18145.15,200,1633900
20221110,12:41:35,18146.95,100,1633900
20221110,12:41:40,18148.45,50,1633900
20221110,12:41:43,18147.80,100,1633900
20221110,12:41:43,18147.60,400,1633900
20221110,12:41:44,18147.85,50,1633900
20221110,12:41:47,18148.60,50,1633900
20221110,12:41:48,18146.05,150,1633900
20221110,12:41:49,18148.00,50,1633900
20221110,12:41:50,18146.25,150,1633900
20221110,12:41:51,18148.00,50,1633900
20221110,12:41:53,18148.65,100,1633900
20221110,12:41:55,18148.65,50,1633900
20221110,12:42:03,18147.85,150,1633900
20221110,12:42:07,18145.55,250,1633750
20221110,12:42:11,18148.00,50,1633750
20221110,12:42:18,18148.75,100,1633750
20221110,12:42:22,18145.55,500,1633750
20221110,12:42:32,18145.30,50,1633750
20221110,12:42:40,18145.40,50,1633750
20221110,12:42:47,18145.40,50,1633750
20221110,12:42:57,18145.65,50,1633750
20221110,12:43:00,18145.75,100,1633750
20221110,12:43:01,18145.80,50,1633750
20221110,12:43:22,18146.20,50,1633750
20221110,12:43:44,18148.00,50,1633750
20221110,12:43:45,18145.40,100,1633750
20221110,12:43:48,18148.65,100,1633750
20221110,12:43:50,18148.25,50,1633750
20221110,12:43:57,18148.75,50,1633750
20221110,12:44:06,18145.40,150,1633750
20221110,12:44:13,18145.40,250,1633750
20221110,12:44:14,18145.40,50,1633750
20221110,12:44:15,18148.00,250,1633750
20221110,12:44:23,18145.70,100,1633750
20221110,12:44:34,18148.00,350,1633750
20221110,12:44:35,18148.00,250,1633750
20221110,12:44:37,18148.00,600,1633750
20221110,12:44:53,18148.20,50,1633750
20221110,12:44:55,18148.00,50,1633750
20221110,12:45:13,18148.00,50,1634550
20221110,12:45:18,18148.00,50,1634550
20221110,12:45:22,18148.00,150,1634550
20221110,12:45:35,18150.50,50,1634550
20221110,12:45:39,18150.25,50,1634550
20221110,12:45:52,18150.95,50,1634550
20221110,12:46:00,18150.90,50,1634550
20221110,12:46:12,18153.60,50,1634550
20221110,12:46:18,18153.95,50,1634550
20221110,12:46:25,18150.90,50,1634550
20221110,12:46:26,18154.05,150,1634550
20221110,12:46:39,18152.75,100,1634550
20221110,12:46:49,18152.00,100,1634550
20221110,12:46:50,18151.55,50,1634550
20221110,12:46:51,18151.60,100,1634550
20221110,12:46:54,18150.60,50,1634550
20221110,12:47:11,18154.35,150,1634550
20221110,12:47:12,18155.00,50,1634550
20221110,12:47:24,18154.10,50,1634550
20221110,12:47:26,18154.00,100,1634550
20221110,12:47:27,18154.00,550,1634550
20221110,12:47:28,18154.00,50,1634550
20221110,12:47:40,18154.00,50,1634550
20221110,12:47:45,18153.00,50,1634550
20221110,12:47:59,18154.00,50,1634550
20221110,12:48:00,18155.00,100,1634550
20221110,12:48:06,18153.00,50,1634550
20221110,12:48:08,18154.45,50,1634950
20221110,12:48:21,18152.45,50,1634950
20221110,12:48:32,18152.25,100,1634950
20221110,12:48:41,18151.35,50,1634950
20221110,12:48:43,18150.25,50,1634950
20221110,12:48:45,18150.00,50,1634950
20221110,12:48:46,18150.00,100,1634950
20221110,12:48:47,18149.00,50,1634950
20221110,12:48:49,18150.10,50,1634950
20221110,12:48:50,18148.00,50,1634950
20221110,12:49:02,18146.90,50,1634950
20221110,12:49:04,18146.55,50,1634950
20221110,12:49:06,18146.50,50,1634950
20221110,12:49:08,18146.00,50,1634950
20221110,12:49:23,18147.95,200,1634950
20221110,12:49:26,18145.20,100,1634950
20221110,12:49:31,18147.00,50,1634950
20221110,12:49:34,18145.00,100,1634950
20221110,12:49:36,18145.00,50,1634950
20221110,12:49:37,18146.30,100,1634950
20221110,12:49:40,18145.00,100,1634950
20221110,12:49:43,18145.00,50,1634950
20221110,12:49:44,18145.00,50,1634950
20221110,12:49:45,18145.00,50,1634950
20221110,12:49:47,18145.00,50,1634950
20221110,12:49:50,18145.80,50,1634950
20221110,12:49:52,18145.00,50,1634950
20221110,12:49:54,18145.00,50,1634950
20221110,12:49:55,18145.00,150,1634950
20221110,12:49:56,18145.00,50,1634950
20221110,12:49:58,18145.00,50,1634950
20221110,12:49:59,18145.00,100,1634950
20221110,12:50:00,18145.00,450,1634950
20221110,12:50:02,18144.95,200,1634950
20221110,12:50:09,18142.50,350,1634950
20221110,12:50:13,18139.15,2400,1634950
20221110,12:50:14,18138.00,800,1634950
20221110,12:50:17,18136.05,100,1634950
20221110,12:50:18,18136.05,100,1634950
20221110,12:50:19,18135.00,500,1634950
20221110,12:50:22,18135.00,50,1634950
20221110,12:50:24,18135.00,400,1634950
20221110,12:50:24,18136.55,50,1634950
