20221110,09:15:00,18110.00,1,12059100
20221110,09:15:00,18144.00,400,12059100
20221110,09:15:00,18116.00,5200,12059100
20221110,09:15:01,18118.85,10550,12059100
20221110,09:15:02,18119.00,6250,12059100
20221110,09:15:03,18120.00,14300,12059100
20221110,09:15:04,18117.95,15750,12059100
20221110,09:15:06,18122.00,6650,12059100
20221110,09:15:07,18122.90,14000,12059100
20221110,09:15:08,18132.00,15000,12059100
20221110,09:15:09,18135.35,14300,12059100
20221110,09:15:09,18139.65,1050,12059100
20221110,09:15:10,18139.00,11650,12059100
20221110,09:15:11,18135.10,6950,12059100
20221110,09:15:12,18144.90,15850,12059100
20221110,09:15:14,18148.85,15050,12059100
20221110,09:15:15,18149.75,8350,12059100
20221110,09:15:16,18140.00,8400,12059100
20221110,09:15:17,18143.35,7150,12059100
20221110,09:15:18,18144.95,2550,12059100
20221110,09:15:18,18145.00,200,12059100
20221110,09:15:19,18147.90,4150,12059100
20221110,09:15:20,18147.00,2150,12059100
20221110,09:15:21,18144.85,5200,12059100
20221110,09:15:22,18148.50,4750,12059100
20221110,09:15:23,18149.75,3200,12059100
20221110,09:15:25,18149.90,3900,12059100
20221110,09:15:26,18148.60,5050,12059100
20221110,09:15:27,18146.75,4450,12059100
20221110,09:15:28,18146.20,7200,12059100
20221110,09:15:29,18148.80,1950,12059100
20221110,09:15:30,18148.75,3100,12059100
20221110,09:15:30,18146.20,50,12059100
20221110,09:15:31,18148.20,1600,12059100
20221110,09:15:32,18145.75,1100,12059100
20221110,09:15:33,18143.15,6400,12059100
20221110,09:15:34,18141.25,4600,12059100
20221110,09:15:36,18141.70,3450,12059100
20221110,09:15:37,18140.15,3350,12059100
20221110,09:15:38,18140.20,2050,12059100
20221110,09:15:39,18139.40,2400,12059100
20221110,09:15:40,18144.45,1550,12059100
20221110,09:15:40,18141.10,550,12059100
20221110,09:15:41,18140.45,1500,12059100
20221110,09:15:42,18140.00,3600,12059100
20221110,09:15:43,18140.50,1600,12059100
20221110,09:15:45,18137.60,4450,12059100
20221110,09:15:46,18140.65,2300,12059100
20221110,09:15:47,18137.65,4850,12059100
20221110,09:15:48,18137.65,950,12059100
20221110,09:15:49,18135.00,1150,12059100
20221110,09:15:50,18132.85,3900,12059100
20221110,09:15:50,18132.65,250,12059100
20221110,09:15:51,18130.85,3200,12059100
20221110,09:15:52,18128.75,8900,12059100
20221110,09:15:53,18130.00,700,12059100
20221110,09:15:55,18133.00,1100,12059100
20221110,09:15:56,18132.10,950,12059100
20221110,09:15:57,18132.20,2850,12059100
20221110,09:15:58,18130.00,1650,12059100
20221110,09:15:59,18128.80,3950,12059100
20221110,09:15:59,18127.65,850,12059100
20221110,09:16:00,18125.60,2150,12059100
20221110,09:16:01,18123.20,4650,12059100
20221110,09:16:03,18121.05,2450,12059100
20221110,09:16:04,18122.80,6600,12059100
20221110,09:16:05,18120.65,6250,12059100
20221110,09:16:06,18122.00,5050,12059100
20221110,09:16:06,18125.00,350,12059100
20221110,09:16:07,18124.10,2900,12059100
20221110,09:16:08,18125.60,1600,12059100
20221110,09:16:09,18125.60,1400,12059100
20221110,09:16:11,18125.60,3550,12059100
20221110,09:16:12,18125.60,400,12059100
20221110,09:16:13,18125.00,10850,12059100
20221110,09:16:14,18125.00,3250,12059100
20221110,09:16:15,18125.00,3550,12059100
20221110,09:16:15,18125.00,300,12059100
20221110,09:16:16,18125.00,3750,12059100
20221110,09:16:17,18124.00,7650,12059100
20221110,09:16:19,18124.00,4100,12059100
20221110,09:16:20,18124.90,1650,12059100
20221110,09:16:21,18124.85,2400,12059100
20221110,09:16:22,18123.05,1500,12059100
20221110,09:16:22,18121.30,150,12059100
20221110,09:16:23,18123.05,1850,12059100
20221110,09:16:24,18123.15,2000,12059100
20221110,09:16:25,18123.60,2100,12059100
20221110,09:16:27,18124.60,3700,12059100
20221110,09:16:28,18124.95,3500,12059100
20221110,09:16:29,18124.95,2450,12059100
20221110,09:16:30,18124.00,5000,12059100
20221110,09:16:31,18125.55,950,12059100
20221110,09:16:31,18124.00,250,12059100
20221110,09:16:32,18123.00,2600,12059100
20221110,09:16:33,18123.90,6100,12059100
20221110,09:16:34,18124.00,550,12059100
20221110,09:16:36,18120.00,1700,12059100
20221110,09:16:37,18120.00,2250,12059100
20221110,09:16:38,18122.65,2550,12059100
20221110,09:16:39,18119.20,3750,12059100
20221110,09:16:40,18119.10,1450,12059100
20221110,09:16:40,18121.75,100,12059100
20221110,09:16:41,18119.05,2200,12059100
20221110,09:16:42,18118.05,3050,12059100
20221110,09:16:44,18119.95,600,12059100
20221110,09:16:45,18118.00,1300,12059100
20221110,09:16:46,18117.85,5350,12059100
20221110,09:16:47,18115.60,1650,12059100
20221110,09:16:48,18112.35,4400,12059100
20221110,09:16:48,18112.70,450,12059100
20221110,09:16:49,18115.60,1050,12059100
20221110,09:16:51,18114.60,2150,12059100
20221110,09:16:52,18112.80,2300,12059100
20221110,09:16:53,18113.10,1850,12059100
20221110,09:16:54,18114.70,1100,12059100
20221110,09:16:55,18113.00,350,12059100
20221110,09:16:56,18115.15,3600,12059100
20221110,09:16:56,18114.60,50,12059100
20221110,09:16:57,18117.90,700,12059100
20221110,09:16:59,18116.25,8500,12059100
20221110,09:17:00,18119.90,2400,12059100
20221110,09:17:01,18118.20,1150,12059100
20221110,09:17:02,18118.05,2100,12059100
20221110,09:17:03,18117.10,3200,12059100
20221110,09:17:04,18115.00,550,12059100
20221110,09:17:05,18115.30,4400,12059100
20221110,09:17:05,18115.35,200,12059100
20221110,09:17:06,18114.85,650,12059100
20221110,09:17:08,18115.60,1150,12059100
20221110,09:17:09,18117.30,1050,12059100
20221110,09:17:10,18115.60,1100,12059100
20221110,09:17:11,18119.10,1750,12059100
20221110,09:17:12,18118.75,1700,12059100
20221110,09:17:13,18116.00,1400,12059100
20221110,09:17:13,18118.55,50,12059100
20221110,09:17:14,18118.75,2650,12059100
20221110,09:17:15,18119.00,500,12059100
20221110,09:17:17,18116.10,1450,12059100
20221110,09:17:18,18119.05,2350,12059100
20221110,09:17:19,18116.05,2300,12059100
20221110,09:17:20,18118.85,150,12059100
20221110,09:17:21,18120.15,2700,12059100
20221110,09:17:22,18119.05,1650,12059100
20221110,09:17:22,18121.95,1000,12059100
20221110,09:17:23,18120.65,400,12059100
20221110,09:17:25,18122.10,1200,12059100
20221110,09:17:26,18122.10,850,12059100
20221110,09:17:27,18123.50,2250,12059100
20221110,09:17:28,18123.25,250,12059100
20221110,09:17:29,18122.10,1350,12059100
20221110,09:17:30,18120.10,1250,12059100
20221110,09:17:30,18123.00,250,12059100
20221110,09:17:31,18123.00,1300,12059100
20221110,09:17:33,18120.00,1000,12059100
20221110,09:17:34,18122.70,350,12017050
20221110,09:17:35,18120.00,1350,12017050
20221110,09:17:36,18119.90,1300,12017050
20221110,09:17:37,18119.80,800,12017050
20221110,09:17:38,18119.95,2500,12017050
20221110,09:17:39,18120.00,750,12017050
20221110,09:17:39,18120.00,50,12017050
20221110,09:17:40,18120.00,750,12017050
20221110,09:17:42,18117.50,700,12017050
20221110,09:17:43,18118.00,1050,12017050
20221110,09:17:44,18117.50,1600,12017050
20221110,09:17:45,18116.15,1750,12017050
20221110,09:17:46,18117.90,950,12017050
20221110,09:17:47,18117.90,500,12017050
20221110,09:17:48,18120.75,500,12017050
20221110,09:17:49,18121.30,150,12017050
20221110,09:17:51,18120.00,650,12017050
20221110,09:17:52,18122.05,1200,12017050
20221110,09:17:53,18122.05,1750,12017050
20221110,09:17:54,18122.05,700,12017050
20221110,09:17:55,18120.40,4200,12017050
20221110,09:17:56,18122.05,1400,12017050
20221110,09:17:57,18122.65,750,12017050
20221110,09:17:58,18122.05,950,12017050
20221110,09:18:00,18121.00,250,12017050
20221110,09:18:01,18122.00,1350,12017050
20221110,09:18:02,18121.00,2300,12017050
20221110,09:18:03,18122.50,300,12017050
20221110,09:18:04,18124.35,300,12017050
20221110,09:18:05,18121.00,300,12017050
20221110,09:18:06,18123.95,250,12017050
20221110,09:18:08,18124.95,150,12017050
20221110,09:18:09,18122.65,700,12017050
20221110,09:18:10,18125.00,1450,12017050
20221110,09:18:11,18124.25,650,12017050
20221110,09:18:12,18124.20,50,12017050
20221110,09:18:13,18125.00,400,12017050
20221110,09:18:14,18126.55,2350,12017050
20221110,09:18:16,18121.35,12100,12017050
20221110,09:18:17,18124.95,700,12017050
20221110,09:18:18,18122.05,500,12017050
20221110,09:18:19,18123.00,750,12017050
20221110,09:18:20,18123.00,650,12017050
20221110,09:18:21,18124.95,500,12017050
20221110,09:18:22,18124.45,200,12017050
20221110,09:18:22,18124.95,100,12017050
20221110,09:18:23,18123.00,200,12017050
20221110,09:18:24,18123.40,550,12017050
20221110,09:18:26,18124.10,500,12017050
20221110,09:18:27,18123.00,300,12017050
20221110,09:18:28,18123.40,550,12017050
20221110,09:18:29,18120.45,6250,12017050
20221110,09:18:30,18122.00,150,12017050
20221110,09:18:31,18123.65,400,12017050
20221110,09:18:32,18123.00,250,12017050
20221110,09:18:32,18122.80,500,12017050
20221110,09:18:33,18124.10,550,12017050
20221110,09:18:35,18124.95,550,12017050
20221110,09:18:36,18124.95,650,12017050
20221110,09:18:37,18124.95,850,12017050
20221110,09:18:38,18124.90,450,12017050
20221110,09:18:39,18125.20,500,12017050
20221110,09:18:40,18126.80,150,12017050
20221110,09:18:41,18125.00,600,12017050
20221110,09:18:41,18126.75,100,12017050
20221110,09:18:43,18125.80,1500,12017050
20221110,09:18:44,18127.70,1450,12017050
20221110,09:18:45,18127.15,1000,12017050
20221110,09:18:46,18128.15,500,12017050
20221110,09:18:47,18125.95,1750,12017050
20221110,09:18:48,18128.00,1050,12017050
20221110,09:18:49,18128.85,400,12017050
20221110,09:18:49,18129.00,50,12017050
20221110,09:18:50,18129.90,1400,12017050
20221110,09:18:52,18130.75,900,12017050
20221110,09:18:53,18129.90,1300,12017050
20221110,09:18:54,18130.00,350,12017050
20221110,09:18:55,18130.00,700,12017050
20221110,09:18:56,18131.00,450,12017050
20221110,09:18:57,18129.95,1250,12017050
20221110,09:18:58,18130.00,950,12017050
20221110,09:18:58,18130.00,50,12017050
20221110,09:19:00,18130.05,1600,12017050
20221110,09:19:01,18129.05,3250,12017050
20221110,09:19:02,18130.00,1300,12017050
20221110,09:19:03,18129.00,950,12017050
20221110,09:19:04,18129.00,2850,12017050
20221110,09:19:05,18126.00,5600,12017050
20221110,09:19:05,18125.80,300,12017050
20221110,09:19:06,18127.70,2000,12017050
20221110,09:19:08,18128.15,650,12017050
20221110,09:19:09,18130.00,1350,12017050
20221110,09:19:10,18129.00,850,12017050
20221110,09:19:11,18129.60,450,12017050
20221110,09:19:12,18128.05,800,12017050
20221110,09:19:13,18129.60,700,12017050
20221110,09:19:14,18129.55,150,12017050
20221110,09:19:15,18130.80,400,12017050
20221110,09:19:16,18130.00,650,12017050
20221110,09:19:17,18130.00,400,12017050
20221110,09:19:18,18130.80,1150,12017050
20221110,09:19:19,18129.95,500,12017050
20221110,09:19:20,18130.00,300,12017050
20221110,09:19:21,18129.70,650,12017050
20221110,09:19:22,18128.65,900,12017050
20221110,09:19:23,18127.85,950,12017050
20221110,09:19:24,18127.90,350,12017050
20221110,09:19:25,18128.05,400,12017050
20221110,09:19:26,18128.65,350,12017050
20221110,09:19:27,18128.30,350,12017050
20221110,09:19:28,18129.00,300,12017050
20221110,09:19:30,18128.05,1850,12017050
20221110,09:19:31,18129.90,500,12017050
20221110,09:19:32,18129.90,200,12017050
20221110,09:19:33,18128.25,500,12017050
20221110,09:19:34,18127.90,950,12017050
20221110,09:19:35,18126.70,150,12017050
20221110,09:19:36,18127.90,50,12017050
20221110,09:19:37,18126.55,150,12017050
20221110,09:19:38,18127.90,750,12017050
20221110,09:19:40,18126.65,350,12017050
20221110,09:19:41,18128.70,700,12017050
20221110,09:19:42,18127.95,1600,12017050
20221110,09:19:43,18129.90,850,12017050
20221110,09:19:44,18130.00,150,12017050
20221110,09:19:45,18128.05,1000,12017050
20221110,09:19:46,18130.80,150,12017050
20221110,09:19:47,18130.80,100,12017050
20221110,09:19:48,18128.05,150,12017050
20221110,09:19:49,18130.80,50,12017050
20221110,09:19:50,18128.45,250,12017050
20221110,09:19:51,18130.75,1050,12017050
20221110,09:19:52,18131.75,1350,12017050
20221110,09:19:53,18131.75,200,12017050
20221110,09:19:54,18131.90,350,12017050
20221110,09:19:55,18133.00,750,12017050
20221110,09:19:56,18133.00,300,12017050
20221110,09:19:57,18133.30,350,12017050
20221110,09:19:58,18134.00,300,12017050
20221110,09:20:00,18134.00,350,12017050
20221110,09:20:01,18132.40,12600,12017050
20221110,09:20:02,18133.35,3000,12017050
20221110,09:20:03,18130.65,550,12017050
20221110,09:20:04,18130.35,1100,12017050
20221110,09:20:05,18132.95,1150,12017050
20221110,09:20:06,18132.85,50,12017050
20221110,09:20:07,18132.95,250,12017050
20221110,09:20:08,18133.00,550,12017050
20221110,09:20:09,18134.15,1550,12017050
20221110,09:20:10,18134.85,750,12017050
20221110,09:20:11,18134.80,400,12017050
20221110,09:20:12,18134.65,50,12017050
20221110,09:20:13,18135.40,3400,12017050
20221110,09:20:14,18136.40,1100,12017050
20221110,09:20:15,18137.60,600,12017050
20221110,09:20:16,18136.80,1850,12017050
20221110,09:20:17,18140.00,1650,12017050
20221110,09:20:18,18140.50,1800,12017050
20221110,09:20:19,18141.70,550,12017050
20221110,09:20:20,18139.45,1850,12017050
20221110,09:20:22,18138.65,2300,12017050
20221110,09:20:23,18139.10,400,12017050
20221110,09:20:24,18138.25,350,12017050
20221110,09:20:25,18139.25,2900,12017050
20221110,09:20:26,18137.65,600,12017050
20221110,09:20:27,18139.05,700,12017050
20221110,09:20:28,18140.00,250,12017050
20221110,09:20:29,18139.95,150,12017050
20221110,09:20:30,18140.80,300,12017050
20221110,09:20:31,18140.95,100,12017050
20221110,09:20:32,18141.30,500,12017050
20221110,09:20:33,18141.95,950,12017050
20221110,09:20:34,18140.00,950,12009600
20221110,09:20:35,18139.90,1000,12009600
20221110,09:20:36,18139.65,1450,12009600
20221110,09:20:37,18139.00,700,12009600
20221110,09:20:38,18139.55,1150,12009600
20221110,09:20:39,18140.00,600,12009600
20221110,09:20:40,18140.40,200,12009600
20221110,09:20:41,18141.50,400,12009600
20221110,09:20:42,18141.65,1000,12009600
20221110,09:20:43,18141.75,650,12009600
20221110,09:20:44,18142.05,550,12009600
20221110,09:20:45,18141.95,800,12009600
20221110,09:20:46,18142.80,900,12009600
20221110,09:20:47,18142.90,650,12009600
20221110,09:20:48,18142.40,1550,12009600
20221110,09:20:49,18142.85,750,12009600
20221110,09:20:50,18142.30,100,12009600
20221110,09:20:51,18143.40,1750,12009600
20221110,09:20:52,18142.30,150,12009600
20221110,09:20:54,18142.90,250,12009600
20221110,09:20:55,18142.30,600,12009600
20221110,09:20:56,18141.60,750,12009600
20221110,09:20:57,18141.95,2050,12009600
20221110,09:20:58,18142.90,50,12009600
20221110,09:20:59,18142.00,500,12009600
20221110,09:21:00,18142.00,900,12009600
20221110,09:21:01,18140.20,450,12009600
20221110,09:21:02,18142.00,800,12009600
20221110,09:21:03,18142.00,50,12009600
20221110,09:21:04,18141.80,150,12009600
20221110,09:21:05,18140.10,150,12009600
20221110,09:21:06,18142.00,2550,12009600
20221110,09:21:07,18141.20,300,12009600
20221110,09:21:08,18141.25,50,12009600
20221110,09:21:09,18140.00,350,12009600
20221110,09:21:10,18140.00,150,12009600
20221110,09:21:11,18142.00,3150,12009600
20221110,09:21:12,18140.60,400,12009600
20221110,09:21:13,18139.85,2000,12009600
20221110,09:21:14,18139.20,50,12009600
20221110,09:21:15,18141.85,250,12009600
20221110,09:21:16,18140.60,450,12009600
20221110,09:21:17,18138.25,1300,12009600
20221110,09:21:18,18140.35,2250,12009600
20221110,09:21:19,18139.60,200,12009600
20221110,09:21:20,18139.05,100,12009600
20221110,09:21:21,18137.10,450,12009600
20221110,09:21:22,18137.50,850,12009600
20221110,09:21:23,18137.50,400,12009600
20221110,09:21:24,18139.35,100,12009600
20221110,09:21:25,18139.35,200,12009600
20221110,09:21:27,18139.35,550,12009600
20221110,09:21:28,18138.00,1950,12009600
20221110,09:21:29,18137.50,1450,12009600
20221110,09:21:31,18136.55,100,12009600
20221110,09:21:32,18135.00,150,12009600
20221110,09:21:33,18135.00,100,12009600
20221110,09:21:34,18133.05,1500,12009600
20221110,09:21:35,18135.25,550,12009600
20221110,09:21:36,18135.40,400,12009600
20221110,09:21:37,18134.45,450,12009600
20221110,09:21:38,18135.25,600,12009600
20221110,09:21:39,18137.65,400,12009600
20221110,09:21:40,18137.90,50,12009600
20221110,09:21:41,18138.95,50,12009600
20221110,09:21:42,18139.00,950,12009600
20221110,09:21:43,18139.30,50,12009600
20221110,09:21:44,18137.90,400,12009600
20221110,09:21:46,18138.00,300,12009600
20221110,09:21:47,18137.65,300,12009600
20221110,09:21:48,18138.00,200,12009600
20221110,09:21:49,18138.05,450,12009600
20221110,09:21:50,18137.65,850,12009600
20221110,09:21:52,18137.70,200,12009600
20221110,09:21:53,18138.95,1200,12009600
20221110,09:21:54,18135.15,2050,12009600
20221110,09:21:56,18137.65,600,12009600
20221110,09:21:57,18138.95,200,12009600
20221110,09:21:59,18138.05,2200,12009600
20221110,09:22:00,18137.00,550,12009600
20221110,09:22:01,18140.00,650,12009600
20221110,09:22:02,18138.00,200,12009600
20221110,09:22:03,18137.75,1650,12009600
20221110,09:22:04,18140.00,150,12009600
20221110,09:22:05,18138.45,150,12009600
20221110,09:22:06,18138.50,50,12009600
20221110,09:22:07,18138.20,600,12009600
20221110,09:22:08,18139.60,250,12009600
20221110,09:22:10,18138.75,100,12009600
20221110,09:22:11,18138.55,700,12009600
20221110,09:22:12,18138.10,50,12009600
20221110,09:22:13,18138.20,100,12009600
20221110,09:22:14,18139.00,600,12009600
20221110,09:22:15,18137.65,300,12009600
20221110,09:22:16,18139.45,250,12009600
20221110,09:22:17,18139.35,150,12009600
20221110,09:22:18,18139.00,350,12009600
20221110,09:22:20,18141.00,1100,12009600
20221110,09:22:22,18139.90,800,12009600
20221110,09:22:23,18141.95,50,12009600
20221110,09:22:25,18141.80,100,12009600
20221110,09:22:26,18139.90,550,12009600
20221110,09:22:27,18140.15,100,12009600
20221110,09:22:29,18138.90,1650,12009600
20221110,09:22:30,18139.15,500,12009600
20221110,09:22:31,18138.40,300,12009600
20221110,09:22:31,18137.65,400,12009600
20221110,09:22:33,18137.00,750,12009600
20221110,09:22:34,18135.00,500,12009600
20221110,09:22:35,18136.30,1200,12009600
20221110,09:22:36,18135.00,550,12009600
20221110,09:22:37,18134.80,300,12009600
20221110,09:22:38,18134.75,250,12009600
20221110,09:22:39,18134.90,950,12009600
20221110,09:22:40,18134.40,1150,12009600
20221110,09:22:41,18134.15,300,12009600
20221110,09:22:42,18134.20,300,12009600
20221110,09:22:43,18136.00,150,12009600
20221110,09:22:44,18135.50,50,12009600
20221110,09:22:45,18137.95,50,12009600
20221110,09:22:46,18137.35,900,12009600
20221110,09:22:47,18137.90,100,12009600
20221110,09:22:49,18137.05,150,12009600
20221110,09:22:50,18138.40,700,12009600
20221110,09:22:51,18135.05,400,12009600
20221110,09:22:52,18135.60,250,12009600
20221110,09:22:54,18136.65,100,12009600
20221110,09:22:54,18137.90,250,12009600
20221110,09:22:55,18137.55,50,12009600
20221110,09:22:56,18135.90,1000,12009600
20221110,09:22:57,18137.00,1200,12009600
20221110,09:22:58,18136.25,250,12009600
20221110,09:22:59,18135.10,250,12009600
20221110,09:23:00,18135.00,450,12009600
20221110,09:23:01,18133.20,1250,12009600
20221110,09:23:02,18132.15,300,12009600
20221110,09:23:03,18135.80,1300,12009600
20221110,09:23:04,18135.45,250,12009600
20221110,09:23:05,18135.40,150,12009600
20221110,09:23:06,18132.05,250,12009600
20221110,09:23:07,18132.00,50,12009600
20221110,09:23:08,18132.85,300,12009600
20221110,09:23:09,18130.10,550,12009600
20221110,09:23:11,18130.25,1200,12009600
20221110,09:23:12,18130.10,100,12009600
20221110,09:23:13,18132.00,350,12009600
20221110,09:23:14,18132.00,1250,12009600
20221110,09:23:15,18132.65,550,12009600
20221110,09:23:16,18133.05,100,12009600
20221110,09:23:17,18130.25,1700,12009600
20221110,09:23:18,18132.20,300,12009600
20221110,09:23:19,18132.95,650,12009600
20221110,09:23:20,18133.00,2000,12009600
20221110,09:23:21,18130.25,50,12009600
20221110,09:23:22,18132.50,150,12009600
20221110,09:23:23,18130.25,250,12009600
20221110,09:23:24,18131.10,1600,12009600
20221110,09:23:25,18130.90,200,12009600
20221110,09:23:26,18130.90,150,12009600
20221110,09:23:27,18131.55,950,12009600
20221110,09:23:28,18133.40,100,12009600
20221110,09:23:30,18133.40,150,12009600
20221110,09:23:30,18133.40,100,12009600
20221110,09:23:31,18133.45,850,12009600
20221110,09:23:32,18133.05,550,12009600
20221110,09:23:33,18130.65,1150,12022800
20221110,09:23:34,18132.90,200,12022800
20221110,09:23:36,18130.55,50,12022800
20221110,09:23:37,18132.60,250,12022800
20221110,09:23:38,18133.15,1450,12022800
20221110,09:23:39,18131.00,300,12022800
20221110,09:23:40,18131.90,50,12022800
20221110,09:23:42,18130.30,200,12022800
20221110,09:23:43,18132.00,550,12022800
20221110,09:23:44,18130.30,1100,12022800
20221110,09:23:45,18129.90,4700,12022800
20221110,09:23:47,18127.55,1350,12022800
20221110,09:23:48,18125.05,850,12022800
20221110,09:23:49,18127.30,600,12022800
20221110,09:23:50,18125.00,650,12022800
20221110,09:23:51,18125.00,150,12022800
20221110,09:23:52,18125.00,950,12022800
20221110,09:23:53,18124.90,1200,12022800
20221110,09:23:54,18125.00,750,12022800
20221110,09:23:55,18124.50,800,12022800
20221110,09:23:56,18123.50,100,12022800
20221110,09:23:57,18122.05,650,12022800
20221110,09:23:59,18123.15,1250,12022800
20221110,09:24:00,18123.05,400,12022800
20221110,09:24:01,18123.50,100,12022800
20221110,09:24:02,18124.10,2050,12022800
20221110,09:24:03,18122.30,300,12022800
20221110,09:24:04,18122.30,500,12022800
20221110,09:24:04,18121.10,50,12022800
20221110,09:24:05,18121.30,50,12022800
20221110,09:24:06,18123.70,2100,12022800
20221110,09:24:07,18121.00,2350,12022800
20221110,09:24:08,18122.55,1550,12022800
20221110,09:24:09,18121.95,950,12022800
20221110,09:24:11,18120.00,500,12022800
20221110,09:24:11,18120.00,350,12022800
20221110,09:24:12,18120.00,1100,12022800
20221110,09:24:14,18120.00,700,12022800
20221110,09:24:15,18120.00,2000,12022800
20221110,09:24:16,18120.00,850,12022800
20221110,09:24:17,18118.85,600,12022800
20221110,09:24:18,18119.65,150,12022800
20221110,09:24:18,18120.00,350,12022800
20221110,09:24:19,18120.00,350,12022800
20221110,09:24:20,18119.95,350,12022800
20221110,09:24:21,18118.20,400,12022800
20221110,09:24:23,18117.00,2400,12022800
20221110,09:24:24,18120.00,2650,12022800
20221110,09:24:25,18121.00,500,12022800
20221110,09:24:26,18122.50,2400,12022800
20221110,09:24:28,18123.50,800,12022800
20221110,09:24:29,18122.70,1650,12022800
20221110,09:24:29,18121.25,100,12022800
20221110,09:24:30,18120.60,400,12022800
20221110,09:24:31,18122.80,450,12022800
20221110,09:24:32,18120.00,450,12022800
20221110,09:24:34,18119.30,500,12022800
20221110,09:24:35,18124.55,1200,12022800
20221110,09:24:35,18122.25,50,12022800
20221110,09:24:36,18124.50,150,12022800
20221110,09:24:37,18125.00,450,12022800
20221110,09:24:39,18122.30,100,12022800
20221110,09:24:40,18120.90,250,12022800
20221110,09:24:40,18121.00,50,12022800
20221110,09:24:41,18122.60,300,12022800
20221110,09:24:42,18122.25,300,12022800
20221110,09:24:44,18122.65,150,12022800
20221110,09:24:45,18123.00,150,12022800
20221110,09:24:46,18124.35,300,12022800
20221110,09:24:47,18123.25,100,12022800
20221110,09:24:48,18123.45,600,12022800
20221110,09:24:50,18123.20,450,12022800
20221110,09:24:51,18124.10,50,12022800
20221110,09:24:51,18124.15,50,12022800
20221110,09:24:52,18122.95,250,12022800
20221110,09:24:53,18122.80,300,12022800
20221110,09:24:55,18124.15,800,12022800
20221110,09:24:56,18122.70,450,12022800
20221110,09:24:57,18123.70,150,12022800
20221110,09:24:57,18123.95,50,12022800
20221110,09:24:58,18122.30,1200,12022800
20221110,09:24:59,18122.15,2250,12022800
20221110,09:25:01,18123.30,200,12022800
20221110,09:25:02,18124.35,1200,12022800
20221110,09:25:03,18122.15,350,12022800
20221110,09:25:04,18123.30,600,12022800
20221110,09:25:05,18122.70,150,12022800
20221110,09:25:07,18122.15,1100,12022800
20221110,09:25:08,18123.65,1700,12022800
20221110,09:25:09,18122.00,400,12022800
20221110,09:25:10,18123.00,500,12022800
20221110,09:25:11,18123.00,350,12022800
20221110,09:25:13,18123.30,700,12022800
20221110,09:25:14,18124.70,550,12022800
20221110,09:25:14,18124.70,50,12022800
20221110,09:25:15,18123.55,250,12022800
20221110,09:25:16,18123.85,1600,12022800
20221110,09:25:18,18125.05,350,12022800
20221110,09:25:19,18126.15,700,12022800
20221110,09:25:19,18125.00,150,12022800
20221110,09:25:20,18123.90,450,12022800
20221110,09:25:21,18123.90,200,12022800
20221110,09:25:22,18124.60,300,12022800
20221110,09:25:24,18124.20,100,12022800
20221110,09:25:25,18124.45,2100,12022800
20221110,09:25:25,18124.20,50,12022800
20221110,09:25:26,18123.70,1050,12022800
20221110,09:25:27,18123.70,200,12022800
20221110,09:25:30,18124.55,250,12022800
20221110,09:25:31,18123.55,550,12022800
20221110,09:25:32,18122.05,550,12022800
20221110,09:25:33,18122.45,2900,12022800
20221110,09:25:34,18123.75,850,12022800
20221110,09:25:36,18122.70,700,12022800
20221110,09:25:37,18122.80,350,12022800
20221110,09:25:37,18122.70,100,12022800
20221110,09:25:38,18122.70,150,12022800
20221110,09:25:39,18123.10,250,12022800
20221110,09:25:41,18123.60,800,12022800
20221110,09:25:42,18123.60,100,12022800
20221110,09:25:43,18123.55,600,12022800
20221110,09:25:44,18122.70,100,12022800
20221110,09:25:45,18124.00,100,12022800
20221110,09:25:46,18123.20,800,12022800
20221110,09:25:48,18123.20,800,12022800
20221110,09:25:49,18122.90,650,12022800
20221110,09:25:50,18122.00,450,12022800
20221110,09:25:51,18121.10,500,12022800
20221110,09:25:52,18120.45,50,12022800
20221110,09:25:53,18120.55,450,12022800
20221110,09:25:54,18120.45,50,12022800
20221110,09:25:55,18120.55,150,12022800
20221110,09:25:56,18120.60,200,12022800
20221110,09:25:57,18120.05,800,12022800
20221110,09:25:58,18119.60,3300,12022800
20221110,09:25:59,18119.00,250,12022800
20221110,09:26:00,18118.10,800,12022800
20221110,09:26:01,18117.20,1500,12022800
20221110,09:26:02,18116.50,1100,12022800
20221110,09:26:03,18116.20,1000,12022800
20221110,09:26:04,18116.05,1600,12022800
20221110,09:26:05,18117.10,650,12022800
20221110,09:26:06,18116.50,250,12022800
20221110,09:26:07,18116.70,250,12022800
20221110,09:26:08,18118.50,2400,12022800
20221110,09:26:09,18116.25,150,12022800
20221110,09:26:10,18118.00,150,12022800
20221110,09:26:11,18118.10,200,12022800
20221110,09:26:12,18118.25,150,12022800
20221110,09:26:13,18116.25,1300,12022800
20221110,09:26:14,18118.85,150,12022800
20221110,09:26:15,18116.05,50,12022800
20221110,09:26:17,18117.35,450,12022800
20221110,09:26:18,18117.60,300,12022800
20221110,09:26:19,18116.85,150,12022800
20221110,09:26:20,18116.85,400,12022800
20221110,09:26:21,18116.95,250,12022800
20221110,09:26:22,18118.00,100,12022800
20221110,09:26:23,18117.05,550,12022800
20221110,09:26:24,18116.85,1050,12022800
20221110,09:26:25,18118.00,300,12022800
20221110,09:26:26,18118.00,400,12022800
20221110,09:26:28,18117.30,150,12022800
20221110,09:26:29,18117.30,400,12022800
20221110,09:26:30,18118.90,600,12022800
20221110,09:26:31,18117.65,1200,12022800
20221110,09:26:32,18116.95,650,12022800
20221110,09:26:33,18118.65,50,12050850
20221110,09:26:34,18118.00,200,12050850
20221110,09:26:35,18118.65,200,12050850
20221110,09:26:36,18119.90,2000,12050850
20221110,09:26:37,18118.10,350,12050850
20221110,09:26:39,18120.00,1750,12050850
20221110,09:26:40,18119.45,450,12050850
20221110,09:26:41,18119.40,150,12050850
20221110,09:26:42,18119.60,100,12050850
20221110,09:26:43,18119.45,100,12050850
20221110,09:26:44,18120.40,400,12050850
20221110,09:26:45,18118.40,50,12050850
20221110,09:26:46,18120.40,100,12050850
20221110,09:26:47,18119.50,50,12050850
20221110,09:26:49,18121.00,400,12050850
20221110,09:26:50,18120.95,1050,12050850
20221110,09:26:51,18121.00,300,12050850
20221110,09:26:52,18122.00,450,12050850
20221110,09:26:53,18122.10,200,12050850
20221110,09:26:54,18124.00,250,12050850
20221110,09:26:55,18124.75,250,12050850
20221110,09:26:56,18123.10,750,12050850
20221110,09:26:57,18125.00,200,12050850
20221110,09:26:58,18125.00,50,12050850
20221110,09:27:00,18125.00,850,12050850
20221110,09:27:01,18126.00,400,12050850
20221110,09:27:02,18125.80,300,12050850
20221110,09:27:03,18125.55,550,12050850
20221110,09:27:04,18127.00,400,12050850
20221110,09:27:05,18126.85,1400,12050850
20221110,09:27:06,18126.45,1250,12050850
20221110,09:27:07,18126.30,450,12050850
20221110,09:27:08,18127.25,1750,12050850
20221110,09:27:09,18126.50,1000,12050850
20221110,09:27:10,18126.70,1050,12050850
20221110,09:27:11,18125.15,900,12050850
20221110,09:27:12,18124.05,1200,12050850
20221110,09:27:12,18126.00,50,12050850
20221110,09:27:13,18126.60,100,12050850
20221110,09:27:14,18126.85,700,12050850
20221110,09:27:16,18125.60,500,12050850
20221110,09:27:17,18127.45,100,12050850
20221110,09:27:18,18127.00,100,12050850
20221110,09:27:19,18129.00,1300,12050850
20221110,09:27:21,18128.10,50,12050850
20221110,09:27:22,18131.70,2850,12050850
20221110,09:27:23,18129.10,350,12050850
20221110,09:27:24,18130.05,100,12050850
20221110,09:27:25,18130.00,200,12050850
20221110,09:27:26,18130.00,50,12050850
20221110,09:27:28,18129.05,100,12050850
20221110,09:27:29,18130.00,100,12050850
20221110,09:27:30,18129.00,200,12050850
20221110,09:27:31,18130.00,1250,12050850
20221110,09:27:32,18128.00,150,12050850
20221110,09:27:33,18129.20,300,12050850
20221110,09:27:34,18127.05,300,12050850
20221110,09:27:35,18129.40,100,12050850
20221110,09:27:37,18130.00,100,12050850
20221110,09:27:38,18129.00,100,12050850
20221110,09:27:39,18128.00,350,12050850
20221110,09:27:40,18127.25,800,12050850
20221110,09:27:42,18127.75,300,12050850
20221110,09:27:44,18127.25,100,12050850
20221110,09:27:45,18127.55,100,12050850
20221110,09:27:46,18127.95,300,12050850
20221110,09:27:47,18128.25,800,12050850
20221110,09:27:48,18128.00,150,12050850
20221110,09:27:49,18127.35,250,12050850
20221110,09:27:51,18127.15,400,12050850
20221110,09:27:52,18126.10,500,12050850
20221110,09:27:53,18127.80,1100,12050850
20221110,09:27:54,18125.25,100,12050850
20221110,09:27:55,18127.15,50,12050850
20221110,09:27:56,18125.35,300,12050850
20221110,09:27:57,18127.00,100,12050850
20221110,09:27:57,18126.05,50,12050850
20221110,09:27:58,18126.40,300,12050850
20221110,09:28:00,18126.95,300,12050850
20221110,09:28:01,18126.00,100,12050850
20221110,09:28:02,18126.65,250,12050850
20221110,09:28:03,18125.15,200,12050850
20221110,09:28:04,18126.90,400,12050850
20221110,09:28:06,18126.95,150,12050850
20221110,09:28:08,18126.50,250,12050850
20221110,09:28:08,18126.25,700,12050850
20221110,09:28:09,18126.40,150,12050850
20221110,09:28:10,18124.90,350,12050850
20221110,09:28:12,18122.85,100,12050850
20221110,09:28:13,18124.60,200,12050850
20221110,09:28:14,18124.60,150,12050850
20221110,09:28:14,18123.30,50,12050850
20221110,09:28:15,18122.85,200,12050850
20221110,09:28:17,18121.00,1350,12050850
20221110,09:28:18,18121.00,350,12050850
20221110,09:28:19,18120.10,750,12050850
20221110,09:28:20,18120.00,900,12050850
20221110,09:28:22,18121.00,450,12050850
20221110,09:28:23,18120.00,150,12050850
20221110,09:28:24,18119.95,250,12050850
20221110,09:28:25,18120.00,500,12050850
20221110,09:28:26,18119.95,650,12050850
20221110,09:28:27,18119.00,200,12050850
20221110,09:28:28,18119.95,550,12050850
20221110,09:28:28,18118.00,250,12050850
20221110,09:28:29,18119.95,100,12050850
20221110,09:28:30,18119.95,250,12050850
20221110,09:28:32,18120.00,200,12050850
20221110,09:28:34,18121.55,2350,12050850
20221110,09:28:35,18121.50,350,12050850
20221110,09:28:36,18121.80,450,12050850
20221110,09:28:38,18122.45,200,12050850
20221110,09:28:39,18122.45,100,12050850
20221110,09:28:40,18122.70,800,12050850
20221110,09:28:41,18122.70,50,12050850
20221110,09:28:42,18123.75,700,12050850
20221110,09:28:42,18122.50,200,12050850
20221110,09:28:44,18122.20,100,12050850
20221110,09:28:45,18124.65,2000,12050850
20221110,09:28:46,18124.30,250,12050850
20221110,09:28:48,18124.35,300,12050850
20221110,09:28:49,18124.90,300,12050850
20221110,09:28:50,18125.00,150,12050850
20221110,09:28:50,18125.00,50,12050850
20221110,09:28:51,18125.00,350,12050850
20221110,09:28:53,18125.25,100,12050850
20221110,09:28:54,18124.40,550,12050850
20221110,09:28:55,18124.50,250,12050850
20221110,09:28:56,18124.65,150,12050850
20221110,09:28:56,18122.65,500,12050850
20221110,09:28:57,18124.55,50,12050850
20221110,09:28:59,18124.45,50,12050850
20221110,09:29:00,18124.00,150,12050850
20221110,09:29:01,18124.00,850,12050850
20221110,09:29:02,18123.75,1200,12050850
20221110,09:29:04,18124.05,500,12050850
20221110,09:29:05,18123.00,450,12050850
20221110,09:29:06,18123.80,150,12050850
20221110,09:29:07,18122.95,300,12050850
20221110,09:29:08,18122.00,400,12050850
20221110,09:29:10,18122.85,100,12050850
20221110,09:29:11,18121.80,300,12050850
20221110,09:29:12,18120.20,300,12050850
20221110,09:29:13,18120.15,150,12050850
20221110,09:29:13,18121.75,200,12050850
20221110,09:29:15,18120.80,400,12050850
20221110,09:29:16,18122.00,350,12050850
20221110,09:29:17,18120.00,400,12050850
20221110,09:29:18,18120.10,200,12050850
20221110,09:29:19,18121.80,200,12050850
20221110,09:29:21,18120.45,1200,12050850
20221110,09:29:22,18120.90,2750,12050850
20221110,09:29:23,18120.00,400,12050850
20221110,09:29:24,18118.50,150,12050850
20221110,09:29:24,18120.10,550,12050850
20221110,09:29:25,18121.75,100,12050850
20221110,09:29:27,18121.75,300,12050850
20221110,09:29:28,18122.75,900,12050850
20221110,09:29:29,18121.75,250,12050850
20221110,09:29:30,18123.20,350,12050850
20221110,09:29:30,18123.25,50,12050850
20221110,09:29:32,18123.15,800,12050850
20221110,09:29:33,18121.00,200,12050850
20221110,09:29:34,18121.35,100,12050850
20221110,09:29:35,18121.35,2200,12072000
20221110,09:29:37,18123.05,100,12072000
20221110,09:29:39,18122.25,900,12072000
20221110,09:29:42,18123.55,150,12072000
20221110,09:29:43,18123.40,500,12072000
20221110,09:29:45,18123.10,1100,12072000
20221110,09:29:46,18123.10,650,12072000
20221110,09:29:48,18122.25,450,12072000
20221110,09:29:50,18123.80,100,12072000
20221110,09:29:51,18122.85,400,12072000
20221110,09:29:52,18122.00,250,12072000
20221110,09:29:53,18122.10,750,12072000
20221110,09:29:55,18121.55,500,12072000
20221110,09:29:56,18121.55,100,12072000
20221110,09:29:57,18122.20,100,12072000
20221110,09:29:58,18123.50,600,12072000
20221110,09:29:59,18123.15,150,12072000
20221110,09:30:00,18124.70,500,12072000
20221110,09:30:01,18124.50,650,12072000
20221110,09:30:02,18124.55,1400,12072000
20221110,09:30:03,18125.20,450,12072000
20221110,09:30:03,18124.55,250,12072000
20221110,09:30:05,18122.00,1500,12072000
20221110,09:30:06,18123.25,450,12072000
20221110,09:30:07,18125.55,500,12072000
20221110,09:30:08,18124.55,500,12072000
20221110,09:30:10,18123.35,400,12072000
20221110,09:30:11,18124.50,250,12072000
20221110,09:30:12,18123.40,300,12072000
20221110,09:30:13,18125.95,200,12072000
20221110,09:30:14,18124.60,500,12072000
20221110,09:30:15,18125.60,550,12072000
20221110,09:30:15,18126.95,250,12072000
20221110,09:30:16,18123.65,350,12072000
20221110,09:30:18,18123.40,50,12072000
20221110,09:30:19,18124.35,100,12072000
20221110,09:30:20,18123.40,100,12072000
20221110,09:30:21,18123.75,400,12072000
20221110,09:30:22,18123.05,300,12072000
20221110,09:30:23,18123.05,50,12072000
20221110,09:30:25,18122.35,300,12072000
20221110,09:30:25,18120.10,700,12072000
20221110,09:30:27,18121.80,200,12072000
20221110,09:30:28,18120.35,300,12072000
20221110,09:30:29,18120.00,250,12072000
20221110,09:30:30,18119.00,2350,12072000
20221110,09:30:30,18119.05,50,12072000
20221110,09:30:32,18120.00,300,12072000
20221110,09:30:33,18120.00,50,12072000
20221110,09:30:34,18120.00,450,12072000
20221110,09:30:35,18120.00,50,12072000
20221110,09:30:36,18119.85,150,12072000
20221110,09:30:37,18119.00,400,12072000
20221110,09:30:38,18117.00,3700,12072000
20221110,09:30:39,18116.80,400,12072000
20221110,09:30:40,18117.80,150,12072000
20221110,09:30:41,18117.25,100,12072000
20221110,09:30:42,18116.95,400,12072000
20221110,09:30:44,18119.00,200,12072000
20221110,09:30:46,18119.05,600,12072000
20221110,09:30:47,18119.25,150,12072000
20221110,09:30:48,18119.80,200,12072000
20221110,09:30:49,18120.00,50,12072000
20221110,09:30:50,18120.00,250,12072000
20221110,09:30:51,18119.40,150,12072000
20221110,09:30:52,18120.90,100,12072000
20221110,09:30:53,18120.40,250,12072000
20221110,09:30:54,18120.00,650,12072000
20221110,09:30:56,18119.85,100,12072000
20221110,09:30:57,18120.10,100,12072000
20221110,09:30:58,18120.20,300,12072000
20221110,09:30:59,18122.05,200,12072000
20221110,09:31:00,18122.00,350,12072000
20221110,09:31:01,18121.85,400,12072000
20221110,09:31:02,18122.30,150,12072000
20221110,09:31:03,18121.85,450,12072000
20221110,09:31:04,18121.00,550,12072000
20221110,09:31:05,18120.85,300,12072000
20221110,09:31:06,18120.30,350,12072000
20221110,09:31:08,18120.65,1100,12072000
20221110,09:31:09,18120.35,50,12072000
20221110,09:31:10,18121.90,100,12072000
20221110,09:31:11,18121.00,400,12072000
20221110,09:31:12,18120.25,950,12072000
20221110,09:31:14,18121.35,50,12072000
20221110,09:31:15,18121.35,100,12072000
20221110,09:31:16,18121.85,250,12072000
20221110,09:31:17,18120.95,350,12072000
20221110,09:31:18,18121.40,50,12072000
20221110,09:31:19,18120.90,200,12072000
20221110,09:31:20,18121.05,250,12072000
20221110,09:31:21,18120.65,50,12072000
20221110,09:31:22,18121.00,150,12072000
20221110,09:31:23,18122.05,400,12072000
20221110,09:31:24,18122.50,100,12072000
20221110,09:31:25,18122.00,400,12072000
20221110,09:31:26,18121.50,50,12072000
20221110,09:31:27,18122.45,100,12072000
20221110,09:31:29,18120.95,400,12072000
20221110,09:31:30,18121.85,250,12072000
20221110,09:31:31,18122.50,100,12072000
20221110,09:31:32,18122.85,150,12072000
20221110,09:31:33,18122.90,100,12072000
20221110,09:31:35,18122.35,1650,12072000
20221110,09:31:36,18123.40,150,12072000
20221110,09:31:38,18122.05,300,12072000
20221110,09:31:39,18121.05,400,12072000
20221110,09:31:40,18121.00,2700,12072000
20221110,09:31:41,18120.25,50,12072000
20221110,09:31:43,18120.30,50,12072000
20221110,09:31:44,18120.50,150,12072000
20221110,09:31:45,18122.55,350,12072000
20221110,09:31:46,18122.80,200,12072000
20221110,09:31:48,18121.70,1000,12072000
20221110,09:31:49,18122.15,900,12072000
20221110,09:31:50,18122.00,200,12072000
20221110,09:31:51,18121.30,100,12072000
20221110,09:31:52,18121.30,150,12072000
20221110,09:31:53,18122.05,50,12072000
20221110,09:31:54,18120.50,200,12072000
20221110,09:31:55,18120.50,150,12072000
20221110,09:31:56,18120.80,1150,12072000
20221110,09:31:57,18120.50,1150,12072000
20221110,09:31:58,18120.00,700,12072000
20221110,09:31:59,18120.55,200,12072000
20221110,09:32:00,18119.85,1350,12072000
20221110,09:32:01,18118.80,1150,12072000
20221110,09:32:02,18118.00,300,12072000
20221110,09:32:03,18117.00,150,12072000
20221110,09:32:04,18117.05,1100,12072000
20221110,09:32:05,18117.00,250,12072000
20221110,09:32:06,18117.00,400,12072000
20221110,09:32:07,18116.70,300,12072000
20221110,09:32:08,18118.00,300,12072000
20221110,09:32:09,18118.05,600,12072000
20221110,09:32:10,18116.80,800,12072000
20221110,09:32:11,18116.50,2000,12072000
20221110,09:32:12,18118.00,850,12072000
20221110,09:32:14,18119.30,250,12072000
20221110,09:32:15,18117.30,300,12072000
20221110,09:32:17,18117.70,100,12072000
20221110,09:32:18,18117.85,250,12072000
20221110,09:32:19,18120.00,450,12072000
20221110,09:32:20,18118.10,250,12072000
20221110,09:32:22,18118.10,150,12072000
20221110,09:32:23,18120.00,150,12072000
20221110,09:32:24,18120.00,400,12072000
20221110,09:32:25,18118.65,200,12072000
20221110,09:32:26,18120.55,150,12072000
20221110,09:32:27,18118.65,500,12072000
20221110,09:32:28,18120.25,550,12072000
20221110,09:32:29,18120.20,200,12072000
20221110,09:32:30,18120.25,100,12072000
20221110,09:32:31,18119.05,450,12072000
20221110,09:32:32,18118.20,750,12072000
20221110,09:32:33,18118.05,250,12072000
20221110,09:32:35,18118.05,50,12088650
20221110,09:32:36,18118.00,350,12088650
20221110,09:32:37,18118.00,200,12088650
20221110,09:32:38,18117.05,800,12088650
20221110,09:32:39,18118.50,100,12088650
20221110,09:32:40,18117.00,1050,12088650
20221110,09:32:41,18116.00,550,12088650
20221110,09:32:42,18113.50,10400,12088650
20221110,09:32:43,18111.25,950,12088650
20221110,09:32:44,18100.00,112000,12088650
20221110,09:32:45,18103.95,2350,12088650
20221110,09:32:46,18103.70,1450,12088650
20221110,09:32:47,18104.60,1700,12088650
20221110,09:32:48,18102.65,1800,12088650
20221110,09:32:49,18104.30,750,12088650
20221110,09:32:50,18104.30,1150,12088650
20221110,09:32:51,18104.85,1000,12088650
20221110,09:32:52,18106.40,850,12088650
20221110,09:32:53,18105.00,1450,12088650
20221110,09:32:54,18105.00,150,12088650
20221110,09:32:55,18105.00,1850,12088650
20221110,09:32:56,18107.90,550,12088650
20221110,09:32:57,18108.00,2150,12088650
20221110,09:32:58,18107.45,800,12088650
20221110,09:32:59,18105.05,300,12088650
20221110,09:33:00,18105.00,850,12088650
20221110,09:33:01,18105.00,900,12088650
20221110,09:33:02,18104.55,850,12088650
20221110,09:33:04,18103.55,800,12088650
20221110,09:33:05,18104.55,750,12088650
20221110,09:33:06,18102.85,6450,12088650
20221110,09:33:07,18103.30,300,12088650
20221110,09:33:08,18100.50,1000,12088650
20221110,09:33:09,18100.05,1550,12088650
20221110,09:33:10,18100.00,1000,12088650
20221110,09:33:11,18101.45,1100,12088650
20221110,09:33:13,18101.45,2100,12088650
20221110,09:33:13,18100.05,1600,12088650
20221110,09:33:14,18100.70,1000,12088650
20221110,09:33:15,18100.80,3000,12088650
20221110,09:33:16,18098.25,5050,12088650
20221110,09:33:18,18098.25,900,12088650
20221110,09:33:18,18098.40,200,12088650
20221110,09:33:19,18097.95,2000,12088650
20221110,09:33:20,18097.20,750,12088650
20221110,09:33:21,18097.20,950,12088650
20221110,09:33:22,18096.95,1800,12088650
20221110,09:33:23,18095.00,2650,12088650
20221110,09:33:24,18093.35,2450,12088650
20221110,09:33:25,18098.00,250,12088650
20221110,09:33:27,18099.60,850,12088650
20221110,09:33:27,18098.60,200,12088650
20221110,09:33:28,18098.00,800,12088650
20221110,09:33:29,18098.90,1900,12088650
20221110,09:33:30,18099.00,550,12088650
20221110,09:33:32,18100.00,1250,12088650
20221110,09:33:33,18098.80,400,12088650
20221110,09:33:34,18100.00,700,12088650
20221110,09:33:34,18098.65,100,12088650
20221110,09:33:35,18096.60,4800,12088650
20221110,09:33:36,18097.45,950,12088650
20221110,09:33:37,18095.15,700,12088650
20221110,09:33:38,18098.00,1000,12088650
20221110,09:33:39,18098.60,7050,12088650
20221110,09:33:40,18100.00,500,12088650
20221110,09:33:41,18096.65,850,12088650
20221110,09:33:42,18096.70,300,12088650
20221110,09:33:43,18095.20,950,12088650
20221110,09:33:44,18098.75,350,12088650
20221110,09:33:45,18096.05,1050,12088650
20221110,09:33:46,18096.70,250,12088650
20221110,09:33:47,18098.40,400,12088650
20221110,09:33:48,18096.45,250,12088650
20221110,09:33:49,18097.95,3400,12088650
20221110,09:33:50,18098.00,150,12088650
20221110,09:33:51,18096.25,1200,12088650
20221110,09:33:52,18097.50,600,12088650
20221110,09:33:53,18098.00,200,12088650
20221110,09:33:54,18098.00,150,12088650
20221110,09:33:55,18098.00,150,12088650
20221110,09:33:56,18097.50,900,12088650
20221110,09:33:57,18097.50,150,12088650
20221110,09:33:58,18098.00,800,12088650
20221110,09:33:59,18096.50,350,12088650
20221110,09:34:01,18096.00,650,12088650
20221110,09:34:02,18096.45,2550,12088650
20221110,09:34:03,18093.25,2200,12088650
20221110,09:34:03,18094.65,600,12088650
20221110,09:34:04,18093.00,900,12088650
20221110,09:34:05,18093.00,1150,12088650
20221110,09:34:06,18093.15,500,12088650
20221110,09:34:08,18093.00,550,12088650
20221110,09:34:09,18093.10,700,12088650
20221110,09:34:10,18093.00,2450,12088650
20221110,09:34:11,18095.70,1000,12088650
20221110,09:34:12,18095.00,350,12088650
20221110,09:34:13,18092.10,750,12088650
20221110,09:34:14,18092.10,100,12088650
20221110,09:34:15,18092.10,350,12088650
20221110,09:34:16,18089.70,11050,12088650
20221110,09:34:18,18091.95,350,12088650
20221110,09:34:18,18091.95,200,12088650
20221110,09:34:19,18091.20,800,12088650
20221110,09:34:20,18091.65,1000,12088650
20221110,09:34:21,18091.75,600,12088650
20221110,09:34:23,18091.35,15600,12088650
20221110,09:34:24,18092.00,900,12088650
20221110,09:34:25,18092.15,1750,12088650
20221110,09:34:26,18090.95,600,12088650
20221110,09:34:27,18091.25,300,12088650
20221110,09:34:29,18095.00,350,12088650
20221110,09:34:30,18093.85,300,12088650
20221110,09:34:31,18095.00,350,12088650
20221110,09:34:32,18094.90,250,12088650
20221110,09:34:33,18092.65,9300,12088650
20221110,09:34:34,18093.70,1200,12088650
20221110,09:34:36,18095.00,1100,12088650
20221110,09:34:36,18093.85,400,12088650
20221110,09:34:37,18095.00,2300,12088650
20221110,09:34:38,18093.30,1900,12088650
20221110,09:34:39,18095.00,1400,12088650
20221110,09:34:40,18096.35,1000,12088650
20221110,09:34:41,18096.35,50,12088650
20221110,09:34:42,18098.00,300,12088650
20221110,09:34:43,18095.00,150,12088650
20221110,09:34:45,18095.00,150,12088650
20221110,09:34:46,18095.95,400,12088650
20221110,09:34:47,18096.00,400,12088650
20221110,09:34:48,18095.65,2250,12088650
20221110,09:34:49,18095.50,450,12088650
20221110,09:34:49,18092.65,50,12088650
20221110,09:34:50,18095.00,500,12088650
20221110,09:34:51,18093.00,350,12088650
20221110,09:34:52,18093.45,600,12088650
20221110,09:34:54,18092.40,2100,12088650
20221110,09:34:54,18092.65,50,12088650
20221110,09:34:55,18090.95,500,12088650
20221110,09:34:56,18094.00,2050,12088650
20221110,09:34:57,18093.00,250,12088650
20221110,09:34:59,18091.40,700,12088650
20221110,09:35:00,18090.50,750,12088650
20221110,09:35:01,18089.40,700,12088650
20221110,09:35:02,18088.35,2100,12088650
20221110,09:35:04,18087.80,8200,12088650
20221110,09:35:04,18089.20,550,12088650
20221110,09:35:05,18087.75,6950,12088650
20221110,09:35:06,18091.95,950,12088650
20221110,09:35:07,18089.00,350,12088650
20221110,09:35:09,18088.70,3900,12088650
20221110,09:35:10,18091.60,250,12088650
20221110,09:35:11,18089.35,1550,12088650
20221110,09:35:13,18093.00,900,12088650
20221110,09:35:14,18091.90,400,12088650
20221110,09:35:14,18094.70,250,12088650
20221110,09:35:15,18091.90,300,12088650
20221110,09:35:16,18092.15,1000,12088650
20221110,09:35:17,18091.55,1150,12088650
20221110,09:35:19,18093.65,1100,12088650
20221110,09:35:20,18090.05,650,12088650
20221110,09:35:21,18091.45,500,12088650
20221110,09:35:22,18091.60,400,12088650
20221110,09:35:24,18090.00,600,12088650
20221110,09:35:25,18089.80,600,12088650
20221110,09:35:26,18089.80,50,12088650
20221110,09:35:27,18089.95,450,12088650
20221110,09:35:28,18089.00,800,12088650
20221110,09:35:29,18090.65,250,12088650
20221110,09:35:30,18088.00,450,12088650
20221110,09:35:31,18090.50,50,12088650
20221110,09:35:32,18090.00,250,12088650
20221110,09:35:33,18090.00,300,12088650
20221110,09:35:34,18092.50,1600,12088650
20221110,09:35:35,18092.40,250,12088650
20221110,09:35:36,18089.95,1000,12098100
20221110,09:35:36,18089.95,500,12098100
20221110,09:35:37,18090.50,800,12098100
20221110,09:35:38,18090.00,750,12098100
20221110,09:35:39,18090.95,700,12098100
20221110,09:35:41,18089.00,500,12098100
20221110,09:35:42,18090.00,700,12098100
20221110,09:35:43,18088.65,400,12098100
20221110,09:35:44,18090.00,300,12098100
20221110,09:35:45,18091.00,850,12098100
20221110,09:35:46,18090.10,300,12098100
20221110,09:35:47,18091.00,650,12098100
20221110,09:35:48,18090.00,400,12098100
20221110,09:35:48,18090.00,150,12098100
20221110,09:35:49,18092.05,550,12098100
20221110,09:35:50,18089.75,200,12098100
20221110,09:35:52,18089.75,150,12098100
20221110,09:35:53,18089.75,400,12098100
20221110,09:35:54,18090.00,850,12098100
20221110,09:35:54,18090.00,50,12098100
20221110,09:35:55,18088.10,650,12098100
20221110,09:35:56,18088.40,650,12098100
20221110,09:35:58,18088.00,800,12098100
20221110,09:35:59,18088.40,550,12098100
20221110,09:36:00,18088.00,500,12098100
20221110,09:36:00,18088.00,50,12098100
20221110,09:36:01,18088.00,1450,12098100
20221110,09:36:02,18085.85,2750,12098100
20221110,09:36:03,18085.60,1350,12098100
20221110,09:36:04,18085.00,1350,12098100
20221110,09:36:05,18085.00,1350,12098100
20221110,09:36:06,18088.00,1050,12098100
20221110,09:36:07,18087.30,3700,12098100
20221110,09:36:08,18087.55,450,12098100
20221110,09:36:09,18090.00,1000,12098100
20221110,09:36:10,18087.40,900,12098100
20221110,09:36:11,18089.60,1950,12098100
20221110,09:36:12,18087.20,650,12098100
20221110,09:36:13,18088.65,650,12098100
20221110,09:36:14,18089.05,1600,12098100
20221110,09:36:15,18089.10,2300,12098100
20221110,09:36:16,18089.35,1550,12098100
20221110,09:36:17,18091.00,1100,12098100
20221110,09:36:18,18091.05,2000,12098100
20221110,09:36:19,18091.55,600,12098100
20221110,09:36:20,18091.50,550,12098100
20221110,09:36:21,18092.90,150,12098100
20221110,09:36:22,18093.35,950,12098100
20221110,09:36:23,18095.00,2650,12098100
20221110,09:36:24,18093.65,2000,12098100
20221110,09:36:25,18096.65,400,12098100
20221110,09:36:27,18094.00,550,12098100
20221110,09:36:28,18093.35,650,12098100
20221110,09:36:29,18094.85,250,12098100
20221110,09:36:30,18094.20,1050,12098100
20221110,09:36:32,18093.15,2050,12098100
20221110,09:36:33,18094.00,1050,12098100
20221110,09:36:34,18093.35,650,12098100
20221110,09:36:35,18095.00,400,12098100
20221110,09:36:37,18094.85,500,12098100
20221110,09:36:38,18094.95,2150,12098100
20221110,09:36:39,18095.00,1050,12098100
20221110,09:36:40,18092.80,200,12098100
20221110,09:36:41,18092.75,400,12098100
20221110,09:36:43,18091.60,1150,12098100
20221110,09:36:44,18090.00,2150,12098100
20221110,09:36:45,18092.15,1350,12098100
20221110,09:36:46,18090.05,350,12098100
20221110,09:36:47,18092.15,250,12098100
20221110,09:36:48,18090.30,2250,12098100
20221110,09:36:49,18090.25,2100,12098100
20221110,09:36:51,18090.35,600,12098100
20221110,09:36:52,18091.00,1150,12098100
20221110,09:36:52,18091.00,50,12098100
20221110,09:36:53,18091.60,500,12098100
20221110,09:36:54,18090.50,900,12098100
20221110,09:36:55,18090.50,550,12098100
20221110,09:36:57,18091.60,650,12098100
20221110,09:36:58,18092.15,1200,12098100
20221110,09:36:58,18092.15,50,12098100
20221110,09:36:59,18090.00,3050,12098100
20221110,09:37:00,18089.45,800,12098100
20221110,09:37:02,18090.00,950,12098100
20221110,09:37:03,18089.00,750,12098100
20221110,09:37:03,18088.85,250,12098100
20221110,09:37:04,18088.35,900,12098100
20221110,09:37:05,18088.55,250,12098100
20221110,09:37:07,18087.20,2400,12098100
20221110,09:37:08,18086.95,400,12098100
20221110,09:37:08,18086.85,300,12098100
20221110,09:37:09,18085.15,1300,12098100
20221110,09:37:10,18085.10,500,12098100
20221110,09:37:11,18087.70,1100,12098100
20221110,09:37:12,18085.35,200,12098100
20221110,09:37:13,18085.30,450,12098100
20221110,09:37:14,18085.05,850,12098100
20221110,09:37:15,18085.05,950,12098100
20221110,09:37:17,18085.00,800,12098100
20221110,09:37:18,18085.00,2550,12098100
20221110,09:37:20,18085.00,150,12098100
20221110,09:37:20,18085.05,250,12098100
20221110,09:37:21,18085.05,1250,12098100
20221110,09:37:22,18085.00,1450,12098100
20221110,09:37:24,18081.70,9900,12098100
20221110,09:37:25,18085.00,1800,12098100
20221110,09:37:26,18083.80,50,12098100
20221110,09:37:27,18083.80,100,12098100
20221110,09:37:28,18082.80,800,12098100
20221110,09:37:28,18083.05,250,12098100
20221110,09:37:29,18085.00,450,12098100
20221110,09:37:30,18084.85,700,12098100
20221110,09:37:31,18083.05,1850,12098100
20221110,09:37:32,18085.00,100,12098100
20221110,09:37:33,18085.00,500,12098100
20221110,09:37:35,18081.85,3900,12098100
20221110,09:37:36,18082.45,650,12098100
20221110,09:37:37,18083.00,1900,12098100
20221110,09:37:37,18085.00,100,12098100
20221110,09:37:38,18083.20,350,12098100
20221110,09:37:39,18085.05,750,12098100
20221110,09:37:40,18084.30,400,12098100
20221110,09:37:42,18087.90,450,12098100
20221110,09:37:43,18088.00,300,12098100
20221110,09:37:44,18089.35,250,12098100
20221110,09:37:45,18089.40,50,12098100
20221110,09:37:46,18090.00,100,12098100
20221110,09:37:47,18090.70,1250,12098100
20221110,09:37:49,18090.00,1000,12098100
20221110,09:37:50,18088.10,2450,12098100
20221110,09:37:51,18087.20,300,12098100
20221110,09:37:52,18090.90,2050,12098100
20221110,09:37:53,18087.85,200,12098100
20221110,09:37:55,18090.00,150,12098100
20221110,09:37:56,18090.00,1100,12098100
20221110,09:37:57,18090.05,450,12098100
20221110,09:37:58,18092.55,800,12098100
20221110,09:37:59,18091.60,1350,12098100
20221110,09:38:01,18089.40,650,12098100
20221110,09:38:02,18088.55,200,12098100
20221110,09:38:03,18090.00,600,12098100
20221110,09:38:03,18090.00,50,12098100
20221110,09:38:04,18090.00,150,12098100
20221110,09:38:05,18089.30,650,12098100
20221110,09:38:07,18089.20,150,12098100
20221110,09:38:08,18090.75,1100,12098100
20221110,09:38:09,18089.30,400,12098100
20221110,09:38:09,18088.75,100,12098100
20221110,09:38:10,18090.00,300,12098100
20221110,09:38:12,18087.30,1750,12098100
20221110,09:38:13,18088.75,200,12098100
20221110,09:38:14,18087.45,600,12098100
20221110,09:38:15,18090.00,50,12098100
20221110,09:38:17,18090.00,350,12098100
20221110,09:38:18,18087.25,1450,12098100
20221110,09:38:19,18089.95,50,12098100
20221110,09:38:20,18090.00,2450,12098100
20221110,09:38:20,18089.30,100,12098100
20221110,09:38:21,18089.50,1150,12098100
20221110,09:38:22,18089.30,350,12098100
20221110,09:38:24,18090.00,50,12098100
20221110,09:38:25,18090.00,300,12098100
20221110,09:38:26,18090.00,1100,12098100
20221110,09:38:26,18088.55,100,12098100
20221110,09:38:27,18087.05,2250,12098100
20221110,09:38:28,18090.00,600,12098100
20221110,09:38:30,18088.30,800,12098100
20221110,09:38:31,18087.00,50,12098100
20221110,09:38:32,18087.10,400,12098100
20221110,09:38:33,18087.45,100,12098100
20221110,09:38:34,18090.00,150,12091600
20221110,09:38:36,18090.00,800,12091600
20221110,09:38:37,18088.00,450,12091600
20221110,09:38:38,18086.80,1950,12091600
20221110,09:38:39,18087.00,150,12091600
20221110,09:38:41,18088.00,250,12091600
20221110,09:38:42,18088.95,5200,12091600
20221110,09:38:43,18089.25,100,12091600
20221110,09:38:44,18088.25,200,12091600
20221110,09:38:45,18088.40,2650,12091600
20221110,09:38:47,18090.00,150,12091600
20221110,09:38:48,18090.55,2250,12091600
20221110,09:38:49,18090.00,50,12091600
20221110,09:38:50,18089.15,100,12091600
20221110,09:38:51,18090.35,350,12091600
20221110,09:38:53,18088.05,150,12091600
20221110,09:38:54,18091.00,250,12091600
20221110,09:38:55,18090.80,100,12091600
20221110,09:38:56,18092.00,750,12091600
20221110,09:38:57,18090.00,800,12091600
20221110,09:38:58,18088.20,2200,12091600
20221110,09:38:59,18091.30,750,12091600
20221110,09:39:00,18089.75,550,12091600
20221110,09:39:01,18087.95,550,12091600
20221110,09:39:02,18087.70,1150,12091600
20221110,09:39:03,18089.50,250,12091600
20221110,09:39:04,18088.55,2350,12091600
20221110,09:39:05,18086.75,150,12091600
20221110,09:39:06,18087.10,500,12091600
20221110,09:39:08,18086.85,150,12091600
20221110,09:39:10,18085.00,650,12091600
20221110,09:39:11,18085.60,100,12091600
20221110,09:39:12,18086.05,2800,12091600
20221110,09:39:13,18086.50,200,12091600
20221110,09:39:14,18086.05,100,12091600
20221110,09:39:15,18087.25,50,12091600
20221110,09:39:15,18086.20,50,12091600
20221110,09:39:16,18086.20,50,12091600
20221110,09:39:18,18086.05,1300,12091600
20221110,09:39:19,18086.00,150,12091600
20221110,09:39:20,18086.95,550,12091600
20221110,09:39:21,18088.00,1950,12091600
20221110,09:39:23,18086.25,150,12091600
20221110,09:39:24,18086.95,150,12091600
20221110,09:39:25,18086.95,400,12091600
20221110,09:39:26,18086.80,300,12091600
20221110,09:39:27,18089.00,50,12091600
20221110,09:39:29,18086.00,1250,12091600
20221110,09:39:30,18085.60,700,12091600
20221110,09:39:31,18087.00,500,12091600
20221110,09:39:32,18087.20,2050,12091600
20221110,09:39:33,18085.90,100,12091600
20221110,09:39:34,18086.80,100,12091600
20221110,09:39:34,18086.00,100,12091600
20221110,09:39:35,18085.00,1150,12091600
20221110,09:39:36,18085.00,700,12091600
20221110,09:39:37,18087.05,900,12091600
20221110,09:39:39,18087.45,150,12091600
20221110,09:39:40,18087.40,200,12091600
20221110,09:39:41,18090.00,750,12091600
20221110,09:39:42,18089.30,150,12091600
20221110,09:39:43,18087.40,300,12091600
20221110,09:39:45,18087.40,950,12091600
20221110,09:39:45,18085.95,350,12091600
20221110,09:39:46,18087.75,50,12091600
20221110,09:39:47,18088.00,250,12091600
20221110,09:39:49,18089.05,100,12091600
20221110,09:39:50,18088.20,1650,12091600
20221110,09:39:51,18086.95,300,12091600
20221110,09:39:52,18087.25,100,12091600
20221110,09:39:54,18089.90,1350,12091600
20221110,09:39:55,18087.00,50,12091600
20221110,09:39:56,18088.20,750,12091600
20221110,09:39:57,18090.00,100,12091600
20221110,09:39:58,18088.25,200,12091600
20221110,09:39:58,18089.50,50,12091600
20221110,09:40:00,18089.50,500,12091600
20221110,09:40:01,18090.60,350,12091600
20221110,09:40:02,18088.20,150,12091600
20221110,09:40:04,18088.00,850,12091600
20221110,09:40:05,18087.00,150,12091600
20221110,09:40:06,18090.00,750,12091600
20221110,09:40:07,18090.00,200,12091600
20221110,09:40:08,18088.30,150,12091600
20221110,09:40:09,18088.55,750,12091600
20221110,09:40:10,18089.35,1050,12091600
20221110,09:40:11,18089.20,550,12091600
20221110,09:40:12,18091.35,350,12091600
20221110,09:40:13,18088.95,1300,12091600
20221110,09:40:14,18088.80,200,12091600
20221110,09:40:15,18088.50,1250,12091600
20221110,09:40:16,18088.20,350,12091600
20221110,09:40:17,18091.65,550,12091600
20221110,09:40:18,18088.20,350,12091600
20221110,09:40:19,18089.10,150,12091600
20221110,09:40:20,18091.60,750,12091600
20221110,09:40:21,18091.25,200,12091600
20221110,09:40:22,18092.00,300,12091600
20221110,09:40:23,18092.10,250,12091600
20221110,09:40:24,18093.85,750,12091600
20221110,09:40:26,18091.65,900,12091600
20221110,09:40:27,18091.75,250,12091600
20221110,09:40:28,18092.05,800,12091600
20221110,09:40:29,18092.10,150,12091600
20221110,09:40:31,18093.00,200,12091600
20221110,09:40:34,18092.00,950,12091600
20221110,09:40:35,18091.50,500,12091600
20221110,09:40:35,18090.00,850,12091600
20221110,09:40:36,18091.25,450,12091600
20221110,09:40:38,18091.95,450,12091600
20221110,09:40:39,18090.00,800,12091600
20221110,09:40:40,18090.00,100,12091600
20221110,09:40:41,18091.95,50,12091600
20221110,09:40:44,18091.95,100,12091600
20221110,09:40:45,18091.95,150,12091600
20221110,09:40:46,18092.00,300,12091600
20221110,09:40:47,18093.00,700,12091600
20221110,09:40:48,18092.85,50,12091600
20221110,09:40:50,18092.85,50,12091600
20221110,09:40:51,18092.65,1700,12091600
20221110,09:40:52,18093.00,300,12091600
20221110,09:40:53,18093.55,300,12091600
20221110,09:40:53,18092.85,50,12091600
20221110,09:40:55,18093.60,50,12091600
20221110,09:40:56,18092.10,350,12091600
20221110,09:40:57,18091.85,350,12091600
20221110,09:40:58,18090.00,1600,12091600
20221110,09:40:59,18090.00,300,12091600
20221110,09:41:01,18091.00,550,12091600
20221110,09:41:02,18090.05,500,12091600
20221110,09:41:03,18090.30,2350,12091600
20221110,09:41:04,18090.00,100,12091600
20221110,09:41:06,18089.00,400,12091600
20221110,09:41:07,18089.25,1050,12091600
20221110,09:41:08,18088.85,450,12091600
20221110,09:41:09,18089.60,450,12091600
20221110,09:41:10,18089.65,50,12091600
20221110,09:41:10,18088.00,50,12091600
20221110,09:41:12,18089.15,250,12091600
20221110,09:41:13,18088.00,400,12091600
20221110,09:41:14,18088.00,300,12091600
20221110,09:41:15,18089.00,1050,12091600
20221110,09:41:16,18088.00,250,12091600
20221110,09:41:16,18088.00,100,12091600
20221110,09:41:18,18086.80,850,12091600
20221110,09:41:19,18085.60,900,12091600
20221110,09:41:20,18085.10,400,12091600
20221110,09:41:21,18085.30,1250,12091600
20221110,09:41:22,18086.30,650,12091600
20221110,09:41:23,18084.00,650,12091600
20221110,09:41:24,18086.20,50,12091600
20221110,09:41:25,18086.20,250,12091600
20221110,09:41:26,18086.20,250,12091600
20221110,09:41:27,18083.80,300,12091600
20221110,09:41:28,18084.55,400,12091600
20221110,09:41:29,18085.30,550,12091600
20221110,09:41:30,18085.55,650,12091600
20221110,09:41:31,18084.20,200,12091600
20221110,09:41:32,18084.95,250,12091600
20221110,09:41:35,18085.10,100,12091600
20221110,09:41:37,18083.10,350,12091600
20221110,09:41:38,18085.55,1350,12091600
20221110,09:41:39,18084.00,650,12074450
20221110,09:41:40,18085.95,150,12074450
20221110,09:41:41,18085.00,150,12074450
20221110,09:41:42,18085.80,150,12074450
20221110,09:41:44,18085.35,300,12074450
20221110,09:41:45,18085.00,150,12074450
20221110,09:41:46,18085.00,200,12074450
20221110,09:41:47,18084.95,150,12074450
20221110,09:41:48,18084.05,100,12074450
20221110,09:41:48,18083.15,700,12074450
20221110,09:41:50,18083.25,200,12074450
20221110,09:41:51,18085.80,350,12074450
20221110,09:41:52,18087.00,150,12074450
20221110,09:41:53,18085.00,550,12074450
20221110,09:41:54,18087.90,100,12074450
20221110,09:41:57,18086.05,400,12074450
20221110,09:41:58,18085.70,100,12074450
20221110,09:41:59,18087.80,200,12074450
20221110,09:42:00,18086.00,150,12074450
20221110,09:42:02,18087.55,850,12074450
20221110,09:42:03,18085.60,200,12074450
20221110,09:42:04,18085.75,350,12074450
20221110,09:42:05,18086.85,300,12074450
20221110,09:42:06,18085.00,500,12074450
20221110,09:42:08,18085.00,700,12074450
20221110,09:42:09,18085.00,350,12074450
20221110,09:42:10,18085.00,1550,12074450
20221110,09:42:11,18085.00,700,12074450
20221110,09:42:12,18084.60,50,12074450
20221110,09:42:13,18085.00,2850,12074450
20221110,09:42:14,18085.00,850,12074450
20221110,09:42:15,18085.00,1900,12074450
20221110,09:42:16,18084.55,300,12074450
20221110,09:42:17,18085.00,1450,12074450
20221110,09:42:19,18085.00,150,12074450
20221110,09:42:20,18085.00,450,12074450
20221110,09:42:21,18085.00,500,12074450
20221110,09:42:22,18085.80,100,12074450
20221110,09:42:23,18086.90,900,12074450
20221110,09:42:24,18086.90,50,12074450
20221110,09:42:25,18086.90,1050,12074450
20221110,09:42:26,18087.55,450,12074450
20221110,09:42:27,18086.25,850,12074450
20221110,09:42:28,18086.50,1650,12074450
20221110,09:42:29,18085.00,1150,12074450
20221110,09:42:31,18088.00,600,12074450
20221110,09:42:32,18088.00,2650,12074450
20221110,09:42:33,18088.00,850,12074450
20221110,09:42:34,18089.15,250,12074450
20221110,09:42:35,18087.55,1500,12074450
20221110,09:42:36,18087.95,1850,12074450
20221110,09:42:37,18085.60,50,12074450
20221110,09:42:38,18088.90,300,12074450
20221110,09:42:39,18085.80,1750,12074450
20221110,09:42:40,18089.00,300,12074450
20221110,09:42:41,18085.70,350,12074450
20221110,09:42:42,18085.50,200,12074450
20221110,09:42:43,18088.50,1300,12074450
20221110,09:42:44,18088.50,50,12074450
20221110,09:42:45,18090.00,1000,12074450
20221110,09:42:48,18088.50,200,12074450
20221110,09:42:49,18088.50,750,12074450
20221110,09:42:50,18090.00,250,12074450
20221110,09:42:51,18090.00,1350,12074450
20221110,09:42:52,18090.00,150,12074450
20221110,09:42:53,18090.00,2400,12074450
20221110,09:42:54,18090.00,250,12074450
20221110,09:42:55,18090.00,1150,12074450
20221110,09:42:56,18088.60,50,12074450
20221110,09:42:57,18090.35,1950,12074450
20221110,09:42:58,18090.00,50,12074450
20221110,09:42:59,18091.00,250,12074450
20221110,09:43:01,18091.00,400,12074450
20221110,09:43:02,18090.35,150,12074450
20221110,09:43:03,18090.45,200,12074450
20221110,09:43:04,18090.30,2200,12074450
20221110,09:43:05,18088.00,1200,12074450
20221110,09:43:06,18088.00,300,12074450
20221110,09:43:07,18089.50,250,12074450
20221110,09:43:09,18090.00,250,12074450
20221110,09:43:10,18090.20,200,12074450
20221110,09:43:11,18088.90,350,12074450
20221110,09:43:12,18091.00,500,12074450
20221110,09:43:13,18091.00,50,12074450
20221110,09:43:14,18090.60,100,12074450
20221110,09:43:15,18090.90,50,12074450
20221110,09:43:17,18090.05,100,12074450
20221110,09:43:18,18088.00,2000,12074450
20221110,09:43:19,18090.10,150,12074450
20221110,09:43:21,18091.00,50,12074450
20221110,09:43:22,18090.00,200,12074450
20221110,09:43:23,18088.55,200,12074450
20221110,09:43:24,18088.20,50,12074450
20221110,09:43:25,18089.00,150,12074450
20221110,09:43:26,18089.75,50,12074450
20221110,09:43:28,18089.00,200,12074450
20221110,09:43:29,18089.00,500,12074450
20221110,09:43:30,18089.00,2050,12074450
20221110,09:43:31,18088.20,50,12074450
20221110,09:43:33,18086.15,1800,12074450
20221110,09:43:34,18089.80,200,12074450
20221110,09:43:36,18090.40,100,12074450
20221110,09:43:37,18090.65,250,12074450
20221110,09:43:39,18091.35,550,12074450
20221110,09:43:40,18091.30,50,12074450
20221110,09:43:41,18090.45,150,12074450
20221110,09:43:43,18092.50,150,12074450
20221110,09:43:44,18092.25,50,12074450
20221110,09:43:45,18092.00,200,12074450
20221110,09:43:46,18092.00,50,12074450
20221110,09:43:47,18092.00,600,12074450
20221110,09:43:49,18092.50,100,12074450
20221110,09:43:50,18091.00,1750,12074450
20221110,09:43:51,18091.20,500,12074450
20221110,09:43:52,18092.55,600,12074450
20221110,09:43:53,18091.75,100,12074450
20221110,09:43:54,18090.50,150,12074450
20221110,09:43:56,18090.05,300,12074450
20221110,09:43:57,18090.05,200,12074450
20221110,09:43:58,18091.00,700,12074450
20221110,09:43:59,18090.95,800,12074450
20221110,09:44:00,18089.00,150,12074450
20221110,09:44:01,18090.95,1700,12074450
20221110,09:44:02,18091.30,650,12074450
20221110,09:44:03,18089.55,50,12074450
20221110,09:44:04,18089.55,300,12074450
20221110,09:44:05,18091.65,150,12074450
20221110,09:44:06,18090.00,50,12074450
20221110,09:44:07,18089.55,300,12074450
20221110,09:44:08,18088.20,200,12074450
20221110,09:44:09,18089.00,150,12074450
20221110,09:44:10,18088.05,150,12074450
20221110,09:44:11,18087.75,50,12074450
20221110,09:44:12,18089.00,300,12074450
20221110,09:44:15,18089.70,100,12074450
20221110,09:44:16,18089.45,50,12074450
20221110,09:44:17,18089.40,1350,12074450
20221110,09:44:18,18089.05,200,12074450
20221110,09:44:19,18089.35,300,12074450
20221110,09:44:20,18089.40,100,12074450
20221110,09:44:21,18089.60,500,12074450
20221110,09:44:22,18089.00,100,12074450
20221110,09:44:23,18088.95,350,12074450
20221110,09:44:24,18087.25,100,12074450
20221110,09:44:25,18088.00,100,12074450
20221110,09:44:27,18088.00,50,12074450
20221110,09:44:28,18089.60,750,12074450
20221110,09:44:29,18088.00,50,12074450
20221110,09:44:30,18089.00,100,12074450
20221110,09:44:31,18089.00,50,12074450
20221110,09:44:33,18089.70,50,12074450
20221110,09:44:34,18089.60,50,12074450
20221110,09:44:35,18089.45,150,12104450
20221110,09:44:36,18089.20,100,12104450
20221110,09:44:37,18091.55,50,12104450
20221110,09:44:38,18090.00,50,12104450
20221110,09:44:39,18090.00,150,12104450
20221110,09:44:40,18091.10,100,12104450
20221110,09:44:41,18091.25,1650,12104450
20221110,09:44:42,18091.15,1050,12104450
20221110,09:44:43,18091.60,100,12104450
20221110,09:44:45,18091.05,150,12104450
20221110,09:44:46,18090.00,200,12104450
20221110,09:44:48,18090.90,200,12104450
20221110,09:44:50,18090.00,300,12104450
20221110,09:44:51,18090.00,700,12104450
20221110,09:44:52,18090.00,250,12104450
20221110,09:44:53,18090.00,250,12104450
20221110,09:44:54,18089.45,1750,12104450
20221110,09:44:55,18089.65,250,12104450
20221110,09:44:56,18089.65,250,12104450
20221110,09:44:59,18090.90,350,12104450
20221110,09:45:00,18090.00,100,12104450
20221110,09:45:01,18088.60,1500,12104450
20221110,09:45:02,18088.00,900,12104450
20221110,09:45:03,18088.00,300,12104450
20221110,09:45:04,18086.20,1150,12104450
20221110,09:45:05,18086.00,1400,12104450
20221110,09:45:06,18086.00,250,12104450
20221110,09:45:07,18085.85,800,12104450
20221110,09:45:08,18085.00,2250,12104450
20221110,09:45:09,18084.60,1000,12104450
20221110,09:45:10,18084.00,400,12104450
20221110,09:45:11,18083.75,250,12104450
20221110,09:45:12,18084.00,350,12104450
20221110,09:45:12,18084.60,650,12104450
20221110,09:45:14,18084.00,400,12104450
20221110,09:45:15,18083.95,350,12104450
20221110,09:45:16,18083.75,550,12104450
20221110,09:45:17,18085.00,2350,12104450
20221110,09:45:18,18086.00,400,12104450
20221110,09:45:19,18084.45,100,12104450
20221110,09:45:20,18086.85,1700,12104450
20221110,09:45:21,18086.00,250,12104450
20221110,09:45:22,18086.00,50,12104450
20221110,09:45:23,18085.35,100,12104450
20221110,09:45:24,18085.35,150,12104450
20221110,09:45:25,18085.40,300,12104450
20221110,09:45:26,18084.75,250,12104450
20221110,09:45:28,18085.70,450,12104450
20221110,09:45:29,18085.60,150,12104450
20221110,09:45:30,18086.20,100,12104450
20221110,09:45:31,18088.00,100,12104450
20221110,09:45:32,18087.30,300,12104450
20221110,09:45:33,18087.25,100,12104450
20221110,09:45:35,18087.30,300,12104450
20221110,09:45:36,18088.00,150,12104450
20221110,09:45:37,18089.00,250,12104450
20221110,09:45:39,18089.00,250,12104450
20221110,09:45:41,18089.00,750,12104450
20221110,09:45:41,18089.00,50,12104450
20221110,09:45:42,18089.00,1500,12104450
20221110,09:45:43,18088.95,200,12104450
20221110,09:45:44,18089.00,650,12104450
20221110,09:45:45,18090.00,150,12104450
20221110,09:45:46,18090.00,100,12104450
20221110,09:45:48,18089.05,100,12104450
20221110,09:45:48,18089.00,150,12104450
20221110,09:45:49,18089.00,150,12104450
20221110,09:45:50,18089.00,100,12104450
20221110,09:45:52,18089.00,100,12104450
20221110,09:45:53,18090.00,450,12104450
20221110,09:45:54,18090.00,2050,12104450
20221110,09:45:55,18092.00,450,12104450
20221110,09:45:56,18091.60,150,12104450
20221110,09:45:58,18090.00,1300,12104450
20221110,09:45:58,18091.55,300,12104450
20221110,09:45:59,18090.05,150,12104450
20221110,09:46:00,18090.20,400,12104450
20221110,09:46:01,18090.00,550,12104450
20221110,09:46:02,18090.20,700,12104450
20221110,09:46:04,18090.20,250,12104450
20221110,09:46:04,18091.00,50,12104450
20221110,09:46:05,18091.00,150,12104450
20221110,09:46:06,18090.20,50,12104450
20221110,09:46:08,18090.40,150,12104450
20221110,09:46:10,18090.20,200,12104450
20221110,09:46:10,18091.30,50,12104450
20221110,09:46:11,18091.00,100,12104450
20221110,09:46:14,18092.10,650,12104450
20221110,09:46:16,18094.55,450,12104450
20221110,09:46:16,18093.95,100,12104450
20221110,09:46:17,18094.35,2700,12104450
20221110,09:46:18,18094.10,1300,12104450
20221110,09:46:19,18094.90,400,12104450
20221110,09:46:20,18093.90,350,12104450
20221110,09:46:22,18093.85,3000,12104450
20221110,09:46:22,18095.00,850,12104450
20221110,09:46:23,18094.50,1400,12104450
20221110,09:46:24,18093.90,1800,12104450
20221110,09:46:25,18093.00,1450,12104450
20221110,09:46:27,18091.75,2250,12104450
20221110,09:46:27,18092.95,350,12104450
20221110,09:46:28,18091.75,200,12104450
20221110,09:46:29,18092.30,800,12104450
20221110,09:46:30,18092.85,1700,12104450
20221110,09:46:31,18092.70,1300,12104450
20221110,09:46:33,18091.90,1650,12104450
20221110,09:46:33,18092.80,850,12104450
20221110,09:46:34,18091.75,650,12104450
20221110,09:46:35,18090.00,150,12104450
20221110,09:46:36,18091.20,200,12104450
20221110,09:46:37,18090.35,200,12104450
20221110,09:46:39,18089.05,1150,12104450
20221110,09:46:39,18091.60,600,12104450
20221110,09:46:40,18088.00,1350,12104450
20221110,09:46:41,18088.00,1000,12104450
20221110,09:46:42,18089.00,200,12104450
20221110,09:46:44,18089.20,700,12104450
20221110,09:46:45,18090.00,200,12104450
20221110,09:46:46,18089.60,200,12104450
20221110,09:46:47,18089.05,100,12104450
20221110,09:46:48,18089.05,200,12104450
20221110,09:46:50,18089.00,350,12104450
20221110,09:46:51,18088.50,200,12104450
20221110,09:46:52,18086.30,1150,12104450
20221110,09:46:53,18089.05,100,12104450
20221110,09:46:54,18088.20,150,12104450
20221110,09:46:56,18090.00,50,12104450
20221110,09:46:57,18090.50,150,12104450
20221110,09:46:57,18090.00,100,12104450
20221110,09:46:58,18089.40,50,12104450
20221110,09:46:59,18088.55,150,12104450
20221110,09:47:01,18087.95,300,12104450
20221110,09:47:02,18088.05,200,12104450
20221110,09:47:03,18087.95,250,12104450
20221110,09:47:04,18087.60,50,12104450
20221110,09:47:05,18086.30,150,12104450
20221110,09:47:07,18086.30,100,12104450
20221110,09:47:08,18088.00,600,12104450
20221110,09:47:09,18087.00,200,12104450
20221110,09:47:11,18087.00,150,12104450
20221110,09:47:14,18087.00,50,12104450
20221110,09:47:15,18087.00,50,12104450
20221110,09:47:16,18087.00,450,12104450
20221110,09:47:18,18086.60,250,12104450
20221110,09:47:19,18086.00,100,12104450
20221110,09:47:20,18086.30,100,12104450
20221110,09:47:20,18086.10,100,12104450
20221110,09:47:22,18086.80,300,12104450
20221110,09:47:23,18086.80,250,12104450
20221110,09:47:25,18086.85,3400,12104450
20221110,09:47:26,18085.00,1650,12104450
20221110,09:47:26,18085.00,400,12104450
20221110,09:47:27,18085.00,2100,12104450
20221110,09:47:28,18086.55,2550,12104450
20221110,09:47:30,18086.00,350,12104450
20221110,09:47:31,18085.00,2750,12104450
20221110,09:47:32,18084.05,450,12104450
20221110,09:47:32,18084.00,500,12104450
20221110,09:47:33,18086.55,2000,12104450
20221110,09:47:34,18086.25,1700,12104450
20221110,09:47:35,18085.85,800,12135900
20221110,09:47:36,18085.40,50,12135900
20221110,09:47:37,18085.70,100,12135900
20221110,09:47:38,18084.90,50,12135900
20221110,09:47:40,18083.45,100,12135900
20221110,09:47:41,18084.85,100,12135900
20221110,09:47:42,18085.00,350,12135900
20221110,09:47:44,18085.65,100,12135900
20221110,09:47:45,18085.00,50,12135900
20221110,09:47:46,18085.00,50,12135900
20221110,09:47:48,18085.00,50,12135900
20221110,09:47:48,18085.05,100,12135900
20221110,09:47:50,18085.25,100,12135900
20221110,09:47:52,18085.65,50,12135900
20221110,09:47:53,18085.00,200,12135900
20221110,09:47:55,18085.00,650,12135900
20221110,09:47:57,18085.00,200,12135900
20221110,09:47:58,18086.00,900,12135900
20221110,09:47:59,18085.65,100,12135900
20221110,09:48:00,18087.40,50,12135900
20221110,09:48:02,18083.60,1800,12135900
20221110,09:48:03,18085.70,50,12135900
20221110,09:48:04,18084.80,300,12135900
20221110,09:48:05,18083.50,550,12135900
20221110,09:48:06,18085.25,150,12135900
20221110,09:48:07,18083.50,650,12135900
20221110,09:48:09,18085.00,100,12135900
20221110,09:48:10,18085.15,50,12135900
20221110,09:48:11,18085.15,650,12135900
20221110,09:48:13,18085.15,400,12135900
20221110,09:48:14,18085.15,50,12135900
20221110,09:48:15,18084.05,100,12135900
20221110,09:48:16,18083.90,600,12135900
20221110,09:48:17,18085.15,350,12135900
20221110,09:48:18,18085.20,250,12135900
20221110,09:48:20,18087.00,750,12135900
20221110,09:48:21,18085.15,150,12135900
20221110,09:48:22,18085.40,150,12135900
20221110,09:48:23,18088.65,200,12135900
20221110,09:48:24,18086.35,50,12135900
20221110,09:48:25,18085.95,50,12135900
20221110,09:48:27,18087.10,250,12135900
20221110,09:48:28,18087.20,150,12135900
20221110,09:48:29,18087.15,250,12135900
20221110,09:48:30,18087.20,650,12135900
20221110,09:48:31,18087.15,50,12135900
20221110,09:48:32,18088.00,100,12135900
20221110,09:48:33,18088.00,50,12135900
20221110,09:48:34,18087.15,100,12135900
20221110,09:48:37,18087.20,100,12135900
20221110,09:48:38,18089.00,200,12135900
20221110,09:48:39,18088.00,150,12135900
20221110,09:48:41,18087.20,100,12135900
20221110,09:48:42,18088.50,300,12135900
20221110,09:48:43,18087.15,50,12135900
20221110,09:48:44,18087.30,600,12135900
20221110,09:48:45,18085.00,1600,12135900
20221110,09:48:46,18087.65,50,12135900
20221110,09:48:48,18087.60,200,12135900
20221110,09:48:49,18087.50,50,12135900
20221110,09:48:51,18085.00,800,12135900
20221110,09:48:51,18085.00,50,12135900
20221110,09:48:52,18085.05,200,12135900
20221110,09:48:53,18085.00,550,12135900
20221110,09:48:54,18086.00,50,12135900
20221110,09:48:56,18086.00,50,12135900
20221110,09:48:57,18085.00,200,12135900
20221110,09:48:59,18085.00,450,12135900
20221110,09:49:00,18084.90,400,12135900
20221110,09:49:01,18084.15,350,12135900
20221110,09:49:02,18084.10,700,12135900
20221110,09:49:03,18084.00,50,12135900
20221110,09:49:04,18084.00,50,12135900
20221110,09:49:05,18083.00,750,12135900
20221110,09:49:06,18083.00,800,12135900
20221110,09:49:07,18083.00,150,12135900
20221110,09:49:09,18084.00,450,12135900
20221110,09:49:11,18076.80,24200,12135900
20221110,09:49:11,18077.55,2800,12135900
20221110,09:49:12,18076.35,1750,12135900
20221110,09:49:13,18077.75,1900,12135900
20221110,09:49:14,18076.30,2600,12135900
20221110,09:49:15,18077.80,2350,12135900
20221110,09:49:16,18077.80,2200,12135900
20221110,09:49:17,18076.45,550,12135900
20221110,09:49:18,18078.40,100,12135900
20221110,09:49:19,18078.50,450,12135900
20221110,09:49:20,18079.45,2200,12135900
20221110,09:49:21,18076.20,1200,12135900
20221110,09:49:22,18076.20,1100,12135900
20221110,09:49:23,18076.20,350,12135900
20221110,09:49:24,18076.75,450,12135900
20221110,09:49:25,18075.90,2150,12135900
20221110,09:49:26,18076.60,1050,12135900
20221110,09:49:27,18077.60,900,12135900
20221110,09:49:28,18077.25,300,12135900
20221110,09:49:29,18077.00,1800,12135900
20221110,09:49:30,18076.80,850,12135900
20221110,09:49:31,18079.25,200,12135900
20221110,09:49:32,18079.25,350,12135900
20221110,09:49:33,18078.15,350,12135900
20221110,09:49:34,18078.25,200,12135900
20221110,09:49:35,18078.00,350,12135900
20221110,09:49:37,18078.00,700,12135900
20221110,09:49:38,18076.45,1050,12135900
20221110,09:49:39,18078.25,450,12135900
20221110,09:49:40,18079.05,750,12135900
20221110,09:49:41,18079.20,550,12135900
20221110,09:49:43,18079.25,50,12135900
20221110,09:49:45,18079.15,600,12135900
20221110,09:49:47,18079.00,1200,12135900
20221110,09:49:47,18079.00,100,12135900
20221110,09:49:48,18078.00,600,12135900
20221110,09:49:49,18077.60,100,12135900
20221110,09:49:52,18077.00,700,12135900
20221110,09:49:53,18077.00,1050,12135900
20221110,09:49:54,18077.00,150,12135900
20221110,09:49:55,18077.00,250,12135900
20221110,09:49:56,18076.45,900,12135900
20221110,09:49:58,18077.00,800,12135900
20221110,09:49:59,18076.30,350,12135900
20221110,09:50:00,18076.00,950,12135900
20221110,09:50:01,18075.00,5500,12135900
20221110,09:50:02,18075.00,6950,12135900
20221110,09:50:03,18070.10,14400,12135900
20221110,09:50:04,18071.65,200,12135900
20221110,09:50:05,18072.30,2100,12135900
20221110,09:50:06,18072.40,950,12135900
20221110,09:50:06,18072.40,550,12135900
20221110,09:50:08,18074.10,1250,12135900
20221110,09:50:09,18074.55,450,12135900
20221110,09:50:10,18077.00,550,12135900
20221110,09:50:11,18077.00,100,12135900
20221110,09:50:12,18077.00,1400,12135900
20221110,09:50:13,18078.00,200,12135900
20221110,09:50:13,18078.00,100,12135900
20221110,09:50:14,18080.00,2350,12135900
20221110,09:50:16,18080.80,3200,12135900
20221110,09:50:18,18079.30,750,12135900
20221110,09:50:19,18080.60,1750,12135900
20221110,09:50:20,18082.55,250,12135900
20221110,09:50:22,18083.80,350,12135900
20221110,09:50:23,18082.40,800,12135900
20221110,09:50:24,18081.35,1050,12135900
20221110,09:50:24,18083.85,1600,12135900
20221110,09:50:25,18082.95,1250,12135900
20221110,09:50:26,18081.30,300,12135900
20221110,09:50:28,18080.60,100,12135900
20221110,09:50:29,18080.60,50,12135900
20221110,09:50:30,18082.00,150,12135900
20221110,09:50:31,18079.60,600,12135900
20221110,09:50:33,18079.65,50,12135900
20221110,09:50:34,18080.00,50,12135900
20221110,09:50:35,18080.00,150,12170700
20221110,09:50:36,18080.00,100,12170700
20221110,09:50:37,18079.65,300,12170700
20221110,09:50:38,18079.85,550,12170700
20221110,09:50:38,18080.00,50,12170700
20221110,09:50:39,18080.00,50,12170700
20221110,09:50:41,18080.00,550,12170700
20221110,09:50:42,18079.90,150,12170700
20221110,09:50:44,18080.00,700,12170700
20221110,09:50:45,18080.55,650,12170700
20221110,09:50:47,18080.00,450,12170700
20221110,09:50:48,18079.90,300,12170700
20221110,09:50:49,18079.25,250,12170700
20221110,09:50:50,18080.60,50,12170700
20221110,09:50:52,18080.60,650,12170700
20221110,09:50:53,18080.40,400,12170700
20221110,09:50:54,18080.60,650,12170700
20221110,09:50:55,18080.00,200,12170700
20221110,09:50:56,18080.00,550,12170700
20221110,09:50:57,18080.60,450,12170700
20221110,09:50:59,18080.20,150,12170700
20221110,09:51:00,18080.60,100,12170700
20221110,09:51:01,18080.30,650,12170700
20221110,09:51:01,18080.00,50,12170700
20221110,09:51:02,18079.75,350,12170700
20221110,09:51:04,18080.00,850,12170700
20221110,09:51:05,18079.10,150,12170700
20221110,09:51:06,18080.00,200,12170700
20221110,09:51:07,18080.25,100,12170700
20221110,09:51:08,18079.10,500,12170700
20221110,09:51:10,18079.10,600,12170700
20221110,09:51:11,18078.00,350,12170700
20221110,09:51:12,18078.00,300,12170700
20221110,09:51:12,18078.00,350,12170700
20221110,09:51:13,18078.50,450,12170700
20221110,09:51:15,18078.35,100,12170700
20221110,09:51:16,18080.00,50,12170700
20221110,09:51:17,18078.55,250,12170700
20221110,09:51:18,18078.00,50,12170700
20221110,09:51:22,18080.00,800,12170700
20221110,09:51:23,18079.00,100,12170700
20221110,09:51:25,18080.00,150,12170700
20221110,09:51:27,18079.80,1050,12170700
20221110,09:51:28,18079.80,100,12170700
20221110,09:51:29,18080.00,100,12170700
20221110,09:51:31,18080.00,100,12170700
20221110,09:51:32,18080.00,350,12170700
20221110,09:51:33,18080.25,50,12170700
20221110,09:51:34,18080.00,100,12170700
20221110,09:51:35,18080.25,800,12170700
20221110,09:51:35,18081.00,100,12170700
20221110,09:51:36,18081.00,1600,12170700
20221110,09:51:39,18080.85,850,12170700
20221110,09:51:39,18082.45,50,12170700
20221110,09:51:40,18082.70,300,12170700
20221110,09:51:41,18082.00,350,12170700
20221110,09:51:42,18083.65,700,12170700
20221110,09:51:43,18082.45,100,12170700
20221110,09:51:47,18084.00,150,12170700
20221110,09:51:48,18084.00,50,12170700
20221110,09:51:49,18082.50,50,12170700
20221110,09:51:50,18082.55,50,12170700
20221110,09:51:51,18082.50,200,12170700
20221110,09:51:52,18084.00,200,12170700
20221110,09:51:53,18084.20,200,12170700
20221110,09:51:54,18084.00,500,12170700
20221110,09:51:55,18083.65,150,12170700
20221110,09:51:57,18083.00,1100,12170700
20221110,09:51:58,18082.55,50,12170700
20221110,09:51:59,18082.55,100,12170700
20221110,09:52:00,18084.55,350,12170700
20221110,09:52:03,18084.00,50,12170700
20221110,09:52:04,18082.90,500,12170700
20221110,09:52:05,18083.95,1250,12170700
20221110,09:52:06,18084.00,450,12170700
20221110,09:52:08,18084.00,50,12170700
20221110,09:52:09,18083.05,50,12170700
20221110,09:52:10,18084.00,50,12170700
20221110,09:52:11,18083.05,200,12170700
20221110,09:52:13,18084.00,250,12170700
20221110,09:52:14,18083.05,150,12170700
20221110,09:52:15,18084.00,600,12170700
20221110,09:52:16,18083.35,300,12170700
20221110,09:52:17,18084.00,50,12170700
20221110,09:52:17,18084.25,50,12170700
20221110,09:52:19,18083.90,1300,12170700
20221110,09:52:20,18083.90,100,12170700
20221110,09:52:21,18084.80,550,12170700
20221110,09:52:22,18085.25,1000,12170700
20221110,09:52:24,18085.60,300,12170700
20221110,09:52:25,18086.20,150,12170700
20221110,09:52:27,18086.25,100,12170700
20221110,09:52:28,18085.00,1300,12170700
20221110,09:52:28,18084.95,400,12170700
20221110,09:52:30,18084.05,100,12170700
20221110,09:52:31,18084.90,250,12170700
20221110,09:52:32,18085.00,800,12170700
20221110,09:52:33,18085.95,200,12170700
20221110,09:52:33,18085.00,50,12170700
20221110,09:52:35,18085.00,100,12170700
20221110,09:52:36,18084.20,300,12170700
20221110,09:52:37,18083.05,150,12170700
20221110,09:52:38,18085.85,300,12170700
20221110,09:52:40,18084.00,300,12170700
20221110,09:52:42,18084.00,150,12170700
20221110,09:52:43,18083.90,100,12170700
20221110,09:52:44,18085.00,50,12170700
20221110,09:52:45,18084.90,200,12170700
20221110,09:52:47,18083.80,650,12170700
20221110,09:52:48,18084.00,450,12170700
20221110,09:52:49,18085.00,400,12170700
20221110,09:52:50,18084.60,300,12170700
20221110,09:52:51,18084.45,800,12170700
20221110,09:52:53,18083.10,150,12170700
20221110,09:52:54,18082.00,500,12170700
20221110,09:52:55,18083.10,300,12170700
20221110,09:52:56,18081.40,300,12170700
20221110,09:52:57,18082.50,1050,12170700
20221110,09:52:59,18083.05,50,12170700
20221110,09:53:00,18083.15,50,12170700
20221110,09:53:01,18082.30,750,12170700
20221110,09:53:02,18083.35,1500,12170700
20221110,09:53:03,18082.30,450,12170700
20221110,09:53:04,18081.60,100,12170700
20221110,09:53:05,18083.35,200,12170700
20221110,09:53:07,18081.60,300,12170700
20221110,09:53:09,18081.60,100,12170700
20221110,09:53:10,18082.00,500,12170700
20221110,09:53:11,18082.50,50,12170700
20221110,09:53:12,18084.45,350,12170700
20221110,09:53:14,18084.65,350,12170700
20221110,09:53:15,18084.80,50,12170700
20221110,09:53:16,18085.00,50,12170700
20221110,09:53:18,18084.00,300,12170700
20221110,09:53:20,18085.00,100,12170700
20221110,09:53:21,18084.00,1000,12170700
20221110,09:53:22,18086.25,1100,12170700
20221110,09:53:23,18084.60,150,12170700
20221110,09:53:24,18086.35,150,12170700
20221110,09:53:24,18087.25,550,12170700
20221110,09:53:26,18086.55,350,12170700
20221110,09:53:27,18086.60,200,12170700
20221110,09:53:28,18086.60,50,12170700
20221110,09:53:29,18086.70,700,12170700
20221110,09:53:31,18086.25,100,12170700
20221110,09:53:34,18086.10,50,12170700
20221110,09:53:35,18086.70,2350,12170700
20221110,09:53:36,18086.70,350,12178000
20221110,09:53:38,18085.75,350,12178000
20221110,09:53:39,18085.25,950,12178000
20221110,09:53:40,18085.00,1650,12178000
20221110,09:53:41,18086.00,100,12178000
20221110,09:53:43,18086.15,100,12178000
20221110,09:53:44,18086.45,100,12178000
20221110,09:53:45,18086.35,900,12178000
20221110,09:53:46,18086.00,550,12178000
20221110,09:53:47,18084.55,150,12178000
20221110,09:53:48,18085.65,100,12178000
20221110,09:53:49,18085.65,150,12178000
20221110,09:53:50,18086.35,50,12178000
20221110,09:53:53,18086.70,100,12178000
20221110,09:53:55,18086.00,650,12178000
20221110,09:53:56,18086.00,200,12178000
20221110,09:53:57,18086.00,250,12178000
20221110,09:53:58,18086.00,300,12178000
20221110,09:54:00,18086.00,200,12178000
20221110,09:54:01,18086.05,350,12178000
20221110,09:54:02,18086.00,50,12178000
20221110,09:54:03,18086.55,750,12178000
20221110,09:54:04,18086.85,100,12178000
20221110,09:54:05,18085.00,1100,12178000
20221110,09:54:06,18085.00,350,12178000
20221110,09:54:07,18085.00,50,12178000
20221110,09:54:08,18085.35,350,12178000
20221110,09:54:09,18085.00,200,12178000
20221110,09:54:10,18085.00,900,12178000
20221110,09:54:11,18084.45,350,12178000
20221110,09:54:12,18086.25,50,12178000
20221110,09:54:13,18086.15,100,12178000
20221110,09:54:14,18086.70,550,12178000
20221110,09:54:15,18086.65,100,12178000
20221110,09:54:16,18084.75,100,12178000
20221110,09:54:17,18085.00,100,12178000
20221110,09:54:18,18085.60,50,12178000
20221110,09:54:19,18084.25,700,12178000
20221110,09:54:20,18085.60,250,12178000
20221110,09:54:21,18086.00,1000,12178000
20221110,09:54:22,18084.25,50,12178000
20221110,09:54:23,18086.00,150,12178000
20221110,09:54:24,18085.75,100,12178000
20221110,09:54:25,18085.75,50,12178000
20221110,09:54:27,18085.75,1000,12178000
20221110,09:54:28,18086.50,150,12178000
20221110,09:54:29,18086.10,50,12178000
20221110,09:54:30,18085.05,250,12178000
20221110,09:54:32,18086.50,250,12178000
20221110,09:54:33,18086.50,450,12178000
20221110,09:54:34,18085.95,350,12178000
20221110,09:54:35,18085.75,150,12178000
20221110,09:54:36,18085.75,100,12178000
20221110,09:54:37,18085.05,150,12178000
20221110,09:54:38,18085.95,100,12178000
20221110,09:54:39,18087.00,500,12178000
20221110,09:54:40,18085.05,800,12178000
20221110,09:54:41,18084.00,3500,12178000
20221110,09:54:42,18084.90,850,12178000
20221110,09:54:44,18082.15,1200,12178000
20221110,09:54:45,18082.60,200,12178000
20221110,09:54:46,18082.10,250,12178000
20221110,09:54:47,18081.05,1000,12178000
20221110,09:54:49,18081.15,250,12178000
20221110,09:54:50,18081.55,1300,12178000
20221110,09:54:51,18080.45,100,12178000
20221110,09:54:52,18081.50,700,12178000
20221110,09:54:53,18082.95,200,12178000
20221110,09:54:54,18081.10,50,12178000
20221110,09:54:55,18081.10,750,12178000
20221110,09:54:56,18081.25,250,12178000
20221110,09:54:57,18084.00,300,12178000
20221110,09:54:58,18082.45,1000,12178000
20221110,09:54:59,18082.40,100,12178000
20221110,09:55:00,18084.20,300,12178000
20221110,09:55:01,18082.40,200,12178000
20221110,09:55:02,18084.00,250,12178000
20221110,09:55:03,18083.70,550,12178000
20221110,09:55:04,18084.05,1050,12178000
20221110,09:55:05,18082.00,400,12178000
20221110,09:55:07,18082.45,250,12178000
20221110,09:55:08,18084.05,400,12178000
20221110,09:55:09,18085.00,350,12178000
20221110,09:55:10,18085.00,350,12178000
20221110,09:55:11,18084.75,750,12178000
20221110,09:55:12,18082.70,150,12178000
20221110,09:55:13,18082.00,600,12178000
20221110,09:55:14,18083.65,50,12178000
20221110,09:55:15,18082.00,250,12178000
20221110,09:55:16,18082.05,500,12178000
20221110,09:55:18,18082.95,450,12178000
20221110,09:55:19,18082.00,50,12178000
20221110,09:55:20,18082.00,150,12178000
20221110,09:55:21,18080.25,300,12178000
20221110,09:55:25,18080.00,2300,12178000
20221110,09:55:27,18080.00,650,12178000
20221110,09:55:28,18080.05,400,12178000
20221110,09:55:29,18080.00,350,12178000
20221110,09:55:30,18080.00,250,12178000
20221110,09:55:31,18080.00,250,12178000
20221110,09:55:32,18080.00,400,12178000
20221110,09:55:33,18080.00,450,12178000
20221110,09:55:34,18080.00,550,12178000
20221110,09:55:35,18081.15,150,12178000
20221110,09:55:37,18081.80,150,12178000
20221110,09:55:39,18080.30,400,12178000
20221110,09:55:40,18080.35,100,12178000
20221110,09:55:41,18080.20,200,12178000
20221110,09:55:42,18082.90,50,12178000
20221110,09:55:43,18082.45,50,12178000
20221110,09:55:44,18082.05,50,12178000
20221110,09:55:45,18081.70,600,12178000
20221110,09:55:46,18081.90,1550,12178000
20221110,09:55:48,18081.00,50,12178000
20221110,09:55:50,18082.40,300,12178000
20221110,09:55:52,18080.60,50,12178000
20221110,09:55:53,18081.00,100,12178000
20221110,09:55:54,18082.75,250,12178000
20221110,09:55:55,18083.65,650,12178000
20221110,09:55:56,18082.40,50,12178000
20221110,09:55:57,18080.80,1150,12178000
20221110,09:55:58,18083.55,150,12178000
20221110,09:55:59,18083.60,50,12178000
20221110,09:56:00,18083.80,50,12178000
20221110,09:56:01,18081.35,150,12178000
20221110,09:56:03,18081.95,150,12178000
20221110,09:56:04,18082.00,250,12178000
20221110,09:56:05,18082.00,150,12178000
20221110,09:56:06,18082.00,50,12178000
20221110,09:56:08,18083.40,50,12178000
20221110,09:56:08,18080.75,700,12178000
20221110,09:56:09,18082.00,150,12178000
20221110,09:56:10,18081.05,100,12178000
20221110,09:56:14,18082.40,50,12178000
20221110,09:56:14,18083.65,50,12178000
20221110,09:56:15,18083.10,50,12178000
20221110,09:56:16,18083.05,150,12178000
20221110,09:56:18,18083.55,100,12178000
20221110,09:56:20,18083.45,150,12178000
20221110,09:56:20,18083.00,700,12178000
20221110,09:56:23,18081.00,100,12178000
20221110,09:56:25,18084.00,150,12178000
20221110,09:56:26,18082.05,400,12178000
20221110,09:56:29,18082.75,150,12178000
20221110,09:56:32,18082.10,50,12178000
20221110,09:56:33,18082.00,50,12178000
20221110,09:56:35,18082.10,100,12178000
20221110,09:56:36,18081.10,100,12199250
20221110,09:56:38,18082.10,250,12199250
20221110,09:56:40,18082.60,200,12199250
20221110,09:56:41,18082.10,200,12199250
20221110,09:56:42,18082.10,300,12199250
20221110,09:56:43,18081.05,50,12199250
20221110,09:56:44,18081.30,300,12199250
20221110,09:56:46,18081.75,50,12199250
20221110,09:56:47,18081.05,100,12199250
20221110,09:56:49,18081.00,650,12199250
20221110,09:56:51,18080.50,100,12199250
20221110,09:56:52,18081.05,200,12199250
20221110,09:56:54,18081.05,100,12199250
20221110,09:56:55,18081.75,300,12199250
20221110,09:56:56,18082.00,250,12199250
20221110,09:56:58,18080.75,100,12199250
20221110,09:56:59,18080.75,100,12199250
20221110,09:57:01,18080.70,200,12199250
20221110,09:57:02,18081.70,350,12199250
20221110,09:57:03,18080.00,250,12199250
20221110,09:57:04,18080.00,300,12199250
20221110,09:57:05,18082.15,1100,12199250
20221110,09:57:07,18080.05,200,12199250
20221110,09:57:08,18080.75,100,12199250
20221110,09:57:09,18080.00,550,12199250
20221110,09:57:10,18080.00,50,12199250
20221110,09:57:11,18080.00,100,12199250
20221110,09:57:13,18082.55,150,12199250
20221110,09:57:15,18082.50,900,12199250
20221110,09:57:17,18082.25,50,12199250
20221110,09:57:18,18080.75,100,12199250
20221110,09:57:20,18082.65,50,12199250
20221110,09:57:22,18081.10,300,12199250
20221110,09:57:25,18081.40,100,12199250
20221110,09:57:27,18082.00,50,12199250
20221110,09:57:29,18081.30,50,12199250
20221110,09:57:31,18082.50,200,12199250
20221110,09:57:32,18082.65,50,12199250
20221110,09:57:36,18082.50,100,12199250
20221110,09:57:37,18081.45,100,12199250
20221110,09:57:38,18081.25,200,12199250
20221110,09:57:41,18081.25,150,12199250
20221110,09:57:44,18082.00,100,12199250
20221110,09:57:45,18082.00,50,12199250
20221110,09:57:47,18082.00,350,12199250
20221110,09:57:48,18082.00,350,12199250
20221110,09:57:50,18081.25,100,12199250
20221110,09:57:52,18081.25,100,12199250
20221110,09:57:53,18082.00,50,12199250
20221110,09:57:54,18081.95,50,12199250
20221110,09:57:58,18081.30,950,12199250
20221110,09:57:59,18081.10,300,12199250
20221110,09:58:00,18081.15,650,12199250
20221110,09:58:01,18081.10,100,12199250
20221110,09:58:03,18080.10,250,12199250
20221110,09:58:04,18080.10,100,12199250
20221110,09:58:04,18081.75,800,12199250
20221110,09:58:05,18081.30,100,12199250
20221110,09:58:06,18080.00,200,12199250
20221110,09:58:07,18080.00,50,12199250
20221110,09:58:09,18080.05,100,12199250
20221110,09:58:13,18082.00,850,12199250
20221110,09:58:15,18082.00,300,12199250
20221110,09:58:18,18081.40,50,12199250
20221110,09:58:19,18081.40,50,12199250
20221110,09:58:21,18080.25,200,12199250
20221110,09:58:22,18082.00,100,12199250
20221110,09:58:22,18082.00,400,12199250
20221110,09:58:24,18080.65,150,12199250
20221110,09:58:25,18080.95,200,12199250
20221110,09:58:27,18080.70,50,12199250
20221110,09:58:28,18080.75,400,12199250
20221110,09:58:29,18083.00,450,12199250
20221110,09:58:30,18083.00,150,12199250
20221110,09:58:32,18082.45,150,12199250
20221110,09:58:34,18083.00,200,12199250
20221110,09:58:35,18083.85,100,12199250
20221110,09:58:36,18082.00,200,12199250
20221110,09:58:37,18083.20,50,12199250
20221110,09:58:38,18081.95,100,12199250
20221110,09:58:40,18080.95,350,12199250
20221110,09:58:41,18082.65,50,12199250
20221110,09:58:43,18080.80,50,12199250
20221110,09:58:45,18081.95,300,12199250
20221110,09:58:46,18080.50,150,12199250
20221110,09:58:47,18082.05,600,12199250
20221110,09:58:49,18082.45,50,12199250
20221110,09:58:50,18081.00,50,12199250
20221110,09:58:51,18082.50,50,12199250
20221110,09:58:52,18081.20,200,12199250
20221110,09:58:53,18081.20,100,12199250
20221110,09:58:54,18081.55,100,12199250
20221110,09:58:57,18083.00,50,12199250
20221110,09:58:58,18082.95,50,12199250
20221110,09:59:00,18082.45,250,12199250
20221110,09:59:01,18081.00,150,12199250
20221110,09:59:02,18081.80,150,12199250
20221110,09:59:04,18080.50,600,12199250
20221110,09:59:05,18081.75,200,12199250
20221110,09:59:05,18081.65,50,12199250
20221110,09:59:06,18081.50,200,12199250
20221110,09:59:07,18080.50,100,12199250
20221110,09:59:08,18078.70,8400,12199250
20221110,09:59:10,18077.15,1150,12199250
20221110,09:59:11,18077.15,450,12199250
20221110,09:59:12,18079.35,1150,12199250
20221110,09:59:13,18077.80,200,12199250
20221110,09:59:15,18080.00,250,12199250
20221110,09:59:17,18078.70,100,12199250
20221110,09:59:18,18078.25,350,12199250
20221110,09:59:19,18077.40,600,12199250
20221110,09:59:20,18079.85,100,12199250
20221110,09:59:21,18078.05,150,12199250
20221110,09:59:22,18078.00,300,12199250
20221110,09:59:24,18078.00,100,12199250
20221110,09:59:26,18080.85,900,12199250
20221110,09:59:27,18078.60,550,12199250
20221110,09:59:28,18078.80,250,12199250
20221110,09:59:28,18080.55,50,12199250
20221110,09:59:29,18080.90,50,12199250
20221110,09:59:30,18081.00,50,12199250
20221110,09:59:31,18079.10,300,12199250
20221110,09:59:34,18081.00,100,12199250
20221110,09:59:35,18080.80,250,12199250
20221110,09:59:36,18080.80,100,12199250
20221110,09:59:37,18080.80,550,12179800
20221110,09:59:39,18078.45,50,12179800
20221110,09:59:40,18080.00,200,12179800
20221110,09:59:40,18081.00,50,12179800
20221110,09:59:41,18081.00,50,12179800
20221110,09:59:42,18078.55,300,12179800
20221110,09:59:45,18080.75,50,12179800
20221110,09:59:47,18078.00,850,12179800
20221110,09:59:48,18079.90,250,12179800
20221110,09:59:50,18080.45,100,12179800
20221110,09:59:51,18080.45,50,12179800
20221110,09:59:52,18078.90,50,12179800
20221110,09:59:55,18082.10,1000,12179800
20221110,09:59:56,18082.10,1800,12179800
20221110,09:59:57,18082.65,500,12179800
20221110,09:59:58,18080.00,100,12179800
20221110,09:59:59,18080.95,100,12179800
20221110,10:00:00,18081.25,400,12179800
20221110,10:00:01,18079.45,200,12179800
20221110,10:00:02,18077.70,250,12179800
20221110,10:00:03,18078.80,300,12179800
20221110,10:00:04,18079.30,250,12179800
20221110,10:00:05,18078.95,50,12179800
20221110,10:00:06,18079.20,250,12179800
20221110,10:00:07,18079.45,50,12179800
20221110,10:00:08,18079.45,50,12179800
20221110,10:00:09,18079.45,50,12179800
20221110,10:00:11,18078.05,300,12179800
20221110,10:00:12,18079.40,100,12179800
20221110,10:00:13,18079.40,700,12179800
20221110,10:00:15,18078.90,400,12179800
20221110,10:00:16,18080.00,200,12179800
20221110,10:00:17,18081.00,100,12179800
20221110,10:00:19,18082.00,50,12179800
20221110,10:00:20,18080.00,50,12179800
20221110,10:00:21,18082.00,50,12179800
20221110,10:00:22,18081.50,50,12179800
20221110,10:00:23,18082.95,400,12179800
20221110,10:00:25,18081.50,50,12179800
20221110,10:00:26,18083.00,150,12179800
20221110,10:00:27,18083.00,550,12179800
20221110,10:00:28,18084.05,350,12179800
20221110,10:00:29,18082.15,800,12179800
20221110,10:00:31,18083.80,850,12179800
20221110,10:00:32,18082.75,50,12179800
20221110,10:00:32,18083.80,150,12179800
20221110,10:00:33,18084.65,350,12179800
20221110,10:00:34,18082.10,150,12179800
20221110,10:00:37,18082.05,200,12179800
20221110,10:00:38,18083.70,250,12179800
20221110,10:00:39,18083.75,150,12179800
20221110,10:00:40,18082.10,200,12179800
20221110,10:00:41,18083.40,150,12179800
20221110,10:00:42,18082.10,50,12179800
20221110,10:00:43,18083.25,400,12179800
20221110,10:00:45,18083.45,100,12179800
20221110,10:00:47,18082.20,150,12179800
20221110,10:00:48,18082.10,200,12179800
20221110,10:00:49,18084.75,50,12179800
20221110,10:00:51,18084.60,250,12179800
20221110,10:00:52,18085.00,150,12179800
20221110,10:00:53,18085.95,250,12179800
20221110,10:00:54,18087.95,900,12179800
20221110,10:00:55,18087.00,150,12179800
