20221121,09:15:02,42605.35,1,621975
20221121,09:15:02,42605.35,25,621975
20221121,09:15:03,42557.45,125,621975
20221121,09:15:04,42590.25,100,621975
20221121,09:15:06,42598.00,150,621975
20221121,09:15:07,42618.70,150,621975
20221121,09:15:09,42624.45,675,621975
20221121,09:15:10,42602.00,200,621975
20221121,09:15:12,42582.05,225,621975
20221121,09:15:13,42585.55,400,621975
20221121,09:15:14,42600.00,325,621975
20221121,09:15:16,42584.85,275,621975
20221121,09:15:17,42581.05,100,621975
20221121,09:15:19,42578.15,50,621975
20221121,09:15:20,42565.40,50,621975
20221121,09:15:22,42562.50,75,621975
20221121,09:15:23,42556.00,225,621975
20221121,09:15:25,42565.00,175,621975
20221121,09:15:26,42572.10,125,621975
20221121,09:15:28,42561.75,175,621975
20221121,09:15:29,42551.20,225,621975
20221121,09:15:30,42550.00,200,621975
20221121,09:15:32,42540.00,150,621975
20221121,09:15:33,42540.00,125,621975
20221121,09:15:35,42553.05,50,621975
20221121,09:15:36,42546.75,75,621975
20221121,09:15:38,42548.05,100,621975
20221121,09:15:39,42558.75,225,621975
20221121,09:15:40,42554.00,225,621975
20221121,09:15:42,42556.05,25,621975
20221121,09:15:43,42568.15,75,621975
20221121,09:15:45,42565.35,100,621975
20221121,09:15:46,42565.75,75,621975
20221121,09:15:48,42561.95,25,621975
20221121,09:15:49,42561.85,25,621975
20221121,09:15:51,42563.95,50,621975
20221121,09:15:52,42570.95,150,621975
20221121,09:15:54,42565.15,175,621975
20221121,09:15:55,42573.95,25,621975
20221121,09:15:56,42570.45,50,621975
20221121,09:15:58,42565.00,150,621975
20221121,09:15:59,42562.00,350,621975
20221121,09:16:01,42570.25,25,621975
20221121,09:16:02,42575.00,50,621975
20221121,09:16:04,42582.75,25,621975
20221121,09:16:07,42595.95,400,621975
20221121,09:16:08,42589.30,100,621975
20221121,09:16:10,42600.00,50,621975
20221121,09:16:11,42600.00,150,621975
20221121,09:16:13,42598.35,25,621975
20221121,09:16:16,42601.05,50,621975
20221121,09:16:18,42596.55,100,621975
20221121,09:16:20,42594.25,225,621975
20221121,09:16:21,42604.45,75,621975
20221121,09:16:23,42597.65,150,621975
20221121,09:16:24,42585.05,50,621975
20221121,09:16:27,42585.55,50,621975
20221121,09:16:28,42577.05,375,621975
20221121,09:16:31,42586.85,25,621975
20221121,09:16:32,42588.40,125,621975
20221121,09:16:34,42596.80,25,621975
20221121,09:16:37,42588.10,25,621975
20221121,09:16:39,42587.15,300,621975
20221121,09:16:41,42586.85,75,621975
20221121,09:16:42,42588.10,50,621975
20221121,09:16:44,42596.90,25,621975
20221121,09:16:46,42586.85,100,621975
20221121,09:16:48,42586.85,200,621975
20221121,09:16:49,42589.35,50,621975
20221121,09:16:51,42585.00,75,621975
20221121,09:16:52,42585.00,75,621975
20221121,09:16:53,42575.00,75,621975
20221121,09:16:55,42575.00,25,621975
20221121,09:16:56,42572.00,25,621975
20221121,09:16:59,42565.00,100,621975
20221121,09:17:01,42558.05,25,621975
20221121,09:17:02,42555.00,250,621975
20221121,09:17:04,42560.45,75,621975
20221121,09:17:07,42564.40,50,621975
20221121,09:17:08,42571.65,50,621975
20221121,09:17:10,42568.95,25,621975
20221121,09:17:12,42559.00,225,621975
20221121,09:17:14,42561.05,25,621975
20221121,09:17:15,42570.40,25,621975
20221121,09:17:20,42570.25,25,621975
20221121,09:17:23,42570.00,25,621975
20221121,09:17:24,42565.15,50,621975
20221121,09:17:26,42565.00,100,621975
20221121,09:17:28,42570.00,100,621975
20221121,09:17:30,42561.05,50,623075
20221121,09:17:33,42567.50,225,623075
20221121,09:17:37,42570.00,25,623075
20221121,09:17:39,42562.05,200,623075
20221121,09:17:40,42560.55,100,623075
20221121,09:17:41,42560.00,75,623075
20221121,09:17:43,42556.05,175,623075
20221121,09:17:44,42560.00,25,623075
20221121,09:17:46,42563.85,25,623075
20221121,09:17:47,42560.00,50,623075
20221121,09:17:49,42555.00,50,623075
20221121,09:17:50,42555.95,125,623075
20221121,09:17:51,42552.00,100,623075
20221121,09:17:53,42554.00,50,623075
20221121,09:17:54,42557.45,100,623075
20221121,09:17:56,42564.35,50,623075
20221121,09:17:57,42564.20,25,623075
20221121,09:17:59,42557.75,50,623075
20221121,09:18:00,42563.95,125,623075
20221121,09:18:01,42556.05,25,623075
20221121,09:18:03,42564.35,225,623075
20221121,09:18:04,42559.00,300,623075
20221121,09:18:06,42568.00,350,623075
20221121,09:18:07,42570.00,75,623075
20221121,09:18:09,42570.00,75,623075
20221121,09:18:10,42574.95,50,623075
20221121,09:18:14,42575.00,75,623075
20221121,09:18:15,42576.05,75,623075
20221121,09:18:17,42575.00,25,623075
20221121,09:18:18,42577.00,75,623075
20221121,09:18:20,42570.00,125,623075
20221121,09:18:22,42571.95,75,623075
20221121,09:18:23,42567.95,50,623075
20221121,09:18:26,42569.00,75,623075
20221121,09:18:28,42569.00,75,623075
20221121,09:18:31,42568.00,25,623075
20221121,09:18:33,42561.20,125,623075
20221121,09:18:36,42560.30,25,623075
20221121,09:18:37,42558.05,25,623075
20221121,09:18:39,42566.00,25,623075
20221121,09:18:42,42562.95,50,623075
20221121,09:18:44,42563.00,25,623075
20221121,09:18:48,42558.45,25,623075
20221121,09:18:52,42566.35,75,623075
20221121,09:18:55,42567.70,25,623075
20221121,09:18:56,42568.00,50,623075
20221121,09:19:01,42560.00,25,623075
20221121,09:19:04,42560.05,25,623075
20221121,09:19:17,42568.00,50,623075
20221121,09:19:22,42566.60,50,623075
20221121,09:19:24,42562.05,25,623075
20221121,09:19:25,42565.00,25,623075
20221121,09:19:27,42569.00,50,623075
20221121,09:19:30,42575.00,100,623075
20221121,09:19:32,42571.05,50,623075
20221121,09:19:35,42575.00,125,623075
20221121,09:19:37,42575.00,50,623075
20221121,09:19:39,42575.00,25,623075
20221121,09:19:40,42577.50,25,623075
20221121,09:19:48,42573.95,825,623075
20221121,09:19:53,42570.00,50,623075
20221121,09:19:58,42574.00,25,623075
20221121,09:20:00,42574.00,75,623075
20221121,09:20:02,42570.00,125,623075
20221121,09:20:07,42575.00,25,623075
20221121,09:20:08,42576.95,125,623075
20221121,09:20:10,42576.95,50,623075
20221121,09:20:13,42578.95,100,623075
20221121,09:20:16,42580.00,25,623075
20221121,09:20:18,42583.95,75,623075
20221121,09:20:21,42585.00,225,623075
20221121,09:20:24,42580.80,25,623075
20221121,09:20:26,42579.90,75,623075
20221121,09:20:29,42579.00,50,623075
20221121,09:20:31,42575.00,50,624625
20221121,09:20:36,42577.95,25,624625
20221121,09:20:37,42573.65,25,624625
20221121,09:20:41,42576.10,50,624625
20221121,09:20:42,42581.00,75,624625
20221121,09:20:47,42575.00,100,624625
20221121,09:20:49,42575.05,25,624625
20221121,09:20:52,42584.50,100,624625
20221121,09:20:58,42580.00,50,624625
20221121,09:21:00,42584.00,25,624625
20221121,09:21:01,42583.60,100,624625
20221121,09:21:03,42584.45,25,624625
20221121,09:21:05,42579.90,25,624625
20221121,09:21:06,42579.90,100,624625
20221121,09:21:08,42581.25,100,624625
20221121,09:21:09,42581.70,50,624625
20221121,09:21:11,42589.10,50,624625
20221121,09:21:14,42581.60,25,624625
20221121,09:21:16,42586.00,50,624625
20221121,09:21:17,42584.00,150,624625
20221121,09:21:19,42583.95,50,624625
20221121,09:21:21,42588.45,225,624625
20221121,09:21:22,42580.20,75,624625
20221121,09:21:24,42580.00,75,624625
20221121,09:21:25,42586.00,175,624625
20221121,09:21:27,42579.90,250,624625
20221121,09:21:30,42575.00,50,624625
20221121,09:21:32,42575.00,25,624625
20221121,09:21:34,42575.00,25,624625
20221121,09:21:35,42581.70,50,624625
20221121,09:21:37,42575.00,200,624625
20221121,09:21:38,42575.00,50,624625
20221121,09:21:43,42576.70,50,624625
20221121,09:21:46,42579.15,25,624625
20221121,09:21:48,42579.15,50,624625
20221121,09:21:50,42575.55,50,624625
20221121,09:21:51,42575.00,175,624625
20221121,09:21:53,42568.00,550,624625
20221121,09:21:56,42567.95,100,624625
20221121,09:21:58,42568.95,50,624625
20221121,09:22:01,42568.00,50,624625
20221121,09:22:02,42566.00,25,624625
20221121,09:22:04,42560.00,125,624625
20221121,09:22:05,42555.00,175,624625
20221121,09:22:07,42555.00,950,624625
20221121,09:22:10,42550.00,875,624625
20221121,09:22:12,42554.15,25,624625
20221121,09:22:15,42547.00,75,624625
20221121,09:22:17,42540.00,525,624625
20221121,09:22:19,42548.85,175,624625
20221121,09:22:20,42541.30,100,624625
20221121,09:22:23,42540.00,25,624625
20221121,09:22:25,42544.40,100,624625
20221121,09:22:27,42544.45,225,624625
20221121,09:22:28,42545.95,75,624625
20221121,09:22:30,42546.10,125,624625
20221121,09:22:32,42550.00,25,624625
20221121,09:22:33,42542.90,500,624625
20221121,09:22:38,42547.45,75,624625
20221121,09:22:43,42545.80,50,624625
20221121,09:22:45,42545.80,50,624625
20221121,09:22:46,42541.30,200,624625
20221121,09:22:48,42541.30,300,624625
20221121,09:22:50,42541.00,150,624625
20221121,09:22:51,42541.00,50,624625
20221121,09:22:53,42541.00,25,624625
20221121,09:22:55,42539.10,600,624625
20221121,09:22:56,42542.45,50,624625
20221121,09:22:58,42535.00,100,624625
20221121,09:22:59,42534.90,175,624625
20221121,09:23:03,42530.00,175,624625
20221121,09:23:04,42529.50,275,624625
20221121,09:23:08,42529.05,250,624625
20221121,09:23:09,42528.45,25,624625
20221121,09:23:11,42528.45,25,624625
20221121,09:23:12,42530.10,125,624625
20221121,09:23:16,42535.00,100,624625
20221121,09:23:17,42535.25,25,624625
20221121,09:23:19,42528.30,125,624625
20221121,09:23:20,42536.10,150,624625
20221121,09:23:22,42535.95,25,624625
20221121,09:23:24,42535.95,175,624625
20221121,09:23:25,42536.65,225,624625
20221121,09:23:27,42535.95,25,624625
20221121,09:23:28,42528.30,100,624625
20221121,09:23:30,42525.00,125,624625
20221121,09:23:33,42525.00,100,627900
20221121,09:23:35,42528.00,75,627900
20221121,09:23:36,42529.75,225,627900
20221121,09:23:38,42521.35,50,627900
20221121,09:23:39,42520.00,150,627900
20221121,09:23:41,42526.10,100,627900
20221121,09:23:43,42525.00,75,627900
20221121,09:23:44,42525.00,550,627900
20221121,09:23:48,42522.00,225,627900
20221121,09:23:49,42521.50,125,627900
20221121,09:23:52,42525.00,150,627900
20221121,09:23:54,42521.35,25,627900
20221121,09:23:56,42525.00,75,627900
20221121,09:23:57,42527.00,75,627900
20221121,09:23:59,42528.50,50,627900
20221121,09:24:00,42520.00,350,627900
20221121,09:24:02,42535.00,175,627900
20221121,09:24:04,42526.35,25,627900
20221121,09:24:05,42530.00,25,627900
20221121,09:24:07,42530.00,75,627900
20221121,09:24:09,42534.35,75,627900
20221121,09:24:10,42532.00,25,627900
20221121,09:24:12,42527.00,50,627900
20221121,09:24:13,42535.95,425,627900
20221121,09:24:15,42527.85,25,627900
20221121,09:24:17,42533.95,75,627900
20221121,09:24:20,42525.00,25,627900
20221121,09:24:22,42529.00,25,627900
20221121,09:24:25,42531.90,25,627900
20221121,09:24:28,42525.05,50,627900
20221121,09:24:31,42533.10,25,627900
20221121,09:24:35,42527.80,75,627900
20221121,09:24:36,42525.00,25,627900
20221121,09:24:39,42529.00,25,627900
20221121,09:24:41,42529.00,25,627900
20221121,09:24:43,42529.00,25,627900
20221121,09:24:44,42525.00,25,627900
20221121,09:24:47,42529.00,100,627900
20221121,09:24:49,42525.00,25,627900
20221121,09:24:50,42525.00,200,627900
20221121,09:24:52,42529.25,175,627900
20221121,09:24:58,42525.00,25,627900
20221121,09:25:00,42527.85,25,627900
20221121,09:25:01,42525.00,150,627900
20221121,09:25:03,42520.00,325,627900
20221121,09:25:04,42515.05,675,627900
20221121,09:25:06,42515.00,300,627900
20221121,09:25:07,42514.20,225,627900
20221121,09:25:09,42514.20,75,627900
20221121,09:25:10,42525.40,350,627900
20221121,09:25:12,42528.05,50,627900
20221121,09:25:13,42528.05,25,627900
20221121,09:25:15,42520.05,50,627900
20221121,09:25:17,42527.90,425,627900
20221121,09:25:18,42520.00,50,627900
20221121,09:25:20,42520.00,50,627900
20221121,09:25:21,42512.30,150,627900
20221121,09:25:24,42512.30,25,627900
20221121,09:25:28,42528.30,225,627900
20221121,09:25:31,42529.05,100,627900
20221121,09:25:32,42529.05,25,627900
20221121,09:25:34,42529.05,50,627900
20221121,09:25:35,42523.00,25,627900
20221121,09:25:37,42514.85,25,627900
20221121,09:25:39,42525.00,50,627900
20221121,09:25:40,42525.00,25,627900
20221121,09:25:42,42522.30,75,627900
20221121,09:25:44,42527.25,75,627900
20221121,09:25:45,42526.85,75,627900
20221121,09:25:47,42527.75,25,627900
20221121,09:25:50,42527.45,150,627900
20221121,09:25:52,42525.60,50,627900
20221121,09:25:53,42527.20,25,627900
20221121,09:25:56,42527.90,50,627900
20221121,09:25:59,42520.00,25,627900
20221121,09:26:01,42523.90,150,627900
20221121,09:26:05,42520.00,50,627900
20221121,09:26:13,42529.25,150,627900
20221121,09:26:17,42523.05,75,627900
20221121,09:26:21,42528.45,50,627900
20221121,09:26:23,42533.00,125,627900
20221121,09:26:24,42527.05,25,627900
20221121,09:26:26,42532.35,75,627900
20221121,09:26:27,42532.35,25,627900
20221121,09:26:29,42532.35,50,627900
20221121,09:26:31,42529.90,25,627900
20221121,09:26:32,42527.95,25,629400
20221121,09:26:35,42525.05,50,629400
20221121,09:26:37,42528.95,25,629400
20221121,09:26:40,42529.95,75,629400
20221121,09:26:42,42531.35,50,629400
20221121,09:26:45,42524.05,25,629400
20221121,09:26:46,42530.00,25,629400
20221121,09:26:48,42534.30,225,629400
20221121,09:26:54,42533.05,75,629400
20221121,09:26:56,42535.00,25,629400
20221121,09:26:59,42529.70,200,629400
20221121,09:27:00,42529.00,200,629400
20221121,09:27:02,42538.60,50,629400
20221121,09:27:04,42537.35,100,629400
20221121,09:27:05,42539.35,50,629400
20221121,09:27:07,42535.80,125,629400
20221121,09:27:08,42535.90,50,629400
20221121,09:27:10,42536.30,75,629400
20221121,09:27:17,42530.00,25,629400
20221121,09:27:18,42530.00,25,629400
20221121,09:27:20,42532.25,100,629400
20221121,09:27:22,42530.00,75,629400
20221121,09:27:26,42528.95,50,629400
20221121,09:27:28,42528.80,125,629400
20221121,09:27:30,42528.15,25,629400
20221121,09:27:31,42526.00,100,629400
20221121,09:27:33,42527.00,25,629400
20221121,09:27:34,42527.15,25,629400
20221121,09:27:36,42528.15,25,629400
20221121,09:27:38,42527.00,50,629400
20221121,09:27:39,42526.05,25,629400
20221121,09:27:41,42525.00,75,629400
20221121,09:27:44,42528.05,25,629400
20221121,09:27:47,42528.05,25,629400
20221121,09:27:49,42526.25,225,629400
20221121,09:27:50,42530.00,25,629400
20221121,09:27:52,42530.00,25,629400
20221121,09:27:53,42530.45,50,629400
20221121,09:27:56,42526.40,25,629400
20221121,09:27:58,42532.00,25,629400
20221121,09:28:00,42532.00,125,629400
20221121,09:28:01,42530.45,25,629400
20221121,09:28:03,42530.45,25,629400
20221121,09:28:04,42533.80,50,629400
20221121,09:28:08,42528.05,50,629400
20221121,09:28:09,42529.10,25,629400
20221121,09:28:11,42528.85,25,629400
20221121,09:28:12,42531.25,675,629400
20221121,09:28:14,42525.60,200,629400
20221121,09:28:16,42525.95,25,629400
20221121,09:28:17,42524.00,25,629400
20221121,09:28:19,42520.00,50,629400
20221121,09:28:21,42521.80,50,629400
20221121,09:28:22,42523.45,25,629400
20221121,09:28:24,42527.45,150,629400
20221121,09:28:25,42522.05,25,629400
20221121,09:28:32,42522.25,25,629400
20221121,09:28:33,42524.70,75,629400
20221121,09:28:37,42521.70,25,629400
20221121,09:28:38,42524.40,25,629400
20221121,09:28:40,42525.35,75,629400
20221121,09:28:41,42521.70,50,629400
20221121,09:28:43,42521.00,150,629400
20221121,09:28:45,42525.75,225,629400
20221121,09:28:46,42526.55,250,629400
20221121,09:28:48,42525.75,50,629400
20221121,09:28:50,42525.75,25,629400
20221121,09:28:51,42525.75,100,629400
20221121,09:28:53,42528.30,25,629400
20221121,09:28:54,42525.75,50,629400
20221121,09:28:57,42525.75,100,629400
20221121,09:28:59,42525.75,375,629400
20221121,09:29:00,42520.00,450,629400
20221121,09:29:02,42525.95,25,629400
20221121,09:29:06,42520.00,250,629400
20221121,09:29:08,42525.00,75,629400
20221121,09:29:11,42525.00,25,629400
20221121,09:29:13,42520.00,100,629400
20221121,09:29:14,42521.00,25,629400
20221121,09:29:16,42520.00,125,629400
20221121,09:29:20,42515.00,175,629400
20221121,09:29:22,42521.65,25,629400
20221121,09:29:25,42511.60,275,629400
20221121,09:29:27,42519.95,25,629400
20221121,09:29:29,42521.85,50,629400
20221121,09:29:33,42521.85,25,629400
20221121,09:29:38,42519.50,25,631050
20221121,09:29:40,42521.10,75,631050
20221121,09:29:43,42525.00,25,631050
20221121,09:29:46,42521.10,75,631050
20221121,09:29:49,42526.35,100,631050
20221121,09:29:51,42523.95,25,631050
20221121,09:29:52,42510.85,1225,631050
20221121,09:29:57,42519.80,25,631050
20221121,09:30:01,42517.40,50,631050
20221121,09:30:02,42523.75,200,631050
20221121,09:30:07,42517.05,50,631050
20221121,09:30:12,42516.40,25,631050
20221121,09:30:14,42517.40,25,631050
20221121,09:30:15,42517.85,50,631050
20221121,09:30:18,42523.00,25,631050
20221121,09:30:22,42517.85,75,631050
20221121,09:30:25,42510.05,50,631050
20221121,09:30:27,42510.05,50,631050
20221121,09:30:28,42507.25,325,631050
20221121,09:30:30,42503.00,75,631050
20221121,09:30:32,42502.00,250,631050
20221121,09:30:34,42502.65,150,631050
20221121,09:30:35,42506.95,200,631050
20221121,09:30:37,42501.30,275,631050
20221121,09:30:39,42502.95,25,631050
20221121,09:30:40,42509.80,350,631050
20221121,09:30:42,42501.25,225,631050
20221121,09:30:43,42510.00,100,631050
20221121,09:30:45,42505.90,100,631050
20221121,09:30:47,42510.00,75,631050
20221121,09:30:48,42510.00,75,631050
20221121,09:30:50,42510.00,25,631050
20221121,09:30:53,42510.00,50,631050
20221121,09:30:57,42515.00,525,631050
20221121,09:30:58,42510.00,200,631050
20221121,09:31:00,42510.00,25,631050
20221121,09:31:01,42510.00,50,631050
20221121,09:31:03,42511.10,125,631050
20221121,09:31:05,42508.90,75,631050
20221121,09:31:08,42505.05,100,631050
20221121,09:31:11,42505.05,25,631050
20221121,09:31:13,42513.75,75,631050
20221121,09:31:14,42513.75,125,631050
20221121,09:31:16,42513.70,75,631050
20221121,09:31:18,42513.70,50,631050
20221121,09:31:21,42513.70,25,631050
20221121,09:31:22,42513.80,50,631050
20221121,09:31:27,42510.70,75,631050
20221121,09:31:29,42509.60,150,631050
20221121,09:31:32,42516.50,25,631050
20221121,09:31:34,42505.20,25,631050
20221121,09:31:35,42505.20,25,631050
20221121,09:31:37,42519.55,25,631050
20221121,09:31:43,42516.90,50,631050
20221121,09:31:45,42514.85,25,631050
20221121,09:31:47,42514.85,25,631050
20221121,09:31:48,42512.05,25,631050
20221121,09:31:53,42513.00,300,631050
20221121,09:31:56,42517.90,25,631050
20221121,09:31:59,42508.90,400,631050
20221121,09:32:01,42506.95,375,631050
20221121,09:32:06,42507.85,125,631050
20221121,09:32:14,42507.85,25,631050
20221121,09:32:15,42515.90,50,631050
20221121,09:32:20,42510.00,50,631050
20221121,09:32:22,42515.00,25,631050
20221121,09:32:25,42517.90,100,631050
20221121,09:32:28,42518.80,50,631050
20221121,09:32:29,42510.15,50,631050
20221121,09:32:31,42518.95,200,631050
20221121,09:32:32,42510.45,275,631050
20221121,09:32:34,42511.65,25,631775
20221121,09:32:36,42511.00,25,631775
20221121,09:32:39,42512.00,50,631775
20221121,09:32:41,42511.00,150,631775
20221121,09:32:48,42519.80,50,631775
20221121,09:32:53,42520.00,25,631775
20221121,09:32:56,42518.95,125,631775
20221121,09:33:02,42521.65,25,631775
20221121,09:33:07,42520.85,50,631775
20221121,09:33:16,42520.85,25,631775
20221121,09:33:17,42514.00,475,631775
20221121,09:33:22,42518.55,25,631775
20221121,09:33:24,42518.10,50,631775
20221121,09:33:27,42519.00,25,631775
20221121,09:33:29,42518.55,25,631775
20221121,09:33:30,42518.55,50,631775
20221121,09:33:32,42520.85,100,631775
20221121,09:33:34,42520.85,25,631775
20221121,09:33:35,42515.80,450,631775
20221121,09:33:37,42526.95,150,631775
20221121,09:33:40,42518.55,25,631775
20221121,09:33:42,42515.05,25,631775
20221121,09:33:45,42521.95,25,631775
20221121,09:33:51,42522.00,25,631775
20221121,09:33:58,42522.00,75,631775
20221121,09:34:01,42522.00,25,631775
20221121,09:34:04,42515.05,150,631775
20221121,09:34:07,42524.65,25,631775
20221121,09:34:08,42525.95,25,631775
20221121,09:34:10,42515.15,75,631775
20221121,09:34:13,42517.00,150,631775
20221121,09:34:15,42525.85,150,631775
20221121,09:34:16,42525.85,150,631775
20221121,09:34:20,42524.30,300,631775
20221121,09:34:21,42524.30,25,631775
20221121,09:34:23,42523.90,25,631775
20221121,09:34:24,42530.00,125,631775
20221121,09:34:26,42524.60,50,631775
20221121,09:34:27,42524.60,25,631775
20221121,09:34:29,42530.00,25,631775
20221121,09:34:32,42530.45,200,631775
20221121,09:34:33,42537.25,200,631775
20221121,09:34:36,42539.05,150,631775
20221121,09:34:38,42531.90,75,631775
20221121,09:34:39,42531.90,75,631775
20221121,09:34:41,42536.85,75,631775
20221121,09:34:42,42530.15,25,631775
20221121,09:34:44,42531.00,75,631775
20221121,09:34:45,42535.95,50,631775
20221121,09:34:50,42534.95,25,631775
20221121,09:34:53,42534.95,75,631775
20221121,09:34:54,42535.55,50,631775
20221121,09:35:01,42533.85,75,631775
20221121,09:35:03,42529.55,175,631775
20221121,09:35:05,42535.00,75,631775
20221121,09:35:06,42535.00,25,631775
20221121,09:35:08,42538.25,25,631775
20221121,09:35:11,42538.30,50,631775
20221121,09:35:12,42540.00,100,631775
20221121,09:35:14,42540.00,25,631775
20221121,09:35:16,42543.00,50,631775
20221121,09:35:17,42543.00,25,631775
20221121,09:35:20,42543.00,75,631775
20221121,09:35:22,42544.65,175,631775
20221121,09:35:24,42542.00,25,631775
20221121,09:35:25,42540.00,125,631775
20221121,09:35:27,42537.90,25,631775
20221121,09:35:29,42536.50,75,631775
20221121,09:35:32,42534.65,100,631125
20221121,09:35:33,42534.60,25,631125
20221121,09:35:36,42534.35,75,631125
20221121,09:35:47,42530.05,75,631125
20221121,09:35:50,42530.05,125,631125
20221121,09:35:51,42532.00,50,631125
20221121,09:35:53,42532.90,375,631125
20221121,09:35:55,42534.05,50,631125
20221121,09:35:56,42533.00,25,631125
20221121,09:36:07,42533.00,50,631125
20221121,09:36:08,42537.35,50,631125
20221121,09:36:10,42537.35,25,631125
20221121,09:36:11,42537.95,25,631125
20221121,09:36:14,42540.65,75,631125
20221121,09:36:20,42537.35,100,631125
20221121,09:36:21,42537.35,175,631125
20221121,09:36:23,42534.10,25,631125
20221121,09:36:24,42539.90,25,631125
20221121,09:36:26,42540.00,25,631125
20221121,09:36:27,42533.05,350,631125
20221121,09:36:35,42540.95,25,631125
20221121,09:36:38,42533.05,25,631125
20221121,09:36:41,42533.05,25,631125
20221121,09:36:44,42535.70,25,631125
20221121,09:36:48,42530.00,50,631125
20221121,09:36:50,42531.95,25,631125
20221121,09:36:51,42527.50,250,631125
20221121,09:36:53,42526.00,275,631125
20221121,09:36:54,42525.05,50,631125
20221121,09:36:56,42525.05,25,631125
20221121,09:36:57,42520.25,225,631125
20221121,09:37:00,42520.00,25,631125
20221121,09:37:06,42519.20,350,631125
20221121,09:37:08,42515.00,100,631125
20221121,09:37:09,42511.70,125,631125
20221121,09:37:11,42511.00,50,631125
20221121,09:37:12,42507.85,175,631125
20221121,09:37:14,42505.40,125,631125
20221121,09:37:19,42506.45,125,631125
20221121,09:37:20,42508.70,200,631125
20221121,09:37:23,42507.65,25,631125
20221121,09:37:25,42515.00,25,631125
20221121,09:37:27,42519.85,25,631125
20221121,09:37:34,42519.85,25,631125
20221121,09:37:37,42510.00,25,631125
20221121,09:37:40,42511.05,25,631125
20221121,09:37:41,42517.15,250,631125
20221121,09:37:43,42513.90,75,631125
20221121,09:37:46,42521.90,25,631125
20221121,09:37:50,42521.75,25,631125
20221121,09:37:53,42515.00,25,631125
20221121,09:38:01,42515.00,25,631125
20221121,09:38:05,42515.00,25,631125
20221121,09:38:07,42515.00,475,631125
20221121,09:38:08,42515.05,25,631125
20221121,09:38:10,42515.05,50,631125
20221121,09:38:15,42515.00,50,631125
20221121,09:38:18,42515.00,25,631125
20221121,09:38:21,42519.95,50,631125
20221121,09:38:26,42511.80,25,631125
20221121,09:38:27,42511.80,50,631125
20221121,09:38:30,42510.15,25,631125
20221121,09:38:32,42517.00,25,631125
20221121,09:38:40,42515.00,50,632525
20221121,09:38:46,42517.20,25,632525
20221121,09:38:48,42523.95,75,632525
20221121,09:38:51,42512.35,25,632525
20221121,09:38:54,42512.35,25,632525
20221121,09:38:57,42515.00,50,632525
20221121,09:39:01,42514.00,75,632525
20221121,09:39:03,42512.00,25,632525
20221121,09:39:05,42510.50,50,632525
20221121,09:39:12,42505.00,100,632525
20221121,09:39:14,42511.00,25,632525
20221121,09:39:17,42509.25,25,632525
20221121,09:39:19,42514.95,50,632525
20221121,09:39:20,42514.95,25,632525
20221121,09:39:22,42514.95,25,632525
20221121,09:39:25,42514.95,25,632525
20221121,09:39:28,42508.00,125,632525
20221121,09:39:30,42510.10,25,632525
20221121,09:39:39,42510.00,25,632525
20221121,09:39:41,42510.00,125,632525
20221121,09:39:42,42506.85,50,632525
20221121,09:39:44,42506.05,50,632525
20221121,09:39:45,42509.80,50,632525
20221121,09:39:47,42509.80,25,632525
20221121,09:39:52,42509.80,25,632525
20221121,09:39:53,42509.65,25,632525
20221121,09:39:55,42509.55,25,632525
20221121,09:39:56,42502.05,175,632525
20221121,09:39:58,42504.75,75,632525
20221121,09:40:00,42502.00,175,632525
20221121,09:40:01,42501.00,225,632525
20221121,09:40:03,42490.85,2225,632525
20221121,09:40:04,42490.10,375,632525
20221121,09:40:06,42490.00,750,632525
20221121,09:40:08,42490.00,25,632525
20221121,09:40:09,42490.00,25,632525
20221121,09:40:13,42485.65,375,632525
20221121,09:40:14,42484.20,150,632525
20221121,09:40:16,42484.20,75,632525
20221121,09:40:18,42480.00,150,632525
20221121,09:40:21,42481.10,25,632525
20221121,09:40:23,42483.55,125,632525
20221121,09:40:31,42481.25,50,632525
20221121,09:40:34,42491.55,150,632525
20221121,09:40:36,42491.65,300,632525
20221121,09:40:37,42487.10,25,632525
20221121,09:40:41,42487.10,25,632525
20221121,09:40:42,42484.60,275,632525
20221121,09:40:44,42494.30,250,632525
20221121,09:40:47,42491.55,50,632525
20221121,09:40:49,42492.30,25,632525
20221121,09:40:50,42483.70,25,632525
20221121,09:40:52,42486.10,75,632525
20221121,09:40:53,42495.95,150,632525
20221121,09:40:55,42488.20,75,632525
20221121,09:40:56,42494.40,125,632525
20221121,09:40:58,42491.00,25,632525
20221121,09:41:00,42485.00,25,632525
20221121,09:41:05,42483.55,25,632525
20221121,09:41:06,42480.00,75,632525
20221121,09:41:08,42483.60,75,632525
20221121,09:41:09,42482.00,50,632525
20221121,09:41:12,42484.90,50,632525
20221121,09:41:14,42485.15,100,632525
20221121,09:41:17,42484.90,25,632525
20221121,09:41:22,42483.00,25,632525
20221121,09:41:24,42491.25,100,632525
20221121,09:41:25,42482.65,75,632525
20221121,09:41:27,42491.20,100,632525
20221121,09:41:29,42481.05,25,632525
20221121,09:41:31,42483.05,75,632525
20221121,09:41:32,42483.15,25,632525
20221121,09:41:34,42483.15,25,633800
20221121,09:41:37,42485.40,25,633800
20221121,09:41:39,42484.80,50,633800
20221121,09:41:44,42490.00,25,633800
20221121,09:41:48,42494.65,900,633800
20221121,09:41:49,42491.40,25,633800
20221121,09:41:52,42492.40,225,633800
20221121,09:41:55,42483.20,100,633800
20221121,09:41:58,42486.00,25,633800
20221121,09:41:59,42483.20,75,633800
20221121,09:42:00,42483.20,25,633800
20221121,09:42:05,42484.20,125,633800
20221121,09:42:06,42480.00,150,633800
20221121,09:42:08,42480.00,50,633800
20221121,09:42:09,42480.00,50,633800
20221121,09:42:11,42480.00,75,633800
20221121,09:42:14,42482.80,50,633800
20221121,09:42:16,42482.80,100,633800
20221121,09:42:20,42485.00,275,633800
20221121,09:42:22,42483.65,50,633800
20221121,09:42:23,42485.00,25,633800
20221121,09:42:28,42485.00,25,633800
20221121,09:42:30,42487.65,125,633800
20221121,09:42:40,42480.00,925,633800
20221121,09:42:42,42480.00,50,633800
20221121,09:42:46,42480.20,75,633800
20221121,09:42:49,42480.00,50,633800
20221121,09:42:51,42480.05,25,633800
20221121,09:42:55,42486.85,50,633800
20221121,09:43:02,42486.85,25,633800
20221121,09:43:04,42486.05,100,633800
20221121,09:43:07,42490.00,150,633800
20221121,09:43:08,42486.10,25,633800
20221121,09:43:10,42491.45,25,633800
20221121,09:43:13,42485.10,150,633800
20221121,09:43:15,42494.95,25,633800
20221121,09:43:16,42494.95,25,633800
20221121,09:43:18,42486.35,25,633800
20221121,09:43:21,42486.35,25,633800
20221121,09:43:23,42494.65,125,633800
20221121,09:43:26,42486.05,50,633800
20221121,09:43:28,42492.45,50,633800
20221121,09:43:33,42492.50,50,633800
20221121,09:43:37,42486.00,25,633800
20221121,09:43:48,42490.65,50,633800
20221121,09:43:53,42488.00,25,633800
20221121,09:43:57,42490.65,50,633800
20221121,09:43:59,42490.60,125,633800
20221121,09:44:02,42490.00,50,633800
20221121,09:44:06,42486.00,50,633800
20221121,09:44:14,42483.00,125,633800
20221121,09:44:23,42483.00,25,633800
20221121,09:44:24,42485.00,25,633800
20221121,09:44:30,42485.00,50,633800
20221121,09:44:32,42483.00,25,633800
20221121,09:44:37,42485.00,25,634775
20221121,09:44:40,42485.00,25,634775
20221121,09:44:43,42489.00,75,634775
20221121,09:44:46,42483.15,25,634775
20221121,09:44:49,42489.00,25,634775
20221121,09:44:50,42483.45,50,634775
20221121,09:44:51,42491.25,25,634775
20221121,09:44:55,42491.25,250,634775
20221121,09:45:01,42480.50,600,634775
20221121,09:45:04,42486.85,50,634775
20221121,09:45:06,42487.30,75,634775
20221121,09:45:07,42487.30,25,634775
20221121,09:45:13,42491.00,50,634775
20221121,09:45:15,42492.40,125,634775
20221121,09:45:17,42493.50,300,634775
20221121,09:45:18,42493.60,125,634775
20221121,09:45:20,42496.40,50,634775
20221121,09:45:21,42497.40,75,634775
20221121,09:45:23,42497.35,50,634775
20221121,09:45:25,42500.00,175,634775
20221121,09:45:28,42504.00,300,634775
20221121,09:45:29,42504.10,50,634775
20221121,09:45:34,42504.10,25,634775
20221121,09:45:38,42494.05,25,634775
20221121,09:45:40,42500.00,50,634775
20221121,09:45:41,42497.00,25,634775
20221121,09:45:46,42500.00,75,634775
20221121,09:45:51,42502.55,25,634775
20221121,09:45:52,42500.00,125,634775
20221121,09:45:53,42500.00,25,634775
20221121,09:45:56,42502.40,25,634775
20221121,09:46:01,42501.95,50,634775
20221121,09:46:03,42505.00,250,634775
20221121,09:46:09,42508.45,150,634775
20221121,09:46:10,42502.70,50,634775
20221121,09:46:12,42508.50,25,634775
20221121,09:46:13,42502.70,25,634775
20221121,09:46:15,42502.00,25,634775
20221121,09:46:16,42502.00,25,634775
20221121,09:46:18,42500.00,25,634775
20221121,09:46:19,42504.35,75,634775
20221121,09:46:21,42504.35,25,634775
20221121,09:46:24,42498.00,25,634775
20221121,09:46:27,42498.00,25,634775
20221121,09:46:29,42500.00,25,634775
20221121,09:46:30,42500.00,50,634775
20221121,09:46:32,42500.00,25,634775
20221121,09:46:33,42500.20,25,634775
20221121,09:46:34,42500.00,400,634775
20221121,09:46:36,42500.00,50,634775
20221121,09:46:37,42500.00,150,634775
20221121,09:46:40,42495.00,25,634775
20221121,09:46:44,42494.95,100,634775
20221121,09:46:45,42486.00,75,634775
20221121,09:46:47,42485.85,25,634775
20221121,09:46:51,42491.80,75,634775
20221121,09:46:53,42491.80,75,634775
20221121,09:46:55,42496.00,125,634775
20221121,09:46:58,42494.80,25,634775
20221121,09:46:59,42499.25,25,634775
20221121,09:47:01,42491.85,375,634775
20221121,09:47:02,42492.05,125,634775
20221121,09:47:04,42492.00,50,634775
20221121,09:47:05,42495.35,25,634775
20221121,09:47:10,42485.85,50,634775
20221121,09:47:16,42484.65,50,634775
20221121,09:47:21,42484.65,25,634775
20221121,09:47:29,42486.85,50,634775
20221121,09:47:31,42495.90,150,634775
20221121,09:47:32,42495.90,25,634775
20221121,09:47:34,42496.55,50,634775
20221121,09:47:40,42496.55,25,635825
20221121,09:47:47,42497.90,175,635825
20221121,09:47:49,42490.10,100,635825
20221121,09:47:56,42497.00,150,635825
20221121,09:48:07,42497.00,25,635825
20221121,09:48:08,42500.00,25,635825
20221121,09:48:10,42500.00,50,635825
20221121,09:48:14,42500.00,25,635825
20221121,09:48:17,42491.75,50,635825
20221121,09:48:18,42498.10,50,635825
20221121,09:48:20,42503.05,500,635825
20221121,09:48:21,42487.65,50,635825
20221121,09:48:24,42492.60,25,635825
20221121,09:48:26,42498.40,175,635825
20221121,09:48:27,42492.60,50,635825
20221121,09:48:29,42499.55,25,635825
20221121,09:48:33,42495.00,50,635825
20221121,09:48:41,42492.45,125,635825
20221121,09:48:46,42490.00,75,635825
20221121,09:48:51,42499.35,25,635825
20221121,09:48:54,42498.45,25,635825
20221121,09:48:55,42492.00,50,635825
20221121,09:48:57,42491.75,100,635825
20221121,09:48:58,42499.55,75,635825
20221121,09:49:01,42494.65,25,635825
20221121,09:49:02,42500.00,50,635825
20221121,09:49:04,42508.30,50,635825
20221121,09:49:07,42508.30,25,635825
20221121,09:49:08,42508.00,75,635825
20221121,09:49:10,42502.15,75,635825
20221121,09:49:15,42506.70,25,635825
20221121,09:49:18,42500.05,50,635825
20221121,09:49:20,42508.35,50,635825
20221121,09:49:21,42512.65,125,635825
20221121,09:49:24,42511.40,25,635825
20221121,09:49:26,42503.40,25,635825
20221121,09:49:29,42509.35,50,635825
20221121,09:49:32,42504.40,75,635825
20221121,09:49:34,42510.75,150,635825
20221121,09:49:36,42506.90,150,635825
20221121,09:49:37,42516.45,250,635825
20221121,09:49:40,42518.30,50,635825
20221121,09:49:42,42517.85,25,635825
20221121,09:49:43,42518.30,25,635825
20221121,09:49:51,42508.40,25,635825
20221121,09:49:52,42509.20,25,635825
20221121,09:49:55,42510.90,25,635825
20221121,09:50:01,42515.40,50,635825
20221121,09:50:03,42511.30,50,635825
20221121,09:50:07,42513.85,25,635825
20221121,09:50:09,42511.00,25,635825
20221121,09:50:11,42510.90,50,635825
20221121,09:50:12,42509.65,175,635825
20221121,09:50:14,42510.75,75,635825
20221121,09:50:15,42509.90,50,635825
20221121,09:50:18,42510.90,75,635825
20221121,09:50:20,42505.00,25,635825
20221121,09:50:23,42508.10,25,635825
20221121,09:50:25,42509.35,25,635825
20221121,09:50:26,42503.05,150,635825
20221121,09:50:28,42503.05,75,635825
20221121,09:50:29,42504.00,75,635825
20221121,09:50:33,42500.00,25,635825
20221121,09:50:46,42500.00,25,636775
20221121,09:50:48,42500.00,50,636775
20221121,09:50:49,42493.45,225,636775
20221121,09:50:53,42491.10,25,636775
20221121,09:50:54,42491.10,25,636775
20221121,09:50:55,42491.65,25,636775
20221121,09:51:00,42496.20,25,636775
20221121,09:51:02,42495.90,25,636775
20221121,09:51:03,42500.00,50,636775
20221121,09:51:05,42500.00,25,636775
20221121,09:51:06,42500.00,25,636775
20221121,09:51:10,42500.00,125,636775
20221121,09:51:17,42500.00,25,636775
20221121,09:51:20,42500.00,25,636775
20221121,09:51:23,42500.00,50,636775
20221121,09:51:27,42503.20,150,636775
20221121,09:51:35,42502.60,75,636775
20221121,09:51:36,42502.60,25,636775
20221121,09:51:38,42501.15,25,636775
20221121,09:51:42,42501.45,50,636775
20221121,09:51:47,42498.70,125,636775
20221121,09:51:48,42498.70,25,636775
20221121,09:51:50,42495.00,50,636775
20221121,09:51:52,42495.05,50,636775
20221121,09:51:53,42495.05,25,636775
20221121,09:51:56,42495.05,225,636775
20221121,09:51:58,42495.05,175,636775
20221121,09:52:01,42495.15,75,636775
20221121,09:52:02,42503.85,575,636775
20221121,09:52:13,42492.05,100,636775
20221121,09:52:15,42492.40,725,636775
20221121,09:52:18,42492.90,25,636775
20221121,09:52:40,42491.50,25,636775
20221121,09:52:41,42491.50,25,636775
20221121,09:52:45,42489.65,475,636775
20221121,09:52:46,42491.35,25,636775
20221121,09:52:48,42496.35,150,636775
20221121,09:52:53,42491.55,150,636775
20221121,09:52:54,42491.55,25,636775
20221121,09:52:56,42491.50,50,636775
20221121,09:53:02,42491.00,25,636775
20221121,09:53:07,42499.75,25,636775
20221121,09:53:08,42499.75,25,636775
20221121,09:53:10,42497.65,25,636775
20221121,09:53:11,42492.65,50,636775
20221121,09:53:18,42494.35,75,636775
20221121,09:53:21,42492.00,25,636775
20221121,09:53:23,42492.00,25,636775
20221121,09:53:26,42497.40,25,636775
20221121,09:53:30,42492.00,75,636775
20221121,09:53:32,42498.65,25,636775
20221121,09:53:35,42498.65,25,636775
20221121,09:53:39,42498.65,25,638175
20221121,09:53:43,42494.35,75,638175
20221121,09:53:45,42495.00,25,638175
20221121,09:53:48,42494.95,75,638175
20221121,09:53:53,42495.55,50,638175
20221121,09:53:59,42497.00,25,638175
20221121,09:54:01,42497.00,25,638175
20221121,09:54:06,42497.00,25,638175
20221121,09:54:07,42497.00,25,638175
20221121,09:54:10,42495.00,150,638175
20221121,09:54:13,42495.00,100,638175
20221121,09:54:17,42499.50,500,638175
20221121,09:54:19,42499.95,25,638175
20221121,09:54:21,42500.00,50,638175
20221121,09:54:22,42500.00,25,638175
20221121,09:54:28,42500.00,25,638175
20221121,09:54:36,42504.80,100,638175
20221121,09:54:38,42506.30,25,638175
20221121,09:54:41,42500.75,25,638175
20221121,09:54:47,42508.25,50,638175
20221121,09:54:55,42508.25,25,638175
20221121,09:54:57,42507.00,600,638175
20221121,09:54:58,42506.95,75,638175
20221121,09:55:00,42507.10,25,638175
20221121,09:55:01,42511.40,25,638175
20221121,09:55:03,42506.60,25,638175
20221121,09:55:04,42506.35,50,638175
20221121,09:55:06,42507.15,100,638175
20221121,09:55:12,42515.00,50,638175
20221121,09:55:13,42515.00,75,638175
20221121,09:55:20,42518.10,1150,638175
20221121,09:55:21,42518.10,25,638175
20221121,09:55:23,42520.00,25,638175
20221121,09:55:29,42520.00,50,638175
20221121,09:55:30,42520.00,50,638175
20221121,09:55:32,42514.05,25,638175
20221121,09:55:41,42514.05,25,638175
20221121,09:55:43,42519.25,100,638175
20221121,09:55:44,42518.80,325,638175
20221121,09:55:47,42511.05,100,638175
20221121,09:55:48,42511.05,25,638175
20221121,09:55:52,42518.20,525,638175
20221121,09:55:53,42518.20,25,638175
20221121,09:55:55,42515.00,75,638175
20221121,09:55:59,42509.05,50,638175
20221121,09:56:02,42515.00,50,638175
20221121,09:56:09,42515.00,25,638175
20221121,09:56:10,42515.00,50,638175
20221121,09:56:15,42511.20,150,638175
20221121,09:56:20,42510.05,225,638175
20221121,09:56:21,42517.20,25,638175
20221121,09:56:27,42515.00,25,638175
20221121,09:56:30,42506.45,50,638175
20221121,09:56:32,42504.05,25,638175
20221121,09:56:35,42511.90,25,638175
20221121,09:56:38,42511.60,50,640150
20221121,09:56:41,42510.00,50,640150
20221121,09:56:51,42505.00,125,640150
20221121,09:56:57,42503.35,25,640150
20221121,09:57:01,42508.90,100,640150
20221121,09:57:05,42503.55,50,640150
20221121,09:57:08,42503.55,25,640150
20221121,09:57:11,42505.00,25,640150
20221121,09:57:12,42510.00,125,640150
20221121,09:57:14,42510.00,125,640150
20221121,09:57:16,42508.25,75,640150
20221121,09:57:17,42513.05,50,640150
20221121,09:57:24,42508.80,50,640150
20221121,09:57:32,42509.05,25,640150
20221121,09:57:33,42515.00,25,640150
20221121,09:57:35,42515.00,25,640150
20221121,09:57:40,42515.00,25,640150
20221121,09:57:43,42515.00,25,640150
20221121,09:57:55,42507.65,125,640150
20221121,09:57:57,42513.70,25,640150
20221121,09:58:02,42513.70,25,640150
20221121,09:58:08,42509.05,25,640150
20221121,09:58:10,42501.40,500,640150
20221121,09:58:11,42510.00,25,640150
20221121,09:58:13,42503.05,50,640150
20221121,09:58:18,42501.35,25,640150
20221121,09:58:24,42506.45,250,640150
20221121,09:58:28,42506.45,25,640150
20221121,09:58:31,42500.00,625,640150
20221121,09:58:37,42500.00,50,640150
20221121,09:58:43,42500.05,525,640150
20221121,09:58:45,42500.00,725,640150
20221121,09:58:46,42500.05,25,640150
20221121,09:58:49,42500.05,25,640150
20221121,09:58:54,42501.50,50,640150
20221121,09:58:59,42505.55,25,640150
20221121,09:59:03,42503.25,25,640150
20221121,09:59:09,42504.45,25,640150
20221121,09:59:14,42502.55,25,640150
20221121,09:59:18,42501.85,25,640150
20221121,09:59:21,42501.85,25,640150
20221121,09:59:24,42500.05,50,640150
20221121,09:59:29,42500.15,25,640150
20221121,09:59:33,42500.85,25,640150
20221121,09:59:39,42500.10,25,642000
20221121,09:59:44,42500.00,50,642000
20221121,09:59:45,42500.50,50,642000
20221121,09:59:47,42500.05,25,642000
20221121,09:59:48,42500.05,25,642000
20221121,09:59:50,42500.15,50,642000
20221121,09:59:54,42500.10,25,642000
20221121,09:59:55,42500.00,25,642000
20221121,09:59:57,42500.00,750,642000
20221121,09:59:58,42500.00,75,642000
20221121,10:00:00,42500.00,175,642000
20221121,10:00:01,42500.00,175,642000
20221121,10:00:03,42500.00,1025,642000
20221121,10:00:04,42500.00,125,642000
20221121,10:00:06,42500.00,475,642000
20221121,10:00:07,42500.00,125,642000
20221121,10:00:09,42500.00,25,642000
20221121,10:00:10,42500.00,25,642000
20221121,10:00:12,42500.00,350,642000
20221121,10:00:13,42500.00,100,642000
20221121,10:00:14,42500.00,100,642000
20221121,10:00:16,42500.00,25,642000
20221121,10:00:18,42500.00,50,642000
20221121,10:00:23,42499.95,1000,642000
20221121,10:00:24,42502.40,150,642000
20221121,10:00:27,42500.15,25,642000
20221121,10:00:29,42500.00,75,642000
20221121,10:00:33,42500.05,25,642000
20221121,10:00:35,42500.05,25,642000
20221121,10:00:36,42500.00,100,642000
20221121,10:00:39,42500.05,75,642000
20221121,10:00:40,42500.00,125,642000
20221121,10:00:42,42500.00,25,642000
20221121,10:00:43,42500.00,25,642000
20221121,10:00:45,42500.05,25,642000
20221121,10:00:46,42499.95,725,642000
20221121,10:00:47,42499.85,100,642000
20221121,10:00:49,42499.30,75,642000
20221121,10:00:51,42500.00,25,642000
20221121,10:00:54,42493.20,75,642000
20221121,10:00:58,42492.00,25,642000
20221121,10:01:00,42492.30,75,642000
20221121,10:01:05,42486.05,150,642000
20221121,10:01:06,42490.65,100,642000
20221121,10:01:08,42490.65,50,642000
20221121,10:01:09,42490.70,75,642000
20221121,10:01:20,42486.00,100,642000
20221121,10:01:21,42488.80,25,642000
20221121,10:01:23,42489.55,25,642000
20221121,10:01:24,42487.00,25,642000
20221121,10:01:26,42488.40,25,642000
20221121,10:01:35,42488.40,25,642000
20221121,10:01:36,42490.60,25,642000
20221121,10:01:41,42486.00,25,642000
20221121,10:01:48,42486.25,75,642000
20221121,10:01:49,42485.00,50,642000
20221121,10:01:57,42485.00,50,642000
20221121,10:01:58,42485.00,25,642000
20221121,10:01:59,42485.00,25,642000
20221121,10:02:01,42485.00,25,642000
20221121,10:02:04,42481.15,25,642000
20221121,10:02:05,42481.60,25,642000
20221121,10:02:06,42481.20,75,642000
20221121,10:02:08,42485.00,75,642000
20221121,10:02:09,42490.00,50,642000
20221121,10:02:11,42490.00,75,642000
20221121,10:02:12,42490.00,25,642000
20221121,10:02:18,42485.00,50,642000
20221121,10:02:20,42490.40,75,642000
20221121,10:02:21,42487.20,25,642000
20221121,10:02:23,42487.45,25,642000
20221121,10:02:24,42488.45,175,642000
20221121,10:02:26,42488.60,50,642000
20221121,10:02:27,42488.60,25,642000
20221121,10:02:29,42487.95,175,642000
20221121,10:02:30,42488.35,25,642000
20221121,10:02:33,42485.00,25,642000
20221121,10:02:36,42488.45,125,642000
20221121,10:02:39,42484.20,75,645625
20221121,10:02:40,42488.95,50,645625
20221121,10:02:46,42488.35,50,645625
20221121,10:02:54,42488.35,25,645625
20221121,10:02:56,42497.55,100,645625
20221121,10:02:57,42497.30,400,645625
20221121,10:02:59,42495.00,125,645625
20221121,10:03:01,42496.75,50,645625
20221121,10:03:02,42486.20,25,645625
20221121,10:03:04,42493.10,125,645625
20221121,10:03:05,42493.10,25,645625
20221121,10:03:08,42493.15,50,645625
20221121,10:03:10,42486.05,25,645625
20221121,10:03:19,42488.65,25,645625
20221121,10:03:20,42489.10,25,645625
20221121,10:03:22,42490.65,50,645625
20221121,10:03:29,42486.05,25,645625
20221121,10:03:33,42489.35,100,645625
20221121,10:03:35,42482.40,75,645625
20221121,10:03:37,42488.20,50,645625
20221121,10:03:47,42489.25,50,645625
20221121,10:03:48,42485.90,75,645625
20221121,10:03:50,42477.00,475,645625
20221121,10:03:51,42477.00,275,645625
20221121,10:03:53,42487.35,150,645625
20221121,10:03:54,42480.30,225,645625
20221121,10:03:56,42485.15,75,645625
20221121,10:03:59,42481.60,75,645625
20221121,10:04:00,42483.45,350,645625
20221121,10:04:02,42484.10,200,645625
20221121,10:04:04,42483.65,375,645625
20221121,10:04:05,42481.80,125,645625
20221121,10:04:07,42482.45,425,645625
20221121,10:04:08,42485.15,200,645625
20221121,10:04:10,42490.00,100,645625
20221121,10:04:11,42495.00,150,645625
20221121,10:04:13,42495.00,75,645625
20221121,10:04:15,42492.75,50,645625
20221121,10:04:18,42493.00,50,645625
20221121,10:04:20,42491.05,175,645625
20221121,10:04:21,42490.55,150,645625
20221121,10:04:23,42494.00,50,645625
20221121,10:04:24,42494.00,25,645625
20221121,10:04:29,42494.00,75,645625
20221121,10:04:31,42498.45,50,645625
20221121,10:04:32,42498.40,25,645625
20221121,10:04:34,42500.00,75,645625
20221121,10:04:37,42500.00,25,645625
20221121,10:04:39,42498.95,50,645625
20221121,10:04:42,42490.00,75,645625
20221121,10:04:44,42496.20,75,645625
20221121,10:04:45,42496.20,25,645625
20221121,10:04:52,42495.00,50,645625
20221121,10:04:53,42492.90,175,645625
20221121,10:04:55,42495.55,100,645625
20221121,10:04:57,42493.15,100,645625
20221121,10:04:58,42492.65,75,645625
20221121,10:05:08,42492.65,25,645625
20221121,10:05:09,42490.90,150,645625
20221121,10:05:11,42487.65,75,645625
20221121,10:05:15,42480.15,25,645625
20221121,10:05:18,42489.10,50,645625
20221121,10:05:29,42489.35,25,645625
20221121,10:05:30,42490.00,25,645625
20221121,10:05:34,42490.00,75,645625
20221121,10:05:35,42490.00,350,645625
20221121,10:05:37,42490.80,25,649725
20221121,10:05:38,42490.80,100,649725
20221121,10:05:40,42490.00,150,649725
20221121,10:05:48,42494.55,50,649725
20221121,10:05:49,42494.80,25,649725
20221121,10:05:51,42495.25,50,649725
20221121,10:05:53,42494.20,50,649725
20221121,10:05:56,42489.35,25,649725
20221121,10:06:00,42492.25,50,649725
20221121,10:06:02,42492.25,25,649725
20221121,10:06:03,42489.35,100,649725
20221121,10:06:05,42489.35,100,649725
20221121,10:06:06,42492.75,450,649725
20221121,10:06:08,42493.45,100,649725
20221121,10:06:09,42493.45,25,649725
20221121,10:06:15,42493.25,75,649725
20221121,10:06:17,42490.85,250,649725
20221121,10:06:18,42491.85,75,649725
20221121,10:06:20,42490.00,225,649725
20221121,10:06:23,42491.30,75,649725
20221121,10:06:24,42491.35,50,649725
20221121,10:06:29,42491.35,25,649725
20221121,10:06:30,42491.25,50,649725
20221121,10:06:35,42491.25,50,649725
20221121,10:06:40,42486.20,25,649725
20221121,10:06:44,42484.55,100,649725
20221121,10:06:45,42490.40,25,649725
20221121,10:06:51,42490.40,25,649725
20221121,10:06:53,42490.40,150,649725
20221121,10:06:56,42485.90,75,649725
20221121,10:07:06,42485.50,50,649725
20221121,10:07:12,42485.50,25,649725
20221121,10:07:13,42490.35,25,649725
20221121,10:07:22,42490.35,25,649725
20221121,10:07:25,42490.35,250,649725
20221121,10:07:47,42490.35,100,649725
20221121,10:07:54,42490.35,25,649725
20221121,10:07:55,42490.35,25,649725
20221121,10:07:58,42490.35,75,649725
20221121,10:08:04,42491.30,275,649725
20221121,10:08:06,42492.80,50,649725
20221121,10:08:07,42498.00,75,649725
20221121,10:08:10,42498.00,75,649725
20221121,10:08:15,42498.00,25,649725
20221121,10:08:20,42500.00,100,649725
20221121,10:08:33,42500.05,75,649725
20221121,10:08:35,42501.05,150,649725
20221121,10:08:36,42501.05,25,649725
20221121,10:08:38,42501.00,975,651150
20221121,10:08:41,42503.95,50,651150
20221121,10:08:42,42502.00,25,651150
20221121,10:08:45,42502.00,50,651150
20221121,10:08:48,42502.00,25,651150
20221121,10:08:50,42503.05,25,651150
20221121,10:08:54,42503.00,25,651150
20221121,10:08:56,42504.00,25,651150
20221121,10:08:59,42504.25,50,651150
20221121,10:09:02,42505.00,75,651150
20221121,10:09:05,42505.00,675,651150
20221121,10:09:06,42505.50,25,651150
20221121,10:09:08,42505.00,150,651150
20221121,10:09:09,42504.00,275,651150
20221121,10:09:11,42504.00,625,651150
20221121,10:09:13,42504.00,25,651150
20221121,10:09:17,42504.00,50,651150
20221121,10:09:19,42504.00,25,651150
20221121,10:09:32,42504.00,200,651150
20221121,10:09:35,42504.00,100,651150
20221121,10:09:40,42504.10,25,651150
20221121,10:09:43,42500.00,25,651150
20221121,10:09:46,42500.00,25,651150
20221121,10:09:54,42500.00,150,651150
20221121,10:09:58,42500.00,25,651150
20221121,10:10:01,42500.00,100,651150
20221121,10:10:04,42500.00,25,651150
20221121,10:10:29,42500.00,50,651150
20221121,10:10:32,42502.00,25,651150
20221121,10:10:38,42504.10,50,651150
20221121,10:10:42,42504.10,25,651150
20221121,10:10:48,42500.00,25,651150
20221121,10:10:50,42500.00,75,651150
20221121,10:10:51,42503.45,25,651150
20221121,10:10:52,42500.00,25,651150
20221121,10:10:54,42503.45,50,651150
20221121,10:10:55,42505.00,75,651150
20221121,10:11:02,42512.45,475,651150
20221121,10:11:03,42511.95,25,651150
20221121,10:11:08,42506.35,25,651150
20221121,10:11:14,42510.15,225,651150
20221121,10:11:21,42510.15,25,651150
20221121,10:11:24,42515.00,25,651150
20221121,10:11:25,42511.95,50,651150
20221121,10:11:27,42518.90,25,651150
20221121,10:11:29,42520.00,50,651150
20221121,10:11:30,42525.00,475,651150
20221121,10:11:36,42524.00,25,651150
20221121,10:11:46,42520.00,50,650350
20221121,10:11:49,42520.00,25,650350
20221121,10:11:56,42520.00,75,650350
20221121,10:11:57,42523.85,600,650350
20221121,10:11:59,42520.00,750,650350
20221121,10:12:01,42521.15,25,650350
20221121,10:12:02,42521.95,50,650350
20221121,10:12:04,42521.15,50,650350
20221121,10:12:06,42521.15,25,650350
20221121,10:12:08,42521.15,25,650350
20221121,10:12:14,42521.15,50,650350
20221121,10:12:16,42521.15,25,650350
20221121,10:12:20,42520.00,50,650350
20221121,10:12:21,42520.00,50,650350
20221121,10:12:23,42520.00,325,650350
20221121,10:12:25,42520.35,75,650350
20221121,10:12:27,42518.10,50,650350
20221121,10:12:31,42515.00,25,650350
20221121,10:12:42,42516.95,75,650350
20221121,10:12:44,42516.95,25,650350
20221121,10:12:49,42516.95,25,650350
20221121,10:12:50,42515.00,100,650350
20221121,10:12:55,42513.15,125,650350
20221121,10:13:07,42513.35,75,650350
20221121,10:13:08,42513.15,175,650350
20221121,10:13:10,42511.45,25,650350
20221121,10:13:13,42512.05,25,650350
20221121,10:13:30,42510.55,600,650350
20221121,10:13:32,42510.55,25,650350
20221121,10:13:34,42510.55,25,650350
20221121,10:13:39,42515.00,25,650350
20221121,10:13:40,42514.75,25,650350
20221121,10:13:45,42514.45,250,650350
20221121,10:13:46,42515.20,25,650350
20221121,10:13:53,42516.95,75,650350
20221121,10:13:59,42523.40,25,650350
20221121,10:14:02,42518.95,175,650350
20221121,10:14:07,42524.40,25,650350
20221121,10:14:13,42524.40,25,650350
20221121,10:14:21,42521.35,425,650350
20221121,10:14:22,42523.55,100,650350
20221121,10:14:24,42524.45,25,650350
20221121,10:14:29,42524.45,50,650350
20221121,10:14:32,42531.00,125,650350
20221121,10:14:35,42525.70,25,650350
20221121,10:14:40,42531.70,25,651925
20221121,10:14:43,42528.80,25,651925
20221121,10:14:45,42528.80,25,651925
20221121,10:14:49,42529.35,75,651925
20221121,10:14:51,42527.15,25,651925
20221121,10:14:53,42527.10,175,651925
20221121,10:14:54,42527.05,50,651925
20221121,10:14:56,42525.70,325,651925
20221121,10:14:57,42525.70,75,651925
20221121,10:14:59,42526.95,75,651925
20221121,10:15:02,42530.00,125,651925
20221121,10:15:12,42540.00,275,651925
20221121,10:15:15,42540.00,25,651925
20221121,10:15:17,42547.80,1025,651925
20221121,10:15:21,42547.80,25,651925
20221121,10:15:29,42547.80,500,651925
20221121,10:15:31,42541.10,75,651925
20221121,10:15:36,42541.10,500,651925
20221121,10:15:37,42541.10,25,651925
20221121,10:15:43,42541.95,50,651925
20221121,10:15:45,42540.00,25,651925
20221121,10:15:48,42541.10,275,651925
20221121,10:15:49,42536.60,250,651925
20221121,10:15:52,42536.60,150,651925
20221121,10:15:57,42541.25,25,651925
20221121,10:16:03,42541.25,50,651925
20221121,10:16:06,42541.25,525,651925
20221121,10:16:08,42540.10,125,651925
20221121,10:16:09,42540.95,25,651925
20221121,10:16:11,42536.60,25,651925
20221121,10:16:14,42536.60,50,651925
20221121,10:16:15,42536.60,50,651925
20221121,10:16:18,42539.50,75,651925
20221121,10:16:20,42539.50,25,651925
20221121,10:16:22,42538.75,25,651925
20221121,10:16:26,42531.95,250,651925
20221121,10:16:28,42537.10,50,651925
20221121,10:16:31,42537.10,100,651925
20221121,10:16:42,42537.10,25,651925
20221121,10:16:43,42533.20,25,651925
20221121,10:16:49,42537.00,25,651925
20221121,10:16:51,42537.00,25,651925
20221121,10:16:52,42531.05,25,651925
20221121,10:16:55,42535.35,100,651925
20221121,10:16:57,42533.10,25,651925
20221121,10:17:03,42532.50,175,651925
20221121,10:17:04,42537.00,25,651925
20221121,10:17:06,42536.35,1075,651925
20221121,10:17:09,42536.35,25,651925
20221121,10:17:10,42537.00,175,651925
20221121,10:17:13,42535.05,25,651925
20221121,10:17:22,42543.20,25,651925
20221121,10:17:30,42536.05,50,651925
20221121,10:17:34,42533.00,25,651925
20221121,10:17:36,42533.00,25,651925
20221121,10:17:45,42532.30,100,653700
20221121,10:17:58,42543.65,75,653700
20221121,10:18:01,42543.65,25,653700
20221121,10:18:03,42535.25,50,653700
20221121,10:18:06,42537.80,400,653700
20221121,10:18:08,42537.80,25,653700
20221121,10:18:17,42545.00,50,653700
20221121,10:18:24,42548.00,175,653700
20221121,10:18:26,42549.00,25,653700
20221121,10:18:27,42547.15,50,653700
20221121,10:18:29,42547.15,25,653700
20221121,10:18:30,42545.05,25,653700
20221121,10:18:34,42545.00,50,653700
20221121,10:18:47,42549.00,50,653700
20221121,10:18:55,42545.05,100,653700
20221121,10:18:56,42545.00,25,653700
20221121,10:18:58,42545.00,25,653700
20221121,10:18:59,42545.00,25,653700
20221121,10:19:01,42549.00,75,653700
20221121,10:19:06,42549.00,125,653700
20221121,10:19:09,42549.00,25,653700
20221121,10:19:10,42546.15,25,653700
20221121,10:19:15,42549.00,150,653700
20221121,10:19:16,42548.70,50,653700
20221121,10:19:19,42550.00,200,653700
20221121,10:19:21,42550.90,25,653700
20221121,10:19:22,42554.00,150,653700
20221121,10:19:25,42549.95,25,653700
20221121,10:19:27,42549.95,100,653700
20221121,10:19:29,42549.95,50,653700
20221121,10:19:30,42552.60,150,653700
20221121,10:19:32,42550.65,75,653700
20221121,10:19:33,42548.50,25,653700
20221121,10:19:36,42548.55,25,653700
20221121,10:19:38,42541.20,25,653700
20221121,10:19:39,42541.25,50,653700
20221121,10:19:49,42541.25,25,653700
20221121,10:19:50,42545.75,50,653700
20221121,10:19:58,42545.00,175,653700
20221121,10:20:00,42545.00,150,653700
20221121,10:20:04,42548.00,300,653700
20221121,10:20:14,42547.90,100,653700
20221121,10:20:15,42547.90,25,653700
20221121,10:20:23,42540.00,50,653700
20221121,10:20:30,42540.00,25,653700
20221121,10:20:33,42540.00,50,653700
20221121,10:20:35,42540.00,25,653700
20221121,10:20:40,42546.95,250,653700
20221121,10:20:41,42546.95,25,654350
20221121,10:20:43,42541.90,25,654350
20221121,10:20:44,42546.20,25,654350
20221121,10:21:00,42540.05,125,654350
20221121,10:21:02,42540.00,1375,654350
20221121,10:21:04,42540.00,25,654350
20221121,10:21:05,42539.55,25,654350
20221121,10:21:07,42537.20,100,654350
20221121,10:21:09,42535.00,50,654350
20221121,10:21:15,42535.00,25,654350
20221121,10:21:18,42532.00,75,654350
20221121,10:21:20,42532.00,225,654350
20221121,10:21:21,42531.00,25,654350
20221121,10:21:23,42531.00,50,654350
20221121,10:21:25,42525.55,100,654350
20221121,10:21:26,42525.00,75,654350
20221121,10:21:30,42527.25,50,654350
20221121,10:21:33,42525.00,25,654350
20221121,10:21:36,42525.00,25,654350
20221121,10:21:38,42520.70,25,654350
20221121,10:21:41,42521.15,25,654350
20221121,10:21:44,42520.00,25,654350
20221121,10:21:46,42523.95,100,654350
20221121,10:21:49,42522.80,25,654350
20221121,10:21:55,42515.65,50,654350
20221121,10:21:57,42515.65,25,654350
20221121,10:22:02,42515.00,50,654350
20221121,10:22:03,42512.55,50,654350
20221121,10:22:08,42511.05,25,654350
20221121,10:22:10,42515.65,50,654350
20221121,10:22:11,42519.00,50,654350
20221121,10:22:13,42519.00,25,654350
20221121,10:22:14,42519.00,25,654350
20221121,10:22:16,42519.00,25,654350
20221121,10:22:17,42514.00,50,654350
20221121,10:22:24,42518.00,25,654350
20221121,10:22:25,42520.00,100,654350
20221121,10:22:27,42519.00,50,654350
20221121,10:22:28,42519.00,25,654350
20221121,10:22:36,42518.80,100,654350
20221121,10:22:39,42518.80,25,654350
20221121,10:22:42,42515.95,25,654350
20221121,10:22:44,42516.45,25,654350
20221121,10:22:50,42517.00,25,654350
20221121,10:22:52,42520.00,50,654350
20221121,10:22:53,42522.25,50,654350
20221121,10:22:55,42522.40,125,654350
20221121,10:22:57,42525.00,25,654350
20221121,10:22:58,42525.75,25,654350
20221121,10:23:00,42524.05,525,654350
20221121,10:23:03,42524.65,25,654350
20221121,10:23:11,42526.45,50,654350
20221121,10:23:21,42526.45,25,654350
20221121,10:23:22,42526.45,25,654350
20221121,10:23:24,42530.00,25,654350
20221121,10:23:30,42527.55,25,654350
20221121,10:23:48,42527.55,25,656550
20221121,10:23:50,42521.75,50,656550
20221121,10:23:59,42530.30,25,656550
20221121,10:24:01,42522.45,75,656550
20221121,10:24:04,42522.45,25,656550
20221121,10:24:14,42519.10,50,656550
20221121,10:24:15,42519.10,25,656550
20221121,10:24:28,42523.85,50,656550
20221121,10:24:37,42519.05,25,656550
20221121,10:24:41,42519.10,50,656550
20221121,10:24:42,42519.65,150,656550
20221121,10:24:46,42519.65,50,656550
20221121,10:24:52,42520.00,25,656550
20221121,10:24:55,42520.85,25,656550
20221121,10:25:02,42519.05,25,656550
20221121,10:25:06,42517.60,50,656550
20221121,10:25:08,42517.60,25,656550
20221121,10:25:16,42511.20,25,656550
20221121,10:25:27,42511.20,25,656550
20221121,10:25:35,42518.10,75,656550
20221121,10:25:39,42519.00,25,656550
20221121,10:25:45,42517.60,25,656550
20221121,10:25:55,42511.20,25,656550
20221121,10:25:56,42507.20,1000,656550
20221121,10:26:01,42507.20,25,656550
20221121,10:26:09,42507.20,25,656550
20221121,10:26:13,42506.60,100,656550
20221121,10:26:16,42506.60,25,656550
20221121,10:26:20,42506.60,75,656550
20221121,10:26:23,42506.60,50,656550
20221121,10:26:27,42518.25,50,656550
20221121,10:26:44,42513.40,50,657050
20221121,10:26:46,42514.05,50,657050
20221121,10:26:51,42513.10,25,657050
20221121,10:26:52,42514.80,325,657050
20221121,10:26:54,42517.00,75,657050
20221121,10:26:56,42517.00,25,657050
20221121,10:27:03,42518.00,75,657050
20221121,10:27:06,42518.05,25,657050
20221121,10:27:09,42525.00,175,657050
20221121,10:27:12,42525.00,25,657050
20221121,10:27:22,42526.75,50,657050
20221121,10:27:27,42526.75,25,657050
20221121,10:27:31,42523.85,25,657050
20221121,10:27:34,42523.85,25,657050
20221121,10:27:36,42526.65,525,657050
20221121,10:27:42,42515.25,25,657050
20221121,10:27:48,42515.25,25,657050
20221121,10:27:51,42518.00,75,657050
20221121,10:27:54,42520.00,25,657050
20221121,10:28:03,42517.40,25,657050
20221121,10:28:10,42520.00,25,657050
20221121,10:28:13,42521.00,100,657050
20221121,10:28:15,42521.00,25,657050
20221121,10:28:16,42521.00,25,657050
20221121,10:28:18,42521.00,25,657050
20221121,10:28:21,42522.80,25,657050
20221121,10:28:43,42522.80,25,657050
20221121,10:28:50,42530.00,25,657050
20221121,10:28:52,42530.00,25,657050
20221121,10:28:55,42534.85,75,657050
20221121,10:28:58,42534.85,25,657050
20221121,10:29:02,42531.75,25,657050
20221121,10:29:09,42531.75,25,657050
20221121,10:29:14,42522.00,100,657050
20221121,10:29:16,42520.00,25,657050
20221121,10:29:22,42516.05,25,657050
20221121,10:29:27,42516.00,75,657050
20221121,10:29:30,42522.00,25,657050
20221121,10:29:33,42516.00,25,657050
20221121,10:29:35,42516.00,25,657050
20221121,10:29:40,42516.00,75,657050
20221121,10:29:41,42516.00,25,657050
20221121,10:29:55,42520.70,50,657475
20221121,10:30:03,42522.00,50,657475
20221121,10:30:12,42524.30,25,657475
20221121,10:30:20,42534.45,125,657475
20221121,10:30:22,42525.10,25,657475
20221121,10:30:24,42525.10,25,657475
20221121,10:30:28,42525.10,75,657475
20221121,10:30:33,42525.10,25,657475
20221121,10:30:40,42529.85,25,657475
20221121,10:30:49,42530.00,75,657475
20221121,10:30:56,42530.00,25,657475
20221121,10:30:58,42530.00,25,657475
20221121,10:31:02,42530.00,75,657475
20221121,10:31:04,42530.00,25,657475
20221121,10:31:05,42530.00,25,657475
20221121,10:31:08,42535.20,25,657475
20221121,10:31:22,42535.20,25,657475
20221121,10:31:25,42534.80,25,657475
20221121,10:31:30,42540.00,25,657475
20221121,10:31:41,42538.15,25,657475
20221121,10:31:48,42538.15,25,657475
20221121,10:31:49,42538.15,25,657475
20221121,10:31:55,42540.00,25,657475
20221121,10:31:57,42539.10,75,657475
20221121,10:31:59,42541.15,75,657475
20221121,10:32:07,42540.35,600,657475
20221121,10:32:08,42544.10,50,657475
20221121,10:32:10,42544.40,25,657475
20221121,10:32:13,42542.50,25,657475
20221121,10:32:15,42540.35,75,657475
20221121,10:32:16,42540.00,50,657475
20221121,10:32:21,42543.50,25,657475
20221121,10:32:24,42540.00,50,657475
20221121,10:32:27,42543.50,25,657475
20221121,10:32:29,42539.15,50,657475
20221121,10:32:30,42538.50,25,657475
20221121,10:32:38,42543.30,50,657475
20221121,10:32:41,42548.50,25,657475
20221121,10:32:43,42548.50,25,658200
20221121,10:32:44,42541.60,300,658200
20221121,10:32:46,42541.65,75,658200
20221121,10:32:49,42541.65,150,658200
20221121,10:32:51,42541.70,50,658200
20221121,10:32:53,42543.00,100,658200
20221121,10:33:00,42542.15,150,658200
20221121,10:33:04,42543.30,25,658200
20221121,10:33:06,42543.00,25,658200
20221121,10:33:09,42543.00,25,658200
20221121,10:33:12,42543.00,25,658200
20221121,10:33:18,42540.00,525,658200
20221121,10:33:35,42540.00,25,658200
20221121,10:33:42,42543.00,50,658200
20221121,10:33:47,42543.00,50,658200
20221121,10:33:48,42545.00,25,658200
20221121,10:33:53,42543.75,450,658200
20221121,10:33:54,42543.75,25,658200
20221121,10:33:57,42543.05,75,658200
20221121,10:33:59,42543.00,100,658200
20221121,10:34:02,42543.00,25,658200
20221121,10:34:03,42545.20,75,658200
20221121,10:34:06,42545.20,50,658200
20221121,10:34:09,42545.20,75,658200
20221121,10:34:12,42540.05,25,658200
20221121,10:34:18,42540.00,275,658200
20221121,10:34:19,42540.00,100,658200
20221121,10:34:27,42537.70,225,658200
20221121,10:34:29,42537.70,25,658200
20221121,10:34:36,42537.70,25,658200
20221121,10:34:46,42536.40,25,658200
20221121,10:34:48,42535.55,25,658200
20221121,10:34:56,42535.55,25,658200
20221121,10:34:57,42535.00,25,658200
20221121,10:34:59,42535.00,475,658200
20221121,10:35:02,42531.00,75,658200
20221121,10:35:08,42530.00,25,658200
20221121,10:35:11,42527.10,25,658200
20221121,10:35:17,42527.10,25,658200
20221121,10:35:22,42527.10,25,658200
20221121,10:35:25,42528.30,25,658200
20221121,10:35:48,42528.30,25,660700
20221121,10:35:49,42527.10,25,660700
20221121,10:35:53,42525.00,25,660700
20221121,10:35:55,42525.00,100,660700
20221121,10:35:58,42525.00,125,660700
20221121,10:35:59,42525.30,375,660700
20221121,10:36:01,42525.00,100,660700
20221121,10:36:02,42525.40,175,660700
20221121,10:36:03,42525.25,25,660700
20221121,10:36:08,42528.00,25,660700
20221121,10:36:15,42528.00,25,660700
20221121,10:36:21,42529.25,125,660700
20221121,10:36:26,42529.90,100,660700
20221121,10:36:27,42529.90,25,660700
20221121,10:36:30,42529.25,175,660700
20221121,10:36:32,42529.25,50,660700
20221121,10:36:33,42529.90,175,660700
20221121,10:36:35,42529.00,75,660700
20221121,10:36:38,42528.35,150,660700
20221121,10:36:39,42528.45,25,660700
20221121,10:36:42,42529.45,175,660700
20221121,10:36:44,42525.35,25,660700
20221121,10:36:45,42529.90,50,660700
20221121,10:36:47,42530.00,25,660700
20221121,10:36:48,42531.25,50,660700
20221121,10:36:53,42528.90,50,660700
20221121,10:36:54,42534.95,25,660700
20221121,10:36:57,42535.00,50,660700
20221121,10:37:02,42537.55,150,660700
20221121,10:37:05,42537.50,350,660700
20221121,10:37:06,42536.60,200,660700
20221121,10:37:07,42536.60,25,660700
20221121,10:37:08,42536.60,25,660700
20221121,10:37:10,42534.95,75,660700
20221121,10:37:18,42537.00,100,660700
20221121,10:37:19,42538.55,200,660700
20221121,10:37:23,42538.95,250,660700
20221121,10:37:24,42538.35,250,660700
20221121,10:37:27,42538.35,125,660700
20221121,10:37:33,42538.75,225,660700
20221121,10:37:34,42538.65,50,660700
20221121,10:37:36,42537.80,225,660700
20221121,10:37:37,42538.10,100,660700
20221121,10:37:38,42538.10,75,660700
20221121,10:37:40,42535.05,525,660700
20221121,10:37:42,42530.00,25,660700
20221121,10:37:45,42534.95,575,660700
20221121,10:37:48,42537.05,225,660700
20221121,10:37:49,42537.05,25,660700
20221121,10:37:51,42539.00,25,660700
20221121,10:37:52,42539.00,75,660700
20221121,10:37:54,42538.55,300,660700
20221121,10:37:58,42538.85,225,660700
20221121,10:38:00,42537.10,150,660700
20221121,10:38:02,42530.00,125,660700
20221121,10:38:03,42536.45,75,660700
20221121,10:38:06,42536.45,25,660700
20221121,10:38:09,42537.45,25,660700
20221121,10:38:14,42531.60,25,660700
20221121,10:38:16,42538.40,25,660700
20221121,10:38:17,42538.40,75,660700
20221121,10:38:20,42536.45,25,660700
20221121,10:38:30,42536.45,25,660700
20221121,10:38:33,42531.15,25,660700
20221121,10:38:42,42538.40,100,660700
20221121,10:38:47,42535.00,100,666475
20221121,10:38:49,42535.00,25,666475
20221121,10:38:56,42535.00,25,666475
20221121,10:39:07,42539.80,25,666475
20221121,10:39:15,42534.35,25,666475
20221121,10:39:21,42540.00,50,666475
20221121,10:39:23,42544.00,50,666475
20221121,10:39:24,42546.45,50,666475
20221121,10:39:27,42544.25,75,666475
20221121,10:39:31,42544.25,25,666475
20221121,10:39:49,42544.25,25,666475
20221121,10:39:52,42550.00,125,666475
20221121,10:39:54,42554.20,75,666475
20221121,10:39:57,42559.00,25,666475
20221121,10:40:02,42554.65,100,666475
20221121,10:40:03,42560.00,75,666475
20221121,10:40:05,42562.55,300,666475
20221121,10:40:06,42559.00,25,666475
20221121,10:40:12,42559.00,25,666475
20221121,10:40:14,42555.00,200,666475
20221121,10:40:15,42555.00,50,666475
20221121,10:40:17,42555.95,25,666475
20221121,10:40:18,42558.00,1000,666475
20221121,10:40:30,42555.00,25,666475
20221121,10:40:31,42555.00,225,666475
20221121,10:40:33,42555.00,25,666475
20221121,10:40:39,42550.00,50,666475
20221121,10:40:41,42550.95,50,666475
20221121,10:40:42,42550.95,25,666475
20221121,10:40:45,42550.70,25,666475
20221121,10:40:47,42543.05,25,666475
20221121,10:40:48,42542.50,500,666475
20221121,10:40:50,42540.20,25,666475
20221121,10:40:51,42540.00,100,666475
20221121,10:40:53,42542.80,700,666475
20221121,10:40:55,42542.80,25,666475
20221121,10:40:58,42533.15,50,666475
20221121,10:41:07,42531.05,25,666475
20221121,10:41:09,42531.05,25,666475
20221121,10:41:14,42528.00,100,666475
20221121,10:41:15,42521.50,25,666475
20221121,10:41:19,42526.20,150,666475
20221121,10:41:22,42519.60,25,666475
20221121,10:41:36,42518.45,125,666475
20221121,10:41:37,42523.00,50,666475
20221121,10:41:39,42523.00,75,666475
20221121,10:41:40,42529.70,25,666475
20221121,10:42:02,42529.70,25,668075
20221121,10:42:06,42523.80,225,668075
20221121,10:42:20,42523.80,25,668075
20221121,10:42:24,42527.00,25,668075
20221121,10:42:29,42527.00,25,668075
20221121,10:42:35,42527.00,25,668075
20221121,10:42:38,42528.20,25,668075
20221121,10:42:50,42528.15,25,668075
20221121,10:42:55,42528.20,75,668075
20221121,10:42:57,42531.90,200,668075
20221121,10:43:01,42531.90,25,668075
20221121,10:43:07,42527.00,150,668075
20221121,10:43:09,42528.25,25,668075
20221121,10:43:12,42529.75,25,668075
20221121,10:43:20,42529.50,25,668075
20221121,10:43:22,42529.50,25,668075
20221121,10:43:30,42521.00,25,668075
20221121,10:43:34,42520.00,250,668075
20221121,10:43:35,42520.00,25,668075
20221121,10:43:38,42520.00,25,668075
20221121,10:43:40,42520.00,150,668075
20221121,10:43:44,42520.00,125,668075
20221121,10:43:49,42520.00,50,668075
20221121,10:43:50,42525.00,25,668075
20221121,10:44:03,42520.00,225,668075
20221121,10:44:12,42522.00,25,668075
20221121,10:44:13,42522.00,25,668075
20221121,10:44:15,42520.00,25,668075
20221121,10:44:16,42513.00,200,668075
20221121,10:44:26,42513.00,25,668075
20221121,10:44:36,42510.00,50,668075
20221121,10:44:40,42509.45,25,668075
20221121,10:44:43,42509.45,25,668075
20221121,10:44:46,42506.65,25,668950
20221121,10:44:47,42502.00,75,668950
20221121,10:44:57,42502.85,25,668950
20221121,10:44:58,42502.20,25,668950
20221121,10:45:00,42502.85,50,668950
20221121,10:45:03,42505.55,25,668950
20221121,10:45:07,42509.95,250,668950
20221121,10:45:09,42504.15,50,668950
20221121,10:45:16,42505.00,25,668950
20221121,10:45:21,42505.00,75,668950
20221121,10:45:23,42510.00,50,668950
20221121,10:45:32,42505.05,25,668950
20221121,10:45:36,42505.05,25,668950
20221121,10:45:38,42505.00,25,668950
20221121,10:45:42,42514.05,25,668950
20221121,10:45:51,42515.95,50,668950
20221121,10:45:57,42505.85,50,668950
20221121,10:45:59,42513.85,25,668950
20221121,10:46:00,42506.00,25,668950
20221121,10:46:03,42506.00,25,668950
20221121,10:46:08,42507.95,25,668950
20221121,10:46:09,42507.55,75,668950
20221121,10:46:12,42506.85,25,668950
20221121,10:46:14,42511.60,325,668950
20221121,10:46:17,42507.70,25,668950
20221121,10:46:18,42507.20,25,668950
20221121,10:46:23,42507.35,25,668950
20221121,10:46:29,42507.35,25,668950
20221121,10:46:32,42508.10,75,668950
20221121,10:46:39,42508.10,25,668950
20221121,10:46:48,42505.35,425,668950
20221121,10:46:51,42510.15,75,668950
20221121,10:46:56,42510.15,25,668950
20221121,10:46:57,42515.00,25,668950
20221121,10:47:14,42505.00,200,668950
20221121,10:47:16,42505.00,350,668950
20221121,10:47:19,42501.00,50,668950
20221121,10:47:20,42505.10,125,668950
20221121,10:47:22,42500.90,200,668950
20221121,10:47:23,42500.75,75,668950
20221121,10:47:32,42500.00,25,668950
20221121,10:47:33,42500.00,75,668950
20221121,10:47:35,42508.35,125,668950
20221121,10:47:45,42503.55,25,668950
20221121,10:47:49,42503.55,25,669600
20221121,10:47:57,42504.10,50,669600
20221121,10:47:58,42503.95,25,669600
20221121,10:48:12,42503.95,200,669600
20221121,10:48:14,42506.60,50,669600
20221121,10:48:17,42506.45,75,669600
20221121,10:48:18,42506.45,200,669600
20221121,10:48:21,42515.00,25,669600
20221121,10:48:33,42510.50,50,669600
20221121,10:48:36,42518.20,275,669600
20221121,10:48:39,42515.00,50,669600
20221121,10:48:40,42515.00,25,669600
20221121,10:48:42,42515.00,50,669600
20221121,10:48:45,42508.05,125,669600
20221121,10:49:09,42505.00,50,669600
20221121,10:49:10,42505.95,325,669600
20221121,10:49:21,42505.95,25,669600
20221121,10:49:24,42505.95,25,669600
20221121,10:49:29,42505.95,25,669600
20221121,10:49:35,42508.10,150,669600
20221121,10:49:38,42510.00,25,669600
20221121,10:49:46,42511.00,100,669600
20221121,10:49:50,42510.00,175,669600
20221121,10:49:52,42509.00,125,669600
20221121,10:49:53,42509.30,425,669600
20221121,10:49:57,42510.10,50,669600
20221121,10:50:02,42517.00,25,669600
20221121,10:50:03,42517.00,50,669600
20221121,10:50:07,42517.00,25,669600
20221121,10:50:14,42515.15,50,669600
20221121,10:50:28,42508.00,375,669600
20221121,10:50:29,42508.00,25,669600
20221121,10:50:44,42508.00,25,669600
20221121,10:50:46,42508.00,25,669600
20221121,10:50:51,42508.00,25,670075
20221121,10:50:56,42508.00,25,670075
20221121,10:50:59,42505.00,25,670075
20221121,10:51:09,42505.00,25,670075
20221121,10:51:19,42503.00,25,670075
20221121,10:51:22,42503.00,25,670075
20221121,10:51:27,42503.00,25,670075
20221121,10:51:29,42502.35,50,670075
20221121,10:51:34,42502.35,25,670075
20221121,10:51:35,42502.50,125,670075
20221121,10:51:37,42502.70,400,670075
20221121,10:51:47,42504.50,25,670075
20221121,10:51:49,42504.50,25,670075
20221121,10:51:56,42502.00,25,670075
20221121,10:51:59,42501.80,25,670075
20221121,10:52:01,42500.00,75,670075
20221121,10:52:02,42500.00,50,670075
20221121,10:52:04,42500.00,100,670075
20221121,10:52:06,42500.00,600,670075
20221121,10:52:07,42500.00,225,670075
20221121,10:52:09,42500.00,25,670075
20221121,10:52:10,42503.10,50,670075
20221121,10:52:13,42500.00,25,670075
20221121,10:52:14,42492.85,1300,670075
20221121,10:52:16,42492.85,25,670075
20221121,10:52:17,42492.85,25,670075
20221121,10:52:22,42500.00,25,670075
20221121,10:52:24,42500.00,350,670075
20221121,10:52:28,42500.00,25,670075
20221121,10:52:31,42504.60,25,670075
20221121,10:52:40,42500.00,50,670075
20221121,10:52:42,42500.00,25,670075
20221121,10:52:47,42500.00,25,670075
20221121,10:52:49,42501.80,25,670075
20221121,10:52:52,42501.80,25,670075
20221121,10:52:58,42502.20,75,670075
20221121,10:53:00,42502.20,25,670075
20221121,10:53:05,42502.20,50,670075
20221121,10:53:06,42502.20,50,670075
20221121,10:53:09,42505.05,200,670075
20221121,10:53:10,42506.10,625,670075
20221121,10:53:18,42506.30,25,670075
20221121,10:53:34,42506.30,25,670075
20221121,10:53:36,42514.85,50,670075
20221121,10:53:42,42515.05,925,670075
20221121,10:53:44,42517.35,50,670075
20221121,10:53:47,42519.90,75,673050
20221121,10:53:50,42520.00,25,673050
20221121,10:53:52,42520.00,25,673050
20221121,10:53:53,42520.00,75,673050
20221121,10:53:59,42522.00,50,673050
20221121,10:54:02,42522.00,25,673050
20221121,10:54:04,42520.00,25,673050
20221121,10:54:08,42519.90,100,673050
20221121,10:54:10,42519.90,25,673050
20221121,10:54:13,42519.90,200,673050
20221121,10:54:16,42519.90,200,673050
20221121,10:54:19,42524.85,625,673050
20221121,10:54:24,42521.00,75,673050
20221121,10:54:25,42523.35,200,673050
20221121,10:54:27,42523.35,25,673050
20221121,10:54:30,42523.35,25,673050
20221121,10:54:32,42525.30,50,673050
20221121,10:54:35,42530.00,50,673050
20221121,10:54:36,42526.20,25,673050
20221121,10:54:44,42528.20,50,673050
20221121,10:54:46,42527.75,25,673050
20221121,10:54:49,42530.00,50,673050
20221121,10:54:56,42530.35,50,673050
20221121,10:54:58,42530.35,25,673050
20221121,10:55:11,42530.35,25,673050
20221121,10:55:23,42530.35,25,673050
20221121,10:55:29,42534.95,50,673050
20221121,10:55:40,42530.35,50,673050
20221121,10:55:42,42531.80,475,673050
20221121,10:55:44,42531.90,425,673050
20221121,10:55:47,42531.90,25,673050
20221121,10:55:48,42536.00,50,673050
20221121,10:55:50,42529.90,250,673050
20221121,10:55:51,42530.00,125,673050
20221121,10:55:53,42530.00,25,673050
20221121,10:55:54,42538.00,25,673050
20221121,10:56:02,42533.35,25,673050
20221121,10:56:16,42534.15,175,673050
20221121,10:56:17,42535.35,50,673050
20221121,10:56:21,42530.00,75,673050
20221121,10:56:22,42530.00,125,673050
20221121,10:56:24,42530.00,325,673050
20221121,10:56:25,42520.85,50,673050
20221121,10:56:31,42529.75,150,673050
20221121,10:56:36,42529.75,25,673050
20221121,10:56:42,42529.75,25,673050
20221121,10:56:48,42521.85,50,674025
20221121,10:56:52,42521.85,25,674025
20221121,10:57:02,42525.55,250,674025
20221121,10:57:05,42525.55,25,674025
20221121,10:57:10,42525.55,25,674025
20221121,10:57:11,42525.00,100,674025
20221121,10:57:16,42525.00,50,674025
20221121,10:57:20,42525.00,25,674025
20221121,10:57:26,42522.00,550,674025
20221121,10:57:27,42526.70,50,674025
20221121,10:57:30,42521.80,200,674025
20221121,10:57:32,42522.55,75,674025
20221121,10:57:35,42522.50,25,674025
20221121,10:57:36,42522.50,25,674025
20221121,10:57:40,42522.80,25,674025
20221121,10:57:43,42522.80,75,674025
20221121,10:57:47,42522.90,50,674025
20221121,10:57:50,42527.00,75,674025
20221121,10:57:51,42528.75,25,674025
20221121,10:57:55,42529.75,25,674025
20221121,10:57:59,42530.70,25,674025
20221121,10:58:03,42530.70,50,674025
20221121,10:58:16,42530.50,25,674025
20221121,10:58:21,42528.20,50,674025
20221121,10:58:27,42528.20,25,674025
20221121,10:58:29,42530.15,125,674025
20221121,10:58:42,42530.40,75,674025
20221121,10:58:47,42530.40,25,674025
20221121,10:58:52,42535.00,50,674025
20221121,10:58:53,42530.40,75,674025
20221121,10:58:56,42530.40,25,674025
20221121,10:59:01,42535.00,25,674025
20221121,10:59:11,42535.00,25,674025
20221121,10:59:23,42535.00,25,674025
20221121,10:59:27,42530.45,50,674025
20221121,10:59:29,42530.00,50,674025
20221121,10:59:30,42530.05,50,674025
20221121,10:59:32,42534.75,25,674025
20221121,10:59:34,42529.00,600,674025
20221121,10:59:36,42523.05,175,674025
20221121,10:59:37,42530.00,25,674025
20221121,10:59:49,42530.00,25,676475
20221121,10:59:54,42530.00,25,676475
20221121,11:00:13,42530.00,25,676475
20221121,11:00:16,42530.00,25,676475
20221121,11:00:18,42535.00,1000,676475
20221121,11:00:23,42530.00,25,676475
20221121,11:00:30,42529.60,100,676475
20221121,11:00:32,42526.25,25,676475
20221121,11:00:35,42526.25,25,676475
20221121,11:00:43,42526.25,25,676475
20221121,11:00:49,42535.00,75,676475
20221121,11:00:52,42535.00,50,676475
20221121,11:00:54,42539.40,100,676475
20221121,11:00:55,42539.40,50,676475
20221121,11:00:57,42539.40,25,676475
20221121,11:01:02,42536.40,125,676475
20221121,11:01:05,42540.00,25,676475
20221121,11:01:06,42536.85,375,676475
20221121,11:01:09,42536.85,75,676475
20221121,11:01:11,42536.45,100,676475
20221121,11:01:16,42530.05,200,676475
20221121,11:01:17,42535.00,450,676475
20221121,11:01:19,42530.00,75,676475
20221121,11:01:24,42530.00,425,676475
20221121,11:01:25,42530.00,100,676475
20221121,11:01:32,42530.00,25,676475
20221121,11:01:35,42529.10,50,676475
20221121,11:01:37,42529.10,25,676475
20221121,11:01:40,42529.10,25,676475
20221121,11:01:49,42534.70,25,676475
20221121,11:01:51,42527.00,175,676475
20221121,11:02:00,42527.00,25,676475
20221121,11:02:03,42527.00,25,676475
20221121,11:02:11,42535.50,125,676475
20221121,11:02:12,42536.40,50,676475
20221121,11:02:14,42531.65,1050,676475
20221121,11:02:16,42531.20,225,676475
20221121,11:02:22,42531.20,25,676475
20221121,11:02:24,42537.15,25,676475
20221121,11:02:25,42542.40,50,676475
20221121,11:02:30,42542.40,25,676475
20221121,11:02:31,42543.60,75,676475
20221121,11:02:34,42540.05,100,676475
20221121,11:02:36,42542.55,75,676475
20221121,11:02:37,42544.20,100,676475
20221121,11:02:39,42544.50,100,676475
20221121,11:02:42,42543.10,125,676475
20221121,11:02:44,42535.00,225,676475
20221121,11:02:47,42540.05,250,676475
20221121,11:02:49,42540.05,50,679850
20221121,11:02:52,42542.90,25,679850
20221121,11:02:54,42543.10,75,679850
20221121,11:02:55,42542.45,25,679850
20221121,11:02:57,42542.45,25,679850
20221121,11:02:58,42543.30,50,679850
20221121,11:03:02,42544.95,100,679850
20221121,11:03:03,42544.40,150,679850
20221121,11:03:05,42540.10,75,679850
20221121,11:03:07,42540.05,150,679850
20221121,11:03:08,42544.40,75,679850
20221121,11:03:10,42544.40,75,679850
20221121,11:03:11,42544.20,75,679850
20221121,11:03:13,42540.10,50,679850
20221121,11:03:14,42540.30,25,679850
20221121,11:03:16,42542.05,50,679850
20221121,11:03:19,42544.50,50,679850
20221121,11:03:21,42544.95,25,679850
20221121,11:03:24,42544.95,50,679850
20221121,11:03:25,42545.00,25,679850
20221121,11:03:31,42546.75,75,679850
20221121,11:03:35,42542.10,175,679850
20221121,11:03:36,42545.95,50,679850
20221121,11:03:39,42546.85,100,679850
20221121,11:03:42,42546.85,175,679850
20221121,11:03:45,42547.00,25,679850
20221121,11:03:47,42547.00,25,679850
20221121,11:03:48,42547.75,25,679850
20221121,11:03:50,42549.00,100,679850
20221121,11:03:51,42549.00,25,679850
20221121,11:03:56,42550.00,25,679850
20221121,11:03:59,42555.00,175,679850
20221121,11:04:01,42555.00,50,679850
20221121,11:04:03,42550.10,100,679850
20221121,11:04:04,42546.00,500,679850
20221121,11:04:06,42546.00,25,679850
20221121,11:04:12,42549.00,75,679850
20221121,11:04:15,42542.75,200,679850
20221121,11:04:17,42542.75,25,679850
20221121,11:04:18,42549.75,175,679850
20221121,11:04:20,42549.00,25,679850
20221121,11:04:21,42549.05,150,679850
20221121,11:04:25,42549.00,150,679850
20221121,11:04:26,42547.80,150,679850
20221121,11:04:29,42542.75,25,679850
20221121,11:04:33,42545.05,75,679850
20221121,11:04:37,42544.00,25,679850
20221121,11:04:42,42544.00,25,679850
20221121,11:04:44,42544.00,100,679850
20221121,11:04:45,42544.00,50,679850
20221121,11:04:47,42549.75,75,679850
20221121,11:04:48,42549.75,25,679850
20221121,11:04:50,42550.00,25,679850
20221121,11:04:51,42550.00,150,679850
20221121,11:04:54,42550.65,200,679850
20221121,11:04:57,42550.55,75,679850
20221121,11:05:01,42551.15,75,679850
20221121,11:05:02,42546.40,25,679850
20221121,11:05:09,42552.35,175,679850
20221121,11:05:10,42552.35,25,679850
20221121,11:05:12,42551.70,200,679850
20221121,11:05:15,42552.75,100,679850
20221121,11:05:17,42552.75,25,679850
20221121,11:05:20,42548.75,50,679850
20221121,11:05:23,42552.75,25,679850
20221121,11:05:25,42554.70,25,679850
20221121,11:05:27,42551.75,75,679850
20221121,11:05:30,42555.00,100,679850
20221121,11:05:33,42555.40,25,679850
20221121,11:05:36,42559.00,50,679850
20221121,11:05:38,42559.00,25,679850
20221121,11:05:39,42555.00,300,679850
20221121,11:05:43,42556.90,200,679850
20221121,11:05:44,42555.00,300,679850
20221121,11:05:46,42555.00,350,679850
20221121,11:05:47,42555.00,25,679850
20221121,11:05:49,42556.35,100,685250
20221121,11:05:50,42556.60,25,685250
20221121,11:05:54,42550.00,1000,685250
20221121,11:05:55,42558.15,200,685250
20221121,11:05:58,42555.00,25,685250
20221121,11:06:00,42555.00,25,685250
20221121,11:06:01,42560.00,50,685250
20221121,11:06:03,42560.00,25,685250
20221121,11:06:05,42560.00,175,685250
20221121,11:06:06,42562.00,75,685250
20221121,11:06:08,42560.00,25,685250
20221121,11:06:10,42560.00,75,685250
20221121,11:06:11,42554.10,25,685250
20221121,11:06:13,42554.10,25,685250
20221121,11:06:14,42554.60,25,685250
20221121,11:06:17,42557.80,25,685250
20221121,11:06:23,42558.35,25,685250
20221121,11:06:29,42558.35,50,685250
20221121,11:06:32,42554.40,175,685250
20221121,11:06:37,42550.00,200,685250
20221121,11:06:39,42550.00,125,685250
20221121,11:06:40,42550.00,50,685250
20221121,11:06:42,42550.00,175,685250
20221121,11:06:55,42549.80,50,685250
20221121,11:06:56,42549.80,25,685250
20221121,11:07:03,42549.80,25,685250
20221121,11:07:11,42545.15,25,685250
20221121,11:07:18,42545.55,100,685250
20221121,11:07:23,42545.55,25,685250
20221121,11:07:25,42549.80,25,685250
20221121,11:07:26,42549.80,25,685250
20221121,11:07:32,42550.00,50,685250
20221121,11:07:37,42550.00,25,685250
20221121,11:07:40,42550.00,25,685250
20221121,11:07:49,42550.00,25,685250
20221121,11:07:52,42547.05,50,685250
20221121,11:07:57,42547.70,150,685250
20221121,11:08:03,42551.60,25,685250
20221121,11:08:08,42546.20,25,685250
20221121,11:08:09,42546.20,25,685250
20221121,11:08:12,42546.25,50,685250
20221121,11:08:14,42546.25,25,685250
20221121,11:08:15,42546.25,25,685250
20221121,11:08:17,42546.20,50,685250
20221121,11:08:18,42546.20,25,685250
20221121,11:08:29,42540.60,75,685250
20221121,11:08:31,42540.60,25,685250
20221121,11:08:33,42543.60,200,685250
20221121,11:08:34,42540.55,25,685250
20221121,11:08:36,42543.95,50,685250
20221121,11:08:37,42541.00,25,685250
20221121,11:08:43,42541.00,25,685250
20221121,11:08:45,42539.80,25,685250
20221121,11:08:48,42540.00,25,685250
20221121,11:08:52,42540.00,25,686625
20221121,11:08:56,42544.00,25,686625
20221121,11:09:00,42544.00,25,686625
20221121,11:09:02,42550.40,75,686625
20221121,11:09:05,42550.40,25,686625
20221121,11:09:10,42549.90,100,686625
20221121,11:09:12,42549.90,75,686625
20221121,11:09:13,42549.90,125,686625
20221121,11:09:31,42551.60,25,686625
20221121,11:09:34,42555.00,100,686625
20221121,11:09:36,42555.00,50,686625
20221121,11:09:43,42555.00,25,686625
20221121,11:09:46,42555.55,25,686625
20221121,11:09:51,42557.00,25,686625
20221121,11:09:54,42555.10,75,686625
20221121,11:09:55,42555.00,25,686625
20221121,11:09:58,42557.00,75,686625
20221121,11:10:02,42557.00,25,686625
20221121,11:10:03,42557.00,25,686625
20221121,11:10:05,42554.05,50,686625
20221121,11:10:12,42554.05,50,686625
20221121,11:10:13,42557.00,50,686625
20221121,11:10:16,42561.75,2025,686625
20221121,11:10:19,42561.75,25,686625
20221121,11:10:25,42561.75,25,686625
20221121,11:10:30,42557.00,50,686625
20221121,11:10:33,42561.75,50,686625
20221121,11:10:39,42558.45,25,686625
20221121,11:10:50,42557.10,100,686625
20221121,11:10:56,42556.10,25,686625
20221121,11:10:57,42556.10,75,686625
20221121,11:11:03,42556.10,25,686625
20221121,11:11:07,42556.10,50,686625
20221121,11:11:10,42560.00,25,686625
20221121,11:11:12,42560.00,25,686625
20221121,11:11:17,42561.00,100,686625
20221121,11:11:20,42563.95,25,686625
20221121,11:11:23,42563.95,25,686625
20221121,11:11:24,42565.00,50,686625
20221121,11:11:26,42566.00,75,686625
20221121,11:11:28,42567.15,100,686625
20221121,11:11:29,42570.00,225,686625
20221121,11:11:31,42570.70,400,686625
20221121,11:11:32,42575.70,75,686625
20221121,11:11:34,42566.35,175,686625
20221121,11:11:36,42566.35,25,686625
20221121,11:11:41,42570.70,50,686625
20221121,11:11:45,42570.70,25,686625
20221121,11:11:47,42570.70,150,686625
20221121,11:11:50,42570.70,50,689525
20221121,11:11:51,42567.00,25,689525
20221121,11:11:52,42567.75,75,689525
20221121,11:12:05,42573.55,75,689525
20221121,11:12:08,42574.20,25,689525
20221121,11:12:09,42571.85,25,689525
20221121,11:12:11,42571.45,100,689525
20221121,11:12:17,42562.25,150,689525
20221121,11:12:20,42566.05,25,689525
20221121,11:12:22,42562.85,25,689525
20221121,11:12:23,42562.80,75,689525
20221121,11:12:27,42562.80,75,689525
20221121,11:12:28,42562.80,25,689525
20221121,11:12:31,42562.80,25,689525
20221121,11:12:35,42557.65,125,689525
20221121,11:12:39,42559.60,75,689525
20221121,11:12:44,42560.00,75,689525
20221121,11:12:48,42554.10,25,689525
20221121,11:13:01,42557.00,25,689525
20221121,11:13:10,42557.00,50,689525
20221121,11:13:11,42557.00,25,689525
20221121,11:13:14,42557.00,25,689525
20221121,11:13:21,42554.00,50,689525
20221121,11:13:33,42553.65,25,689525
20221121,11:13:36,42553.65,25,689525
20221121,11:13:37,42550.15,25,689525
20221121,11:13:42,42550.15,25,689525
20221121,11:13:46,42553.75,25,689525
20221121,11:13:53,42552.00,25,689525
20221121,11:13:55,42552.00,25,689525
20221121,11:13:57,42552.00,25,689525
20221121,11:13:58,42555.75,25,689525
20221121,11:13:59,42558.75,50,689525
20221121,11:14:04,42558.75,25,689525
20221121,11:14:06,42556.00,75,689525
20221121,11:14:10,42553.15,25,689525
20221121,11:14:11,42550.90,125,689525
20221121,11:14:13,42551.10,25,689525
20221121,11:14:15,42550.00,200,689525
20221121,11:14:19,42550.00,25,689525
20221121,11:14:22,42550.00,25,689525
20221121,11:14:29,42550.00,25,689525
20221121,11:14:35,42550.00,100,689525
20221121,11:14:36,42550.05,25,689525
20221121,11:14:38,42550.00,75,689525
20221121,11:14:41,42550.05,25,689525
20221121,11:14:44,42550.05,25,689525
20221121,11:14:51,42550.05,100,690675
20221121,11:14:53,42550.05,50,690675
20221121,11:14:55,42553.00,25,690675
20221121,11:14:57,42553.45,25,690675
20221121,11:15:02,42557.70,25,690675
20221121,11:15:03,42554.00,25,690675
20221121,11:15:06,42552.00,25,690675
20221121,11:15:09,42552.00,50,690675
20221121,11:15:14,42550.10,25,690675
20221121,11:15:16,42550.05,225,690675
20221121,11:15:17,42550.00,25,690675
20221121,11:15:19,42552.55,75,690675
20221121,11:15:21,42550.05,50,690675
20221121,11:15:22,42550.05,25,690675
20221121,11:15:24,42550.05,25,690675
20221121,11:15:25,42550.05,25,690675
20221121,11:15:31,42550.00,125,690675
20221121,11:15:33,42545.10,25,690675
20221121,11:15:34,42550.30,125,690675
20221121,11:15:42,42547.00,50,690675
20221121,11:15:50,42547.00,25,690675
20221121,11:15:53,42540.70,25,690675
20221121,11:15:56,42540.70,25,690675
20221121,11:15:59,42547.65,25,690675
20221121,11:16:02,42547.65,25,690675
20221121,11:16:05,42547.65,25,690675
20221121,11:16:08,42541.45,75,690675
20221121,11:16:14,42542.20,100,690675
20221121,11:16:17,42542.20,25,690675
20221121,11:16:30,42542.20,25,690675
20221121,11:16:44,42542.20,25,690675
20221121,11:16:45,42542.20,25,690675
20221121,11:16:47,42546.00,25,690675
20221121,11:16:48,42546.00,25,690675
20221121,11:16:51,42546.00,25,690675
20221121,11:16:57,42553.05,100,690675
20221121,11:17:04,42545.25,75,690675
20221121,11:17:09,42554.00,600,690675
20221121,11:17:10,42554.00,25,690675
20221121,11:17:15,42554.00,25,690675
20221121,11:17:19,42546.15,25,690675
20221121,11:17:27,42546.15,25,690675
20221121,11:17:31,42546.15,25,690675
20221121,11:17:36,42546.15,25,690675
20221121,11:17:49,42546.15,25,690675
20221121,11:17:54,42545.00,25,692300
20221121,11:17:57,42549.75,25,692300
20221121,11:18:02,42547.00,50,692300
20221121,11:18:03,42547.00,25,692300
20221121,11:18:05,42547.00,100,692300
20221121,11:18:08,42547.00,25,692300
20221121,11:18:09,42547.00,25,692300
20221121,11:18:14,42547.00,25,692300
20221121,11:18:15,42547.00,50,692300
20221121,11:18:24,42547.00,25,692300
20221121,11:18:29,42547.00,25,692300
20221121,11:18:35,42547.00,25,692300
20221121,11:18:44,42547.00,25,692300
20221121,11:18:51,42547.00,25,692300
20221121,11:18:54,42550.00,100,692300
20221121,11:18:56,42550.00,50,692300
20221121,11:18:58,42552.75,50,692300
20221121,11:18:59,42549.90,25,692300
20221121,11:19:01,42549.90,25,692300
20221121,11:19:11,42549.95,75,692300
20221121,11:19:17,42549.95,25,692300
20221121,11:19:23,42549.95,50,692300
20221121,11:19:25,42550.40,50,692300
20221121,11:19:26,42550.40,25,692300
20221121,11:19:28,42550.35,100,692300
20221121,11:19:34,42550.35,25,692300
20221121,11:19:41,42555.00,50,692300
20221121,11:19:43,42556.00,25,692300
20221121,11:19:44,42556.00,50,692300
20221121,11:19:46,42563.70,475,692300
20221121,11:19:48,42558.00,25,692300
20221121,11:19:51,42558.00,25,692300
20221121,11:19:54,42560.10,25,692300
20221121,11:19:55,42560.00,25,692300
20221121,11:20:01,42560.00,75,692300
20221121,11:20:03,42562.65,125,692300
20221121,11:20:16,42562.65,25,692300
20221121,11:20:17,42562.65,25,692300
20221121,11:20:25,42562.65,25,692300
20221121,11:20:33,42571.75,25,692300
20221121,11:20:38,42571.75,25,692300
20221121,11:20:41,42571.75,25,692300
20221121,11:20:43,42571.75,25,692300
20221121,11:20:46,42572.00,25,692300
20221121,11:20:56,42572.00,25,692950
20221121,11:20:58,42572.00,25,692950
20221121,11:20:59,42570.20,25,692950
20221121,11:21:01,42572.80,275,692950
20221121,11:21:02,42572.40,50,692950
20221121,11:21:07,42572.40,25,692950
20221121,11:21:09,42572.00,50,692950
20221121,11:21:11,42572.40,75,692950
20221121,11:21:12,42572.45,275,692950
20221121,11:21:16,42575.00,25,692950
20221121,11:21:17,42575.00,100,692950
20221121,11:21:24,42575.00,25,692950
20221121,11:21:25,42569.90,275,692950
20221121,11:21:36,42573.95,75,692950
20221121,11:21:40,42573.95,25,692950
20221121,11:21:44,42574.80,25,692950
20221121,11:21:46,42572.65,375,692950
20221121,11:21:51,42569.90,50,692950
20221121,11:21:56,42569.85,25,692950
20221121,11:22:04,42569.85,25,692950
20221121,11:22:05,42562.95,200,692950
20221121,11:22:13,42567.00,125,692950
20221121,11:22:17,42566.80,25,692950
20221121,11:22:18,42563.80,25,692950
20221121,11:22:21,42563.80,75,692950
20221121,11:22:26,42566.45,425,692950
20221121,11:22:28,42569.85,25,692950
20221121,11:22:29,42567.25,125,692950
20221121,11:22:31,42567.25,25,692950
20221121,11:22:33,42562.45,25,692950
20221121,11:22:34,42562.45,25,692950
20221121,11:22:50,42560.10,550,692950
20221121,11:22:51,42563.85,100,692950
20221121,11:22:56,42563.85,100,692950
20221121,11:22:58,42563.85,50,692950
20221121,11:23:04,42560.30,50,692950
20221121,11:23:07,42560.90,25,692950
20221121,11:23:08,42559.05,250,692950
20221121,11:23:18,42559.05,25,692950
20221121,11:23:24,42559.05,25,692950
20221121,11:23:32,42558.60,100,692950
20221121,11:23:33,42558.60,50,692950
20221121,11:23:41,42550.00,325,692950
20221121,11:23:43,42553.50,75,692950
20221121,11:23:46,42553.50,25,692950
20221121,11:23:47,42550.30,300,692950
20221121,11:23:49,42550.05,25,692950
20221121,11:23:50,42550.05,25,692950
20221121,11:23:58,42551.55,50,696175
20221121,11:24:01,42556.85,275,696175
20221121,11:24:03,42557.20,375,696175
20221121,11:24:06,42553.60,125,696175
20221121,11:24:07,42553.15,25,696175
20221121,11:24:16,42553.15,25,696175
20221121,11:24:17,42559.75,25,696175
20221121,11:24:20,42553.60,25,696175
20221121,11:24:28,42553.60,25,696175
20221121,11:24:36,42566.00,75,696175
20221121,11:24:44,42565.75,125,696175
20221121,11:25:01,42563.25,200,696175
20221121,11:25:02,42564.35,75,696175
20221121,11:25:04,42563.75,100,696175
20221121,11:25:05,42564.40,25,696175
20221121,11:25:08,42564.75,225,696175
20221121,11:25:10,42570.00,75,696175
20221121,11:25:13,42571.75,50,696175
20221121,11:25:15,42570.00,25,696175
20221121,11:25:16,42570.00,25,696175
20221121,11:25:19,42571.55,25,696175
20221121,11:25:24,42567.00,75,696175
20221121,11:25:26,42567.00,25,696175
20221121,11:25:27,42564.90,100,696175
20221121,11:25:29,42565.05,25,696175
20221121,11:25:32,42570.50,25,696175
20221121,11:25:37,42570.00,425,696175
20221121,11:25:40,42570.00,25,696175
20221121,11:25:43,42563.80,25,696175
20221121,11:25:47,42568.00,50,696175
20221121,11:25:48,42568.00,25,696175
20221121,11:25:50,42568.00,25,696175
20221121,11:25:53,42568.00,75,696175
20221121,11:25:58,42568.00,50,696175
20221121,11:26:04,42568.00,25,696175
20221121,11:26:06,42565.40,50,696175
20221121,11:26:07,42565.35,125,696175
20221121,11:26:11,42565.35,25,696175
20221121,11:26:15,42570.00,50,696175
20221121,11:26:16,42562.95,175,696175
20221121,11:26:17,42563.00,25,696175
20221121,11:26:19,42564.20,250,696175
20221121,11:26:20,42570.00,200,696175
20221121,11:26:28,42570.00,100,696175
20221121,11:26:29,42570.00,25,696175
20221121,11:26:31,42570.00,25,696175
20221121,11:26:34,42570.00,25,696175
20221121,11:26:35,42570.00,25,696175
20221121,11:26:41,42562.95,425,696175
20221121,11:26:47,42568.75,25,696175
20221121,11:26:55,42568.75,75,698925
20221121,11:26:56,42562.95,50,698925
20221121,11:27:03,42562.00,25,698925
20221121,11:27:07,42558.95,100,698925
20221121,11:27:14,42556.15,50,698925
20221121,11:27:17,42556.15,25,698925
20221121,11:27:23,42556.15,25,698925
20221121,11:27:27,42556.15,25,698925
20221121,11:27:30,42563.55,75,698925
20221121,11:27:31,42561.75,25,698925
20221121,11:27:37,42561.75,25,698925
20221121,11:27:48,42561.75,25,698925
20221121,11:27:50,42561.75,25,698925
20221121,11:27:54,42561.75,25,698925
20221121,11:27:59,42561.75,25,698925
20221121,11:28:18,42561.75,75,698925
20221121,11:28:20,42561.75,25,698925
20221121,11:28:30,42562.75,25,698925
20221121,11:28:41,42562.75,25,698925
20221121,11:28:43,42562.75,25,698925
20221121,11:28:46,42558.65,25,698925
20221121,11:28:53,42559.40,75,698925
20221121,11:29:03,42559.40,25,698925
20221121,11:29:06,42557.75,50,698925
20221121,11:29:11,42557.75,25,698925
20221121,11:29:14,42557.85,75,698925
20221121,11:29:23,42557.85,75,698925
20221121,11:29:29,42557.85,25,698925
20221121,11:29:37,42557.85,100,698925
20221121,11:29:47,42557.85,25,698925
20221121,11:29:50,42559.50,150,698925
20221121,11:29:52,42558.65,75,698925
20221121,11:30:00,42561.60,400,694425
20221121,11:30:03,42568.00,75,694425
20221121,11:30:05,42568.00,25,694425
20221121,11:30:11,42568.00,100,694425
20221121,11:30:14,42568.00,25,694425
20221121,11:30:24,42568.00,25,694425
20221121,11:30:30,42568.00,75,694425
20221121,11:30:31,42568.00,25,694425
20221121,11:30:37,42565.85,25,694425
20221121,11:30:39,42565.85,25,694425
20221121,11:30:44,42565.85,25,694425
20221121,11:30:48,42565.85,25,694425
20221121,11:30:56,42565.85,25,694425
20221121,11:31:03,42567.05,150,694425
20221121,11:31:04,42567.05,175,694425
20221121,11:31:13,42566.65,175,694425
20221121,11:31:15,42567.00,25,694425
20221121,11:31:19,42567.00,100,694425
20221121,11:31:21,42565.00,25,694425
20221121,11:31:24,42561.25,50,694425
20221121,11:31:27,42561.70,150,694425
20221121,11:31:30,42567.05,100,694425
20221121,11:31:38,42566.80,100,694425
20221121,11:31:46,42561.00,100,694425
20221121,11:31:47,42561.05,75,694425
20221121,11:31:50,42561.05,25,694425
20221121,11:31:53,42563.75,125,694425
20221121,11:31:54,42563.80,75,694425
20221121,11:31:57,42555.90,50,694425
20221121,11:31:59,42555.45,50,694425
20221121,11:32:00,42555.85,50,694425
20221121,11:32:01,42555.10,25,694425
20221121,11:32:03,42563.50,25,694425
20221121,11:32:05,42564.60,375,694425
20221121,11:32:12,42564.60,25,694425
20221121,11:32:13,42554.35,25,694425
20221121,11:32:18,42554.35,25,694425
20221121,11:32:23,42551.55,25,694425
20221121,11:32:24,42551.25,25,694425
20221121,11:32:26,42550.70,25,694425
20221121,11:32:29,42551.95,100,694425
20221121,11:32:30,42557.35,175,694425
20221121,11:32:32,42552.30,275,694425
20221121,11:32:34,42555.40,50,694425
20221121,11:32:40,42555.40,25,694425
20221121,11:32:43,42555.40,25,694425
20221121,11:32:48,42560.00,125,694425
20221121,11:32:53,42560.00,25,696025
20221121,11:32:55,42560.00,100,696025
20221121,11:32:58,42554.35,25,696025
20221121,11:33:06,42554.35,125,696025
20221121,11:33:07,42550.70,75,696025
20221121,11:33:09,42550.70,50,696025
20221121,11:33:10,42550.70,25,696025
20221121,11:33:15,42550.70,25,696025
20221121,11:33:18,42545.50,175,696025
20221121,11:33:21,42548.00,200,696025
20221121,11:33:23,42548.00,175,696025
20221121,11:33:26,42549.85,50,696025
20221121,11:33:36,42549.85,25,696025
20221121,11:33:37,42549.85,25,696025
20221121,11:33:44,42546.35,50,696025
20221121,11:33:46,42546.80,50,696025
20221121,11:33:47,42552.45,100,696025
20221121,11:33:49,42545.05,25,696025
20221121,11:33:53,42545.00,175,696025
20221121,11:33:59,42545.95,25,696025
20221121,11:34:03,42545.95,75,696025
20221121,11:34:06,42545.95,25,696025
20221121,11:34:18,42545.95,25,696025
20221121,11:34:21,42545.15,25,696025
20221121,11:34:26,42546.95,25,696025
20221121,11:34:27,42547.50,25,696025
20221121,11:34:31,42547.50,25,696025
20221121,11:34:36,42550.70,125,696025
20221121,11:34:47,42552.65,25,696025
20221121,11:34:50,42552.65,25,696025
20221121,11:34:53,42550.90,25,696025
20221121,11:34:57,42550.90,25,696025
20221121,11:35:00,42550.90,75,696025
20221121,11:35:23,42555.00,75,696025
20221121,11:35:26,42555.00,25,696025
20221121,11:35:32,42551.10,25,696025
20221121,11:35:33,42551.10,25,696025
20221121,11:35:35,42549.30,100,696025
20221121,11:35:36,42549.30,25,696025
20221121,11:35:41,42548.30,25,696025
20221121,11:35:42,42548.30,25,696025
20221121,11:35:50,42548.30,25,696025
20221121,11:36:04,42548.30,50,696525
20221121,11:36:06,42550.00,100,696525
20221121,11:36:10,42545.00,25,696525
20221121,11:36:17,42545.00,75,696525
20221121,11:36:24,42545.00,325,696525
20221121,11:36:25,42545.00,25,696525
20221121,11:36:29,42545.00,125,696525
20221121,11:36:32,42537.30,25,696525
20221121,11:36:33,42537.30,25,696525
20221121,11:36:44,42537.30,50,696525
20221121,11:37:00,42537.30,25,696525
20221121,11:37:03,42537.30,125,696525
20221121,11:37:05,42537.30,50,696525
20221121,11:37:06,42537.30,25,696525
20221121,11:37:18,42535.75,100,696525
20221121,11:37:23,42535.75,50,696525
20221121,11:37:27,42536.55,200,696525
20221121,11:37:37,42536.55,25,696525
20221121,11:37:39,42542.60,75,696525
20221121,11:37:40,42536.00,300,696525
20221121,11:37:41,42536.45,175,696525
20221121,11:37:43,42536.45,25,696525
20221121,11:37:50,42536.45,25,696525
20221121,11:37:56,42535.00,75,696525
20221121,11:38:02,42531.00,550,696525
20221121,11:38:03,42530.00,50,696525
20221121,11:38:08,42537.80,25,696525
20221121,11:38:12,42532.00,50,696525
20221121,11:38:17,42532.00,50,696525
20221121,11:38:27,42532.00,25,696525
20221121,11:38:30,42532.00,25,696525
20221121,11:38:31,42532.00,25,696525
20221121,11:38:33,42532.95,250,696525
20221121,11:38:41,42532.95,200,696525
20221121,11:38:58,42532.95,25,698350
20221121,11:39:02,42533.60,25,698350
20221121,11:39:05,42536.00,25,698350
20221121,11:39:08,42536.00,25,698350
20221121,11:39:09,42536.00,25,698350
20221121,11:39:14,42536.00,25,698350
20221121,11:39:24,42536.00,75,698350
20221121,11:39:41,42537.05,50,698350
