20221121,09:15:00,42349.80,1,2328175
20221121,09:15:00,42419.95,1,2328175
20221121,09:15:00,42333.50,1,2328175
20221121,09:15:00,42407.85,700,2328175
20221121,09:15:01,42398.90,125,2328175
20221121,09:15:02,42367.00,2875,2328175
20221121,09:15:03,42370.40,1200,2328175
20221121,09:15:04,42372.70,1025,2328175
20221121,09:15:06,42374.50,725,2328175
20221121,09:15:07,42411.00,6225,2328175
20221121,09:15:09,42391.40,775,2328175
20221121,09:15:10,42376.15,2400,2328175
20221121,09:15:12,42376.10,1750,2328175
20221121,09:15:13,42375.05,650,2328175
20221121,09:15:14,42380.40,500,2328175
20221121,09:15:16,42375.00,1200,2328175
20221121,09:15:17,42370.15,650,2328175
20221121,09:15:19,42356.15,1425,2328175
20221121,09:15:20,42348.80,975,2328175
20221121,09:15:22,42342.00,750,2328175
20221121,09:15:23,42346.35,1100,2328175
20221121,09:15:25,42355.85,750,2328175
20221121,09:15:26,42350.00,725,2328175
20221121,09:15:27,42336.30,950,2328175
20221121,09:15:29,42333.35,1075,2328175
20221121,09:15:30,42327.55,1900,2328175
20221121,09:15:32,42322.35,1325,2328175
20221121,09:15:33,42334.40,900,2328175
20221121,09:15:35,42335.85,1300,2328175
20221121,09:15:36,42326.35,450,2328175
20221121,09:15:37,42342.85,1800,2328175
20221121,09:15:39,42343.10,875,2328175
20221121,09:15:40,42341.75,300,2328175
20221121,09:15:42,42341.40,375,2328175
20221121,09:15:43,42350.00,275,2328175
20221121,09:15:45,42351.60,450,2328175
20221121,09:15:46,42342.35,525,2328175
20221121,09:15:48,42346.00,375,2328175
20221121,09:15:49,42345.50,350,2328175
20221121,09:15:51,42343.85,575,2328175
20221121,09:15:52,42349.05,200,2328175
20221121,09:15:54,42358.65,575,2328175
20221121,09:15:55,42357.95,1050,2328175
20221121,09:15:56,42354.00,500,2328175
20221121,09:15:58,42351.25,150,2328175
20221121,09:15:59,42353.40,475,2328175
20221121,09:16:01,42358.65,400,2328175
20221121,09:16:02,42369.75,375,2328175
20221121,09:16:04,42372.70,250,2328175
20221121,09:16:05,42381.05,1125,2328175
20221121,09:16:07,42378.05,2400,2328175
20221121,09:16:08,42378.50,1375,2328175
20221121,09:16:10,42382.10,3600,2328175
20221121,09:16:11,42385.55,325,2328175
20221121,09:16:13,42389.30,375,2328175
20221121,09:16:14,42387.00,425,2328175
20221121,09:16:16,42398.90,725,2328175
20221121,09:16:17,42390.90,700,2328175
20221121,09:16:18,42380.75,375,2328175
20221121,09:16:20,42372.25,550,2328175
20221121,09:16:21,42384.15,550,2328175
20221121,09:16:23,42379.20,275,2328175
20221121,09:16:24,42363.20,475,2328175
20221121,09:16:26,42360.10,1000,2328175
20221121,09:16:27,42363.20,675,2328175
20221121,09:16:28,42369.90,250,2328175
20221121,09:16:30,42361.70,125,2328175
20221121,09:16:31,42368.90,175,2328175
20221121,09:16:32,42369.25,875,2328175
20221121,09:16:34,42371.35,375,2328175
20221121,09:16:35,42377.95,675,2328175
20221121,09:16:37,42379.95,625,2328175
20221121,09:16:38,42369.75,750,2328175
20221121,09:16:39,42367.45,725,2328175
20221121,09:16:41,42367.45,575,2328175
20221121,09:16:42,42374.95,425,2328175
20221121,09:16:44,42376.80,725,2328175
20221121,09:16:45,42374.95,250,2328175
20221121,09:16:46,42370.00,750,2328175
20221121,09:16:48,42367.05,550,2328175
20221121,09:16:49,42367.40,200,2328175
20221121,09:16:51,42369.90,400,2328175
20221121,09:16:52,42365.80,100,2328175
20221121,09:16:53,42354.90,3625,2328175
20221121,09:16:55,42356.55,500,2328175
20221121,09:16:56,42355.05,350,2328175
20221121,09:16:58,42355.95,600,2328175
20221121,09:16:59,42348.65,1125,2328175
20221121,09:17:01,42341.00,525,2328175
20221121,09:17:02,42335.55,3375,2328175
20221121,09:17:04,42345.00,600,2328175
20221121,09:17:05,42347.15,1000,2328175
20221121,09:17:07,42343.80,750,2328175
20221121,09:17:08,42352.60,450,2328175
20221121,09:17:10,42349.30,175,2328175
20221121,09:17:11,42348.80,350,2328175
20221121,09:17:12,42343.80,350,2328175
20221121,09:17:14,42346.30,425,2328175
20221121,09:17:15,42354.90,1475,2328175
20221121,09:17:17,42347.50,275,2328175
20221121,09:17:18,42346.15,350,2328175
20221121,09:17:20,42348.75,625,2328175
20221121,09:17:21,42348.75,250,2328175
20221121,09:17:23,42354.75,175,2328175
20221121,09:17:24,42350.05,325,2329350
20221121,09:17:26,42350.70,350,2329350
20221121,09:17:27,42346.25,125,2329350
20221121,09:17:28,42350.00,225,2329350
20221121,09:17:30,42341.60,200,2329350
20221121,09:17:31,42342.10,225,2329350
20221121,09:17:33,42349.10,375,2329350
20221121,09:17:34,42349.15,225,2329350
20221121,09:17:36,42347.55,200,2329350
20221121,09:17:37,42347.50,100,2329350
20221121,09:17:38,42350.50,200,2329350
20221121,09:17:40,42341.35,700,2329350
20221121,09:17:41,42340.30,150,2329350
20221121,09:17:43,42340.10,250,2329350
20221121,09:17:44,42347.45,275,2329350
20221121,09:17:46,42343.45,675,2329350
20221121,09:17:47,42337.95,2150,2329350
20221121,09:17:49,42337.70,325,2329350
20221121,09:17:50,42338.75,150,2329350
20221121,09:17:51,42332.25,25,2329350
20221121,09:17:53,42338.00,100,2329350
20221121,09:17:54,42338.00,875,2329350
20221121,09:17:56,42344.90,100,2329350
20221121,09:17:57,42338.75,675,2329350
20221121,09:17:59,42339.05,275,2329350
20221121,09:18:00,42338.00,225,2329350
20221121,09:18:01,42342.25,250,2329350
20221121,09:18:03,42342.05,650,2329350
20221121,09:18:04,42344.50,475,2329350
20221121,09:18:06,42346.70,700,2329350
20221121,09:18:07,42353.45,300,2329350
20221121,09:18:09,42362.45,300,2329350
20221121,09:18:10,42361.70,50,2329350
20221121,09:18:12,42360.00,75,2329350
20221121,09:18:14,42361.50,450,2329350
20221121,09:18:15,42361.55,200,2329350
20221121,09:18:17,42360.10,225,2329350
20221121,09:18:18,42359.45,2250,2329350
20221121,09:18:20,42355.85,275,2329350
20221121,09:18:22,42350.65,200,2329350
20221121,09:18:23,42350.15,200,2329350
20221121,09:18:25,42354.95,100,2329350
20221121,09:18:26,42352.95,100,2329350
20221121,09:18:28,42349.10,1250,2329350
20221121,09:18:30,42350.00,75,2329350
20221121,09:18:31,42345.35,1475,2329350
20221121,09:18:33,42350.60,25,2329350
20221121,09:18:34,42350.00,975,2329350
20221121,09:18:36,42343.30,175,2329350
20221121,09:18:37,42343.30,750,2329350
20221121,09:18:39,42349.75,1075,2329350
20221121,09:18:40,42349.90,100,2329350
20221121,09:18:42,42349.75,125,2329350
20221121,09:18:44,42349.00,225,2329350
20221121,09:18:45,42347.65,350,2329350
20221121,09:18:47,42346.00,225,2329350
20221121,09:18:48,42346.45,150,2329350
20221121,09:18:50,42348.65,625,2329350
20221121,09:18:52,42348.65,125,2329350
20221121,09:18:53,42342.55,25,2329350
20221121,09:18:55,42348.70,200,2329350
20221121,09:18:56,42350.00,125,2329350
20221121,09:18:58,42345.05,850,2329350
20221121,09:18:59,42342.00,425,2329350
20221121,09:19:01,42341.50,800,2329350
20221121,09:19:03,42337.90,700,2329350
20221121,09:19:04,42340.05,550,2329350
20221121,09:19:06,42350.10,2500,2329350
20221121,09:19:07,42352.45,50,2329350
20221121,09:19:09,42350.05,25,2329350
20221121,09:19:11,42350.05,50,2329350
20221121,09:19:12,42345.15,400,2329350
20221121,09:19:14,42346.85,175,2329350
20221121,09:19:16,42350.00,275,2329350
20221121,09:19:17,42350.00,25,2329350
20221121,09:19:20,42350.05,650,2329350
20221121,09:19:22,42345.10,125,2329350
20221121,09:19:24,42345.15,250,2329350
20221121,09:19:25,42351.95,25,2329350
20221121,09:19:27,42352.45,225,2329350
20221121,09:19:29,42354.95,600,2329350
20221121,09:19:30,42355.05,250,2329350
20221121,09:19:32,42358.95,25,2329350
20221121,09:19:35,42356.25,250,2329350
20221121,09:19:37,42359.95,25,2329350
20221121,09:19:39,42356.05,125,2329350
20221121,09:19:42,42356.50,100,2329350
20221121,09:19:43,42357.55,325,2329350
20221121,09:19:45,42366.55,375,2329350
20221121,09:19:47,42366.05,150,2329350
20221121,09:19:48,42358.60,1450,2329350
20221121,09:19:50,42358.50,375,2329350
20221121,09:19:52,42358.70,200,2329350
20221121,09:19:53,42351.10,475,2329350
20221121,09:19:55,42360.30,250,2329350
20221121,09:19:57,42355.40,75,2329350
20221121,09:19:58,42353.90,300,2329350
20221121,09:20:00,42354.00,500,2329350
20221121,09:20:02,42356.35,5825,2329350
20221121,09:20:03,42361.95,425,2329350
20221121,09:20:05,42359.40,325,2329350
20221121,09:20:07,42359.60,425,2329350
20221121,09:20:08,42358.90,100,2329350
20221121,09:20:10,42354.60,25,2329350
20221121,09:20:11,42360.90,475,2329350
20221121,09:20:13,42360.35,275,2329350
20221121,09:20:15,42357.10,200,2329350
20221121,09:20:16,42369.15,275,2329350
20221121,09:20:18,42369.25,325,2329350
20221121,09:20:20,42370.00,100,2329350
20221121,09:20:21,42373.80,200,2329350
20221121,09:20:23,42373.40,200,2333075
20221121,09:20:24,42373.75,150,2333075
20221121,09:20:28,42370.00,425,2333075
20221121,09:20:29,42365.05,325,2333075
20221121,09:20:31,42359.70,1150,2333075
20221121,09:20:32,42357.80,150,2333075
20221121,09:20:34,42360.90,325,2333075
20221121,09:20:36,42363.25,50,2333075
20221121,09:20:39,42367.95,125,2333075
20221121,09:20:41,42361.20,75,2333075
20221121,09:20:42,42362.05,775,2333075
20221121,09:20:44,42356.40,125,2333075
20221121,09:20:45,42362.45,100,2333075
20221121,09:20:47,42356.35,75,2333075
20221121,09:20:49,42366.25,200,2333075
20221121,09:20:50,42365.00,50,2333075
20221121,09:20:52,42363.85,225,2333075
20221121,09:20:53,42367.90,700,2333075
20221121,09:20:55,42363.85,125,2333075
20221121,09:20:56,42363.85,50,2333075
20221121,09:20:58,42366.75,25,2333075
20221121,09:21:00,42360.00,125,2333075
20221121,09:21:01,42360.00,200,2333075
20221121,09:21:03,42365.00,75,2333075
20221121,09:21:04,42360.00,50,2333075
20221121,09:21:06,42366.05,725,2333075
20221121,09:21:08,42365.00,450,2333075
20221121,09:21:09,42370.00,100,2333075
20221121,09:21:11,42365.55,975,2333075
20221121,09:21:16,42362.60,125,2333075
20221121,09:21:21,42363.90,375,2333075
20221121,09:21:22,42369.95,75,2333075
20221121,09:21:24,42366.75,50,2333075
20221121,09:21:25,42366.60,100,2333075
20221121,09:21:27,42363.10,175,2333075
20221121,09:21:29,42363.40,50,2333075
20221121,09:21:30,42360.00,25,2333075
20221121,09:21:32,42360.00,75,2333075
20221121,09:21:34,42360.35,75,2333075
20221121,09:21:35,42360.00,125,2333075
20221121,09:21:37,42360.75,1175,2333075
20221121,09:21:38,42357.00,125,2333075
20221121,09:21:40,42362.30,100,2333075
20221121,09:21:41,42361.70,25,2333075
20221121,09:21:43,42357.55,100,2333075
20221121,09:21:45,42367.85,500,2333075
20221121,09:21:46,42358.30,175,2333075
20221121,09:21:48,42358.55,75,2333075
20221121,09:21:50,42356.10,25,2333075
20221121,09:21:51,42354.15,175,2333075
20221121,09:21:53,42350.50,275,2333075
20221121,09:21:54,42350.00,450,2333075
20221121,09:21:56,42350.00,100,2333075
20221121,09:21:57,42351.55,225,2333075
20221121,09:21:59,42347.60,100,2333075
20221121,09:22:01,42350.10,125,2333075
20221121,09:22:02,42345.25,175,2333075
20221121,09:22:04,42340.05,225,2333075
20221121,09:22:05,42335.15,575,2333075
20221121,09:22:07,42331.20,1000,2333075
20221121,09:22:09,42338.25,200,2333075
20221121,09:22:10,42338.50,1000,2333075
20221121,09:22:12,42333.40,575,2333075
20221121,09:22:14,42329.90,525,2333075
20221121,09:22:15,42325.00,925,2333075
20221121,09:22:17,42324.15,500,2333075
20221121,09:22:18,42330.00,225,2333075
20221121,09:22:20,42325.00,325,2333075
20221121,09:22:22,42328.75,375,2333075
20221121,09:22:23,42320.10,1275,2333075
20221121,09:22:25,42320.05,275,2333075
20221121,09:22:27,42320.15,925,2333075
20221121,09:22:28,42320.50,575,2333075
20221121,09:22:30,42333.40,50,2333075
20221121,09:22:32,42330.00,250,2333075
20221121,09:22:33,42326.50,150,2333075
20221121,09:22:35,42325.95,425,2333075
20221121,09:22:37,42331.75,125,2333075
20221121,09:22:38,42321.35,250,2333075
20221121,09:22:40,42325.15,100,2333075
20221121,09:22:41,42319.00,3050,2333075
20221121,09:22:43,42324.75,2275,2333075
20221121,09:22:45,42316.75,500,2333075
20221121,09:22:46,42316.30,800,2333075
20221121,09:22:48,42321.15,300,2333075
20221121,09:22:50,42315.85,150,2333075
20221121,09:22:51,42315.85,175,2333075
20221121,09:22:53,42322.00,300,2333075
20221121,09:22:54,42322.00,1175,2333075
20221121,09:22:56,42315.00,275,2333075
20221121,09:22:58,42309.85,675,2333075
20221121,09:22:59,42321.35,1475,2333075
20221121,09:23:01,42311.15,375,2333075
20221121,09:23:03,42309.00,1100,2333075
20221121,09:23:04,42309.00,300,2333075
20221121,09:23:06,42311.35,1175,2333075
20221121,09:23:08,42311.00,150,2333075
20221121,09:23:09,42310.85,300,2333075
20221121,09:23:11,42316.00,375,2333075
20221121,09:23:12,42315.00,175,2333075
20221121,09:23:14,42315.00,175,2333075
20221121,09:23:16,42310.00,50,2333075
20221121,09:23:17,42310.00,175,2333075
20221121,09:23:19,42314.20,350,2333075
20221121,09:23:20,42315.00,75,2333075
20221121,09:23:22,42317.55,175,2333075
20221121,09:23:23,42316.80,175,2341625
20221121,09:23:25,42317.75,600,2341625
20221121,09:23:27,42315.10,575,2341625
20221121,09:23:28,42309.00,775,2341625
20221121,09:23:30,42306.00,375,2341625
20221121,09:23:31,42305.70,125,2341625
20221121,09:23:33,42305.00,350,2341625
20221121,09:23:35,42304.70,975,2341625
20221121,09:23:36,42304.50,250,2341625
20221121,09:23:38,42302.00,150,2341625
20221121,09:23:39,42306.75,400,2341625
20221121,09:23:41,42305.00,125,2341625
20221121,09:23:43,42301.80,425,2341625
20221121,09:23:44,42301.00,750,2341625
20221121,09:23:46,42301.00,175,2341625
20221121,09:23:48,42301.70,300,2341625
20221121,09:23:49,42306.75,75,2341625
20221121,09:23:51,42301.00,75,2341625
20221121,09:23:52,42301.00,275,2341625
20221121,09:23:54,42305.60,75,2341625
20221121,09:23:56,42304.55,150,2341625
20221121,09:23:57,42304.75,450,2341625
20221121,09:23:59,42301.00,350,2341625
20221121,09:24:00,42307.35,650,2341625
20221121,09:24:02,42310.00,300,2341625
20221121,09:24:04,42310.55,150,2341625
20221121,09:24:05,42310.70,475,2341625
20221121,09:24:07,42315.00,550,2341625
20221121,09:24:09,42307.65,25,2341625
20221121,09:24:10,42308.75,125,2341625
20221121,09:24:12,42314.95,525,2341625
20221121,09:24:13,42315.90,100,2341625
20221121,09:24:15,42317.55,550,2341625
20221121,09:24:17,42315.75,300,2341625
20221121,09:24:18,42306.70,275,2341625
20221121,09:24:20,42308.85,100,2341625
20221121,09:24:22,42308.55,75,2341625
20221121,09:24:23,42307.30,25,2341625
20221121,09:24:25,42308.85,275,2341625
20221121,09:24:26,42312.65,450,2341625
20221121,09:24:28,42312.65,125,2341625
20221121,09:24:30,42313.95,100,2341625
20221121,09:24:31,42312.65,150,2341625
20221121,09:24:33,42305.00,325,2341625
20221121,09:24:35,42305.00,125,2341625
20221121,09:24:36,42307.75,25,2341625
20221121,09:24:38,42307.75,175,2341625
20221121,09:24:39,42308.55,50,2341625
20221121,09:24:41,42308.40,325,2341625
20221121,09:24:43,42305.00,350,2341625
20221121,09:24:44,42304.50,225,2341625
20221121,09:24:46,42308.00,100,2341625
20221121,09:24:47,42309.40,150,2341625
20221121,09:24:49,42308.60,25,2341625
20221121,09:24:50,42305.00,275,2341625
20221121,09:24:52,42310.35,1175,2341625
20221121,09:24:53,42307.85,75,2341625
20221121,09:24:55,42307.75,175,2341625
20221121,09:24:57,42305.00,125,2341625
20221121,09:24:58,42301.00,1325,2341625
20221121,09:25:00,42301.00,1000,2341625
20221121,09:25:01,42300.00,2200,2341625
20221121,09:25:03,42296.10,2450,2341625
20221121,09:25:04,42289.55,5875,2341625
20221121,09:25:06,42300.00,1550,2341625
20221121,09:25:07,42292.55,1825,2341625
20221121,09:25:09,42298.05,300,2341625
20221121,09:25:10,42300.00,500,2341625
20221121,09:25:12,42305.00,300,2341625
20221121,09:25:13,42300.15,400,2341625
20221121,09:25:15,42307.70,1275,2341625
20221121,09:25:17,42307.45,200,2341625
20221121,09:25:18,42303.45,300,2341625
20221121,09:25:20,42294.50,175,2341625
20221121,09:25:21,42291.45,425,2341625
20221121,09:25:23,42292.85,600,2341625
20221121,09:25:24,42298.85,375,2341625
20221121,09:25:26,42294.20,75,2341625
20221121,09:25:27,42303.45,850,2341625
20221121,09:25:29,42301.50,100,2341625
20221121,09:25:31,42303.05,850,2341625
20221121,09:25:32,42306.35,525,2341625
20221121,09:25:34,42303.45,75,2341625
20221121,09:25:35,42300.05,375,2341625
20221121,09:25:37,42300.00,275,2341625
20221121,09:25:39,42301.95,175,2341625
20221121,09:25:40,42302.60,50,2341625
20221121,09:25:42,42300.00,350,2341625
20221121,09:25:44,42305.00,100,2341625
20221121,09:25:45,42306.00,450,2341625
20221121,09:25:47,42302.00,375,2341625
20221121,09:25:48,42307.45,250,2341625
20221121,09:25:50,42306.50,75,2341625
20221121,09:25:52,42305.95,375,2341625
20221121,09:25:53,42308.90,50,2341625
20221121,09:25:55,42302.90,100,2341625
20221121,09:25:56,42307.45,150,2341625
20221121,09:25:58,42300.70,125,2341625
20221121,09:25:59,42305.15,425,2341625
20221121,09:26:01,42297.75,475,2341625
20221121,09:26:02,42305.50,125,2341625
20221121,09:26:04,42305.50,50,2341625
20221121,09:26:05,42300.00,25,2341625
20221121,09:26:07,42301.05,25,2341625
20221121,09:26:08,42300.50,250,2341625
20221121,09:26:10,42296.05,375,2341625
20221121,09:26:12,42295.75,125,2341625
20221121,09:26:13,42307.00,325,2341625
20221121,09:26:15,42305.50,250,2341625
20221121,09:26:17,42304.55,125,2341625
20221121,09:26:18,42307.00,175,2341625
20221121,09:26:20,42310.00,300,2341625
20221121,09:26:21,42305.65,75,2341625
20221121,09:26:23,42313.90,225,2341625
20221121,09:26:24,42314.95,525,2342625
20221121,09:26:26,42312.95,100,2342625
20221121,09:26:27,42313.50,100,2342625
20221121,09:26:29,42305.60,225,2342625
20221121,09:26:31,42307.55,50,2342625
20221121,09:26:32,42305.55,75,2342625
20221121,09:26:34,42304.55,25,2342625
20221121,09:26:35,42303.55,175,2342625
20221121,09:26:37,42311.65,125,2342625
20221121,09:26:39,42312.15,50,2342625
20221121,09:26:40,42307.95,25,2342625
20221121,09:26:43,42310.00,125,2342625
20221121,09:26:45,42305.90,100,2342625
20221121,09:26:48,42314.95,450,2342625
20221121,09:26:49,42315.00,25,2342625
20221121,09:26:51,42310.00,25,2342625
20221121,09:26:53,42309.00,125,2342625
20221121,09:26:54,42312.15,100,2342625
20221121,09:26:56,42310.15,25,2342625
20221121,09:26:57,42315.00,50,2342625
20221121,09:26:59,42310.00,150,2342625
20221121,09:27:00,42309.60,300,2342625
20221121,09:27:02,42311.55,175,2342625
20221121,09:27:04,42318.75,225,2342625
20221121,09:27:05,42320.00,275,2342625
20221121,09:27:07,42316.30,200,2342625
20221121,09:27:08,42316.35,50,2342625
20221121,09:27:10,42316.55,75,2342625
20221121,09:27:13,42314.10,200,2342625
20221121,09:27:15,42312.70,150,2342625
20221121,09:27:17,42312.30,725,2342625
20221121,09:27:18,42311.35,50,2342625
20221121,09:27:20,42312.80,550,2342625
20221121,09:27:22,42310.00,175,2342625
20221121,09:27:25,42305.90,350,2342625
20221121,09:27:26,42306.35,125,2342625
20221121,09:27:28,42305.55,325,2342625
20221121,09:27:30,42308.10,125,2342625
20221121,09:27:31,42305.20,275,2342625
20221121,09:27:33,42308.05,150,2342625
20221121,09:27:34,42307.95,25,2342625
20221121,09:27:36,42305.00,75,2342625
20221121,09:27:39,42307.50,225,2342625
20221121,09:27:41,42307.45,25,2342625
20221121,09:27:42,42305.20,125,2342625
20221121,09:27:44,42308.00,50,2342625
20221121,09:27:47,42309.45,75,2342625
20221121,09:27:49,42308.05,25,2342625
20221121,09:27:50,42310.00,175,2342625
20221121,09:27:52,42310.00,25,2342625
20221121,09:27:53,42310.00,25,2342625
20221121,09:27:55,42310.00,50,2342625
20221121,09:27:56,42309.30,1675,2342625
20221121,09:27:58,42311.35,825,2342625
20221121,09:28:01,42311.45,75,2342625
20221121,09:28:03,42313.65,300,2342625
20221121,09:28:04,42313.65,75,2342625
20221121,09:28:06,42310.00,275,2342625
20221121,09:28:08,42308.95,100,2342625
20221121,09:28:09,42310.20,150,2342625
20221121,09:28:11,42308.00,75,2342625
20221121,09:28:12,42309.95,175,2342625
20221121,09:28:14,42305.95,300,2342625
20221121,09:28:16,42300.05,750,2342625
20221121,09:28:17,42303.55,650,2342625
20221121,09:28:19,42300.00,500,2342625
20221121,09:28:21,42302.70,50,2342625
20221121,09:28:22,42303.00,50,2342625
20221121,09:28:24,42305.00,125,2342625
20221121,09:28:25,42301.85,750,2342625
20221121,09:28:27,42307.25,150,2342625
20221121,09:28:29,42303.55,200,2342625
20221121,09:28:32,42304.95,175,2342625
20221121,09:28:33,42302.05,25,2342625
20221121,09:28:35,42302.00,75,2342625
20221121,09:28:37,42305.00,425,2342625
20221121,09:28:38,42307.50,125,2342625
20221121,09:28:40,42306.65,175,2342625
20221121,09:28:41,42301.10,150,2342625
20221121,09:28:43,42308.20,150,2342625
20221121,09:28:45,42301.00,100,2342625
20221121,09:28:46,42306.65,225,2342625
20221121,09:28:48,42309.20,75,2342625
20221121,09:28:51,42310.00,125,2342625
20221121,09:28:53,42305.70,25,2342625
20221121,09:28:54,42305.00,175,2342625
20221121,09:28:56,42309.15,25,2342625
20221121,09:28:59,42307.55,275,2342625
20221121,09:29:00,42302.60,625,2342625
20221121,09:29:02,42302.65,225,2342625
20221121,09:29:03,42306.35,950,2342625
20221121,09:29:05,42301.05,225,2342625
20221121,09:29:06,42304.10,2650,2342625
20221121,09:29:08,42302.05,75,2342625
20221121,09:29:09,42306.60,125,2342625
20221121,09:29:11,42306.60,25,2342625
20221121,09:29:13,42299.70,325,2342625
20221121,09:29:14,42297.55,125,2342625
20221121,09:29:16,42296.05,700,2342625
20221121,09:29:17,42296.75,100,2342625
20221121,09:29:19,42296.80,675,2342625
20221121,09:29:20,42294.65,1250,2342625
20221121,09:29:22,42295.75,350,2342625
20221121,09:29:24,42292.80,500,2342625
20221121,09:29:25,42296.80,750,2343000
20221121,09:29:27,42294.65,325,2343000
20221121,09:29:28,42294.90,400,2343000
20221121,09:29:30,42296.20,800,2343000
20221121,09:29:32,42299.40,25,2343000
20221121,09:29:33,42297.25,475,2343000
20221121,09:29:35,42301.50,275,2343000
20221121,09:29:36,42304.75,150,2343000
20221121,09:29:38,42302.40,300,2343000
20221121,09:29:40,42301.80,450,2343000
20221121,09:29:41,42304.80,400,2343000
20221121,09:29:43,42302.35,225,2343000
20221121,09:29:46,42301.55,700,2343000
20221121,09:29:48,42303.70,50,2343000
20221121,09:29:49,42303.70,25,2343000
20221121,09:29:51,42302.30,100,2343000
20221121,09:29:52,42297.50,600,2343000
20221121,09:29:54,42302.70,275,2343000
20221121,09:29:56,42299.90,75,2343000
20221121,09:29:57,42295.25,325,2343000
20221121,09:29:59,42301.55,175,2343000
20221121,09:30:01,42303.80,500,2343000
20221121,09:30:02,42304.90,675,2343000
20221121,09:30:04,42307.25,1825,2343000
20221121,09:30:05,42300.45,1600,2343000
20221121,09:30:07,42298.55,1000,2343000
20221121,09:30:09,42298.25,100,2343000
20221121,09:30:10,42296.65,925,2343000
20221121,09:30:12,42300.00,525,2343000
20221121,09:30:13,42300.00,800,2343000
20221121,09:30:15,42306.40,975,2343000
20221121,09:30:17,42298.70,225,2343000
20221121,09:30:18,42295.15,75,2343000
20221121,09:30:20,42295.00,225,2343000
20221121,09:30:22,42291.85,550,2343000
20221121,09:30:23,42290.00,225,2343000
20221121,09:30:25,42290.00,100,2343000
20221121,09:30:27,42290.00,275,2343000
20221121,09:30:28,42284.00,3675,2343000
20221121,09:30:30,42282.00,250,2343000
20221121,09:30:32,42281.45,700,2343000
20221121,09:30:34,42281.30,475,2343000
20221121,09:30:35,42280.60,1750,2343000
20221121,09:30:37,42280.10,400,2343000
20221121,09:30:38,42283.00,150,2343000
20221121,09:30:40,42286.25,1375,2343000
20221121,09:30:42,42282.05,150,2343000
20221121,09:30:43,42287.65,750,2343000
20221121,09:30:45,42287.45,750,2343000
20221121,09:30:47,42288.15,1150,2343000
20221121,09:30:48,42290.00,300,2343000
20221121,09:30:50,42288.10,25,2343000
20221121,09:30:52,42286.45,275,2343000
20221121,09:30:53,42290.00,1000,2343000
20221121,09:30:55,42290.00,500,2343000
20221121,09:30:56,42286.40,400,2343000
20221121,09:30:58,42286.35,50,2343000
20221121,09:31:00,42289.10,325,2343000
20221121,09:31:01,42289.40,175,2343000
20221121,09:31:03,42285.10,275,2343000
20221121,09:31:05,42287.05,500,2343000
20221121,09:31:06,42290.00,500,2343000
20221121,09:31:08,42286.85,200,2343000
20221121,09:31:09,42285.50,150,2343000
20221121,09:31:11,42288.45,650,2343000
20221121,09:31:13,42290.60,500,2343000
20221121,09:31:14,42290.25,325,2343000
20221121,09:31:16,42290.30,125,2343000
20221121,09:31:18,42293.20,350,2343000
20221121,09:31:19,42296.35,50,2343000
20221121,09:31:21,42291.55,50,2343000
20221121,09:31:22,42291.30,75,2343000
20221121,09:31:24,42292.35,125,2343000
20221121,09:31:26,42291.75,475,2343000
20221121,09:31:27,42295.00,350,2343000
20221121,09:31:29,42295.00,50,2343000
20221121,09:31:30,42295.00,50,2343000
20221121,09:31:32,42291.05,25,2343000
20221121,09:31:34,42283.85,1475,2343000
20221121,09:31:35,42288.00,175,2343000
20221121,09:31:37,42295.00,100,2343000
20221121,09:31:39,42291.25,250,2343000
20221121,09:31:42,42295.00,50,2343000
20221121,09:31:43,42293.90,75,2343000
20221121,09:31:45,42293.90,450,2343000
20221121,09:31:47,42293.90,125,2343000
20221121,09:31:48,42295.00,875,2343000
20221121,09:31:50,42295.00,300,2343000
20221121,09:31:51,42295.50,1000,2343000
20221121,09:31:53,42299.00,550,2343000
20221121,09:31:54,42298.40,225,2343000
20221121,09:31:56,42297.10,125,2343000
20221121,09:31:58,42292.25,575,2343000
20221121,09:31:59,42292.05,300,2343000
20221121,09:32:01,42295.85,125,2343000
20221121,09:32:03,42296.00,300,2343000
20221121,09:32:04,42297.10,200,2343000
20221121,09:32:06,42292.80,125,2343000
20221121,09:32:07,42293.15,150,2343000
20221121,09:32:09,42289.55,400,2343000
20221121,09:32:11,42294.60,25,2343000
20221121,09:32:12,42291.55,125,2343000
20221121,09:32:14,42293.85,75,2343000
20221121,09:32:15,42294.00,375,2343000
20221121,09:32:17,42294.50,75,2343000
20221121,09:32:18,42291.05,100,2343000
20221121,09:32:20,42294.95,100,2343000
20221121,09:32:22,42290.00,25,2343000
20221121,09:32:23,42294.95,100,2343000
20221121,09:32:25,42291.90,50,2343000
20221121,09:32:28,42291.95,50,2337500
20221121,09:32:29,42291.80,250,2337500
20221121,09:32:31,42294.95,200,2337500
20221121,09:32:32,42294.10,75,2337500
20221121,09:32:36,42293.30,50,2337500
20221121,09:32:37,42295.00,250,2337500
20221121,09:32:39,42295.00,200,2337500
20221121,09:32:41,42294.05,225,2337500
20221121,09:32:42,42295.00,100,2337500
20221121,09:32:45,42295.00,50,2337500
20221121,09:32:47,42292.20,125,2337500
20221121,09:32:48,42295.00,50,2337500
20221121,09:32:50,42300.00,1925,2337500
20221121,09:32:51,42295.30,100,2337500
20221121,09:32:53,42300.00,100,2337500
20221121,09:32:55,42293.15,225,2337500
20221121,09:32:56,42295.00,125,2337500
20221121,09:32:58,42295.00,100,2337500
20221121,09:32:59,42299.25,125,2337500
20221121,09:33:01,42295.30,50,2337500
20221121,09:33:04,42294.40,200,2337500
20221121,09:33:05,42300.00,50,2337500
20221121,09:33:07,42299.15,375,2337500
20221121,09:33:08,42300.00,75,2337500
20221121,09:33:10,42300.00,50,2337500
20221121,09:33:11,42299.75,525,2337500
20221121,09:33:13,42300.00,75,2337500
20221121,09:33:14,42300.00,50,2337500
20221121,09:33:16,42295.30,100,2337500
20221121,09:33:17,42299.75,125,2337500
20221121,09:33:19,42305.00,3400,2337500
20221121,09:33:21,42301.50,75,2337500
20221121,09:33:22,42305.00,50,2337500
20221121,09:33:24,42305.00,100,2337500
20221121,09:33:25,42305.00,125,2337500
20221121,09:33:27,42307.00,75,2337500
20221121,09:33:29,42304.10,175,2337500
20221121,09:33:30,42295.00,550,2337500
20221121,09:33:32,42295.00,175,2337500
20221121,09:33:34,42303.00,50,2337500
20221121,09:33:37,42305.00,50,2337500
20221121,09:33:39,42305.00,100,2337500
20221121,09:33:40,42305.00,1150,2337500
20221121,09:33:42,42304.10,25,2337500
20221121,09:33:43,42300.00,25,2337500
20221121,09:33:45,42305.00,125,2337500
20221121,09:33:47,42303.00,75,2337500
20221121,09:33:48,42301.00,325,2337500
20221121,09:33:50,42305.00,125,2337500
20221121,09:33:51,42305.00,50,2337500
20221121,09:33:55,42305.00,100,2337500
20221121,09:33:56,42305.00,300,2337500
20221121,09:33:58,42303.00,300,2337500
20221121,09:33:59,42303.30,200,2337500
20221121,09:34:01,42303.45,175,2337500
20221121,09:34:02,42301.95,450,2337500
20221121,09:34:04,42301.95,200,2337500
20221121,09:34:05,42305.00,175,2337500
20221121,09:34:08,42297.80,100,2337500
20221121,09:34:10,42304.30,475,2337500
20221121,09:34:12,42298.05,150,2337500
20221121,09:34:13,42298.85,250,2337500
20221121,09:34:16,42305.00,500,2337500
20221121,09:34:18,42310.00,675,2337500
20221121,09:34:20,42310.00,125,2337500
20221121,09:34:21,42312.95,175,2337500
20221121,09:34:23,42312.00,25,2337500
20221121,09:34:24,42312.90,75,2337500
20221121,09:34:26,42315.95,125,2337500
20221121,09:34:27,42310.65,300,2337500
20221121,09:34:29,42310.75,300,2337500
20221121,09:34:30,42311.75,175,2337500
20221121,09:34:33,42317.00,25,2337500
20221121,09:34:35,42317.00,50,2337500
20221121,09:34:36,42319.00,1450,2337500
20221121,09:34:38,42317.00,50,2337500
20221121,09:34:39,42316.40,175,2337500
20221121,09:34:41,42316.40,225,2337500
20221121,09:34:42,42316.40,200,2337500
20221121,09:34:44,42317.90,375,2337500
20221121,09:34:45,42315.40,50,2337500
20221121,09:34:47,42314.40,175,2337500
20221121,09:34:48,42314.30,125,2337500
20221121,09:34:50,42316.25,100,2337500
20221121,09:34:51,42315.85,175,2337500
20221121,09:34:53,42317.95,375,2337500
20221121,09:34:54,42318.05,150,2337500
20221121,09:34:55,42315.90,25,2337500
20221121,09:34:57,42311.55,25,2337500
20221121,09:35:00,42315.90,100,2337500
20221121,09:35:01,42317.55,125,2337500
20221121,09:35:03,42317.50,300,2337500
20221121,09:35:04,42318.00,225,2337500
20221121,09:35:06,42320.00,575,2337500
20221121,09:35:08,42320.00,275,2337500
20221121,09:35:09,42317.55,125,2337500
20221121,09:35:11,42320.00,1250,2337500
20221121,09:35:12,42320.00,450,2337500
20221121,09:35:14,42324.00,1675,2337500
20221121,09:35:16,42329.00,375,2337500
20221121,09:35:17,42329.90,375,2337500
20221121,09:35:19,42327.05,1025,2337500
20221121,09:35:20,42331.40,175,2337500
20221121,09:35:22,42324.00,125,2337500
20221121,09:35:24,42321.20,1900,2337500
20221121,09:35:25,42320.00,250,2337500
20221121,09:35:27,42318.55,300,2335275
20221121,09:35:29,42319.45,350,2335275
20221121,09:35:30,42317.15,125,2335275
20221121,09:35:32,42311.10,75,2335275
20221121,09:35:35,42316.60,275,2335275
20221121,09:35:36,42313.25,75,2335275
20221121,09:35:38,42311.60,100,2335275
20221121,09:35:39,42313.25,75,2335275
20221121,09:35:41,42313.20,50,2335275
20221121,09:35:42,42312.95,1550,2335275
20221121,09:35:45,42310.10,25,2335275
20221121,09:35:47,42315.65,75,2335275
20221121,09:35:50,42315.65,25,2335275
20221121,09:35:51,42318.55,175,2335275
20221121,09:35:53,42317.05,25,2335275
20221121,09:35:54,42319.00,50,2335275
20221121,09:35:56,42320.00,175,2335275
20221121,09:35:58,42320.00,100,2335275
20221121,09:35:59,42323.70,350,2335275
20221121,09:36:01,42318.30,100,2335275
20221121,09:36:02,42324.80,125,2335275
20221121,09:36:04,42320.05,50,2335275
20221121,09:36:05,42324.75,75,2335275
20221121,09:36:07,42324.05,100,2335275
20221121,09:36:08,42320.70,25,2335275
20221121,09:36:10,42320.15,25,2335275
20221121,09:36:11,42320.05,50,2335275
20221121,09:36:13,42320.00,25,2335275
20221121,09:36:14,42320.00,75,2335275
20221121,09:36:17,42320.00,25,2335275
20221121,09:36:18,42316.95,25,2335275
20221121,09:36:20,42320.00,50,2335275
20221121,09:36:21,42320.00,175,2335275
20221121,09:36:23,42320.00,325,2335275
20221121,09:36:24,42320.80,50,2335275
20221121,09:36:26,42320.00,75,2335275
20221121,09:36:27,42318.15,100,2335275
20221121,09:36:28,42320.00,25,2335275
20221121,09:36:30,42318.00,25,2335275
20221121,09:36:31,42314.10,200,2335275
20221121,09:36:33,42319.45,25,2335275
20221121,09:36:37,42320.00,275,2335275
20221121,09:36:38,42318.00,50,2335275
20221121,09:36:40,42316.65,50,2335275
20221121,09:36:41,42316.65,125,2335275
20221121,09:36:44,42316.65,25,2335275
20221121,09:36:45,42316.65,25,2335275
20221121,09:36:47,42310.00,125,2335275
20221121,09:36:48,42313.45,150,2335275
20221121,09:36:51,42308.00,450,2335275
20221121,09:36:53,42310.50,575,2335275
20221121,09:36:54,42308.90,450,2335275
20221121,09:36:55,42308.85,125,2335275
20221121,09:36:57,42304.85,575,2335275
20221121,09:36:59,42304.35,1025,2335275
20221121,09:37:00,42300.00,600,2335275
20221121,09:37:02,42296.20,75,2335275
20221121,09:37:03,42300.00,1125,2335275
20221121,09:37:04,42301.45,50,2335275
20221121,09:37:06,42294.50,300,2335275
20221121,09:37:07,42294.00,225,2335275
20221121,09:37:09,42290.00,1525,2335275
20221121,09:37:11,42290.00,25,2335275
20221121,09:37:12,42285.00,500,2335275
20221121,09:37:14,42288.50,275,2335275
20221121,09:37:16,42290.00,50,2335275
20221121,09:37:17,42293.65,200,2335275
20221121,09:37:19,42291.00,225,2335275
20221121,09:37:20,42293.40,125,2335275
20221121,09:37:23,42292.05,50,2335275
20221121,09:37:25,42292.35,75,2335275
20221121,09:37:26,42299.00,75,2335275
20221121,09:37:28,42300.00,175,2335275
20221121,09:37:30,42297.15,175,2335275
20221121,09:37:34,42297.15,25,2335275
20221121,09:37:35,42298.40,125,2335275
20221121,09:37:37,42292.05,75,2335275
20221121,09:37:40,42292.05,75,2335275
20221121,09:37:41,42300.00,75,2335275
20221121,09:37:43,42300.70,100,2335275
20221121,09:37:44,42303.60,25,2335275
20221121,09:37:46,42303.60,75,2335275
20221121,09:37:47,42303.05,150,2335275
20221121,09:37:50,42301.90,225,2335275
20221121,09:37:52,42302.55,225,2335275
20221121,09:37:53,42302.60,50,2335275
20221121,09:37:58,42302.60,25,2335275
20221121,09:37:59,42302.60,50,2335275
20221121,09:38:01,42297.30,300,2335275
20221121,09:38:02,42298.65,75,2335275
20221121,09:38:04,42302.55,25,2335275
20221121,09:38:05,42299.25,75,2335275
20221121,09:38:07,42292.00,125,2335275
20221121,09:38:08,42292.15,75,2335275
20221121,09:38:10,42295.30,50,2335275
20221121,09:38:12,42296.60,50,2335275
20221121,09:38:13,42293.85,50,2335275
20221121,09:38:18,42291.65,75,2335275
20221121,09:38:19,42295.50,175,2335275
20221121,09:38:21,42304.15,450,2335275
20221121,09:38:24,42292.05,50,2335275
20221121,09:38:26,42290.05,150,2335275
20221121,09:38:27,42290.05,125,2335275
20221121,09:38:29,42289.05,300,2335275
20221121,09:38:30,42292.50,100,2335275
20221121,09:38:32,42297.00,100,2335275
20221121,09:38:33,42297.00,250,2335275
20221121,09:38:35,42292.35,75,2335275
20221121,09:38:36,42299.85,25,2335275
20221121,09:38:38,42299.85,100,2335275
20221121,09:38:40,42293.40,75,2335275
20221121,09:38:41,42295.00,50,2335275
20221121,09:38:43,42300.00,75,2335275
20221121,09:38:44,42296.20,50,2335275
20221121,09:38:46,42305.00,225,2335275
20221121,09:38:47,42308.00,100,2335275
20221121,09:38:49,42300.85,25,2335275
20221121,09:38:52,42301.10,75,2335275
20221121,09:38:54,42303.70,350,2335275
20221121,09:38:55,42298.40,75,2335275
20221121,09:38:58,42300.00,150,2335275
20221121,09:39:00,42296.20,25,2335275
20221121,09:39:01,42296.10,250,2335275
20221121,09:39:03,42291.85,75,2335275
20221121,09:39:05,42291.80,125,2335275
20221121,09:39:06,42290.30,450,2335275
20221121,09:39:08,42297.10,300,2335275
20221121,09:39:09,42290.00,325,2335275
20221121,09:39:11,42288.80,175,2335275
20221121,09:39:12,42290.60,225,2335275
20221121,09:39:14,42296.00,150,2335275
20221121,09:39:16,42291.60,850,2335275
20221121,09:39:17,42292.10,75,2335275
20221121,09:39:20,42291.05,150,2335275
20221121,09:39:22,42297.85,150,2335275
20221121,09:39:23,42293.60,275,2335275
20221121,09:39:25,42300.45,250,2335275
20221121,09:39:30,42294.75,25,2335275
20221121,09:39:31,42296.20,75,2335275
20221121,09:39:33,42292.10,25,2335275
20221121,09:39:35,42286.00,225,2335275
20221121,09:39:38,42289.40,50,2335275
20221121,09:39:39,42288.30,225,2335275
20221121,09:39:41,42289.40,200,2335275
20221121,09:39:42,42295.00,50,2335275
20221121,09:39:44,42295.00,25,2335275
20221121,09:39:45,42290.75,1025,2335275
20221121,09:39:47,42293.90,75,2335275
20221121,09:39:49,42286.30,75,2335275
20221121,09:39:52,42289.65,50,2335275
20221121,09:39:53,42286.05,75,2335275
20221121,09:39:55,42286.05,125,2335275
20221121,09:39:56,42285.00,625,2335275
20221121,09:39:58,42284.95,250,2335275
20221121,09:39:59,42281.75,300,2335275
20221121,09:40:01,42283.35,300,2335275
20221121,09:40:03,42273.90,4375,2335275
20221121,09:40:04,42275.05,200,2335275
20221121,09:40:06,42264.60,4275,2335275
20221121,09:40:08,42273.95,975,2335275
20221121,09:40:09,42270.30,425,2335275
20221121,09:40:11,42268.90,450,2335275
20221121,09:40:13,42267.75,1100,2335275
20221121,09:40:14,42265.50,575,2335275
20221121,09:40:16,42264.10,225,2335275
20221121,09:40:18,42257.65,9850,2335275
20221121,09:40:19,42265.00,1450,2335275
20221121,09:40:21,42265.70,1650,2335275
20221121,09:40:23,42266.35,375,2335275
20221121,09:40:24,42265.90,625,2335275
20221121,09:40:26,42263.25,1425,2335275
20221121,09:40:27,42265.65,525,2335275
20221121,09:40:29,42263.40,675,2335275
20221121,09:40:31,42262.55,1425,2335275
20221121,09:40:32,42264.20,775,2335275
20221121,09:40:34,42264.05,100,2335275
20221121,09:40:36,42270.55,50,2335275
20221121,09:40:37,42267.80,50,2335275
20221121,09:40:39,42267.65,425,2335275
20221121,09:40:41,42273.95,175,2335275
20221121,09:40:42,42274.95,300,2335275
20221121,09:40:44,42273.45,75,2335275
20221121,09:40:45,42265.45,125,2335275
20221121,09:40:47,42265.05,75,2335275
20221121,09:40:48,42269.15,450,2335275
20221121,09:40:50,42269.20,500,2335275
20221121,09:40:52,42269.10,125,2335275
20221121,09:40:53,42275.00,375,2335275
20221121,09:40:55,42271.00,150,2335275
20221121,09:40:56,42269.60,225,2335275
20221121,09:40:58,42267.55,150,2335275
20221121,09:41:00,42272.00,200,2335275
20221121,09:41:01,42269.00,700,2335275
20221121,09:41:03,42266.00,475,2335275
20221121,09:41:05,42268.50,475,2335275
20221121,09:41:06,42265.00,150,2335275
20221121,09:41:08,42265.05,1375,2335275
20221121,09:41:09,42264.30,575,2335275
20221121,09:41:11,42262.65,1150,2335275
20221121,09:41:12,42265.95,300,2335275
20221121,09:41:14,42264.55,2450,2335275
20221121,09:41:15,42268.50,500,2335275
20221121,09:41:17,42265.40,125,2335275
20221121,09:41:18,42263.60,175,2335275
20221121,09:41:21,42270.00,750,2335275
20221121,09:41:22,42273.70,350,2335275
20221121,09:41:24,42273.55,100,2335275
20221121,09:41:25,42273.10,125,2335275
20221121,09:41:27,42266.55,75,2318650
20221121,09:41:29,42269.20,1225,2318650
20221121,09:41:32,42264.55,25,2318650
20221121,09:41:34,42270.00,50,2318650
20221121,09:41:35,42269.05,125,2318650
20221121,09:41:37,42272.00,475,2318650
20221121,09:41:38,42274.00,50,2318650
20221121,09:41:39,42270.00,50,2318650
20221121,09:41:41,42270.20,175,2318650
20221121,09:41:44,42272.00,75,2318650
20221121,09:41:45,42274.90,350,2318650
20221121,09:41:46,42274.85,75,2318650
20221121,09:41:48,42270.00,50,2318650
20221121,09:41:49,42270.00,75,2318650
20221121,09:41:51,42272.75,25,2318650
20221121,09:41:52,42270.00,25,2318650
20221121,09:41:53,42270.00,475,2318650
20221121,09:41:55,42266.00,50,2318650
20221121,09:41:57,42271.75,50,2318650
20221121,09:42:00,42269.00,50,2318650
20221121,09:42:02,42262.00,500,2318650
20221121,09:42:03,42260.00,750,2318650
20221121,09:42:05,42257.25,1000,2318650
20221121,09:42:06,42256.05,1525,2318650
20221121,09:42:08,42255.15,850,2318650
20221121,09:42:09,42255.10,850,2318650
20221121,09:42:11,42255.00,775,2318650
20221121,09:42:13,42259.70,1150,2318650
20221121,09:42:14,42262.00,675,2318650
20221121,09:42:16,42260.55,225,2318650
20221121,09:42:17,42261.15,125,2318650
20221121,09:42:19,42260.50,75,2318650
20221121,09:42:20,42260.00,25,2318650
20221121,09:42:22,42261.10,300,2318650
20221121,09:42:23,42258.85,250,2318650
20221121,09:42:25,42259.70,275,2318650
20221121,09:42:27,42258.55,950,2318650
20221121,09:42:28,42265.35,400,2318650
20221121,09:42:30,42261.05,325,2318650
20221121,09:42:31,42264.05,25,2318650
20221121,09:42:33,42260.00,175,2318650
20221121,09:42:34,42258.90,100,2318650
20221121,09:42:36,42260.95,125,2318650
20221121,09:42:37,42259.00,25,2318650
20221121,09:42:39,42261.35,100,2318650
20221121,09:42:40,42260.90,300,2318650
20221121,09:42:42,42262.95,175,2318650
20221121,09:42:43,42260.30,100,2318650
20221121,09:42:45,42264.00,50,2318650
20221121,09:42:48,42263.05,250,2318650
20221121,09:42:51,42261.35,25,2318650
20221121,09:42:52,42260.90,75,2318650
20221121,09:42:53,42263.00,50,2318650
20221121,09:42:55,42263.05,475,2318650
20221121,09:42:56,42259.95,100,2318650
20221121,09:42:59,42260.00,250,2318650
20221121,09:43:01,42261.95,275,2318650
20221121,09:43:02,42260.70,1900,2318650
20221121,09:43:04,42270.00,625,2318650
20221121,09:43:06,42265.10,500,2318650
20221121,09:43:07,42267.45,725,2318650
20221121,09:43:08,42267.40,475,2318650
20221121,09:43:10,42272.60,850,2318650
20221121,09:43:12,42266.95,400,2318650
20221121,09:43:13,42268.00,550,2318650
20221121,09:43:15,42268.40,25,2318650
20221121,09:43:16,42270.00,50,2318650
20221121,09:43:18,42267.10,150,2318650
20221121,09:43:19,42273.45,275,2318650
20221121,09:43:21,42272.50,100,2318650
20221121,09:43:22,42273.40,300,2318650
20221121,09:43:23,42267.10,150,2318650
20221121,09:43:25,42266.95,550,2318650
20221121,09:43:26,42273.70,150,2318650
20221121,09:43:28,42265.00,50,2318650
20221121,09:43:30,42272.90,150,2318650
20221121,09:43:33,42272.90,25,2318650
20221121,09:43:34,42272.60,100,2318650
20221121,09:43:35,42270.00,25,2318650
20221121,09:43:37,42270.00,450,2318650
20221121,09:43:40,42270.00,150,2318650
20221121,09:43:42,42268.75,675,2318650
20221121,09:43:43,42265.00,25,2318650
20221121,09:43:45,42265.00,100,2318650
20221121,09:43:46,42265.20,25,2318650
20221121,09:43:48,42265.30,50,2318650
20221121,09:43:49,42268.90,25,2318650
20221121,09:43:51,42267.95,25,2318650
20221121,09:43:53,42268.30,25,2318650
20221121,09:43:54,42269.15,250,2318650
20221121,09:43:56,42269.60,75,2318650
20221121,09:43:59,42270.00,125,2318650
20221121,09:44:00,42265.10,650,2318650
20221121,09:44:02,42268.95,125,2318650
20221121,09:44:03,42269.40,1175,2318650
20221121,09:44:05,42264.10,125,2318650
20221121,09:44:06,42268.55,25,2318650
20221121,09:44:08,42268.10,25,2318650
20221121,09:44:09,42264.00,50,2318650
20221121,09:44:11,42269.10,125,2318650
20221121,09:44:12,42267.35,1050,2318650
20221121,09:44:14,42267.55,950,2318650
20221121,09:44:16,42267.90,200,2318650
20221121,09:44:18,42263.00,400,2318650
20221121,09:44:19,42267.90,100,2318650
20221121,09:44:20,42267.00,275,2318650
20221121,09:44:22,42267.75,100,2318650
20221121,09:44:26,42267.00,25,2318650
20221121,09:44:27,42261.50,175,2307725
20221121,09:44:28,42261.65,75,2307725
20221121,09:44:31,42270.00,500,2307725
20221121,09:44:32,42263.35,25,2307725
20221121,09:44:34,42261.45,100,2307725
20221121,09:44:35,42261.55,25,2307725
20221121,09:44:36,42266.75,25,2307725
20221121,09:44:39,42262.50,50,2307725
20221121,09:44:40,42269.15,50,2307725
20221121,09:44:43,42264.10,250,2307725
20221121,09:44:46,42267.00,25,2307725
20221121,09:44:49,42269.10,25,2307725
20221121,09:44:50,42269.15,50,2307725
20221121,09:44:51,42269.20,25,2307725
20221121,09:44:53,42268.00,75,2307725
20221121,09:44:54,42262.55,125,2307725
20221121,09:44:55,42266.90,50,2307725
20221121,09:44:57,42267.90,25,2307725
20221121,09:44:58,42262.00,125,2307725
20221121,09:45:00,42265.75,25,2307725
20221121,09:45:01,42262.25,2450,2307725
20221121,09:45:03,42259.80,1725,2307725
20221121,09:45:04,42259.75,775,2307725
20221121,09:45:06,42263.55,1275,2307725
20221121,09:45:07,42261.45,1200,2307725
20221121,09:45:09,42262.80,1100,2307725
20221121,09:45:10,42265.80,725,2307725
20221121,09:45:12,42266.00,1050,2307725
20221121,09:45:13,42268.90,900,2307725
20221121,09:45:15,42275.00,675,2307725
20221121,09:45:17,42274.25,800,2307725
20221121,09:45:18,42277.15,400,2307725
20221121,09:45:20,42279.80,125,2307725
20221121,09:45:21,42279.55,375,2307725
20221121,09:45:23,42285.75,1200,2307725
20221121,09:45:25,42282.70,50,2307725
20221121,09:45:26,42280.00,100,2307725
20221121,09:45:29,42282.60,150,2307725
20221121,09:45:31,42278.05,350,2307725
20221121,09:45:32,42283.20,25,2307725
20221121,09:45:34,42280.00,50,2307725
20221121,09:45:35,42278.05,75,2307725
20221121,09:45:37,42278.05,900,2307725
20221121,09:45:38,42276.50,25,2307725
20221121,09:45:40,42284.00,175,2307725
20221121,09:45:41,42281.20,275,2307725
20221121,09:45:43,42287.25,675,2307725
20221121,09:45:44,42288.35,275,2307725
20221121,09:45:46,42287.50,100,2307725
20221121,09:45:47,42282.70,75,2307725
20221121,09:45:49,42278.65,700,2307725
20221121,09:45:50,42285.00,50,2307725
20221121,09:45:52,42278.15,150,2307725
20221121,09:45:53,42285.55,100,2307725
20221121,09:45:55,42285.40,25,2307725
20221121,09:45:56,42285.15,75,2307725
20221121,09:45:58,42284.30,250,2307725
20221121,09:45:59,42289.05,25,2307725
20221121,09:46:01,42289.55,75,2307725
20221121,09:46:03,42289.35,50,2307725
20221121,09:46:04,42289.55,225,2307725
20221121,09:46:06,42285.75,100,2307725
20221121,09:46:07,42282.60,100,2307725
20221121,09:46:10,42280.30,675,2307725
20221121,09:46:12,42285.00,125,2307725
20221121,09:46:13,42280.00,350,2307725
20221121,09:46:15,42283.80,500,2307725
20221121,09:46:16,42282.30,100,2307725
20221121,09:46:19,42282.05,50,2307725
20221121,09:46:21,42285.00,300,2307725
20221121,09:46:22,42282.05,325,2307725
20221121,09:46:24,42275.00,200,2307725
20221121,09:46:25,42280.35,75,2307725
20221121,09:46:27,42276.95,1025,2307725
20221121,09:46:28,42275.35,625,2307725
20221121,09:46:30,42275.05,125,2307725
20221121,09:46:34,42275.55,50,2307725
20221121,09:46:36,42280.90,650,2307725
20221121,09:46:37,42275.35,325,2307725
20221121,09:46:39,42274.10,75,2307725
20221121,09:46:40,42275.05,50,2307725
20221121,09:46:42,42271.55,350,2307725
20221121,09:46:44,42274.55,25,2307725
20221121,09:46:45,42267.20,350,2307725
20221121,09:46:47,42267.20,50,2307725
20221121,09:46:48,42268.00,175,2307725
20221121,09:46:50,42262.65,150,2307725
20221121,09:46:51,42267.90,175,2307725
20221121,09:46:53,42268.30,325,2307725
20221121,09:46:54,42267.20,125,2307725
20221121,09:46:56,42268.20,25,2307725
20221121,09:46:58,42268.40,125,2307725
20221121,09:46:59,42270.90,200,2307725
20221121,09:47:01,42270.20,75,2307725
20221121,09:47:05,42266.10,50,2307725
20221121,09:47:08,42270.00,150,2307725
20221121,09:47:12,42265.00,150,2307725
20221121,09:47:15,42267.80,175,2307725
20221121,09:47:16,42266.30,50,2307725
20221121,09:47:18,42272.45,75,2307725
20221121,09:47:21,42269.35,50,2307725
20221121,09:47:23,42265.05,825,2307725
20221121,09:47:24,42266.20,75,2307725
20221121,09:47:26,42272.35,25,2307725
20221121,09:47:28,42275.00,725,2302000
20221121,09:47:31,42268.10,75,2302000
20221121,09:47:32,42268.10,25,2302000
20221121,09:47:34,42270.25,50,2302000
20221121,09:47:35,42275.45,25,2302000
20221121,09:47:37,42274.80,100,2302000
20221121,09:47:38,42275.00,200,2302000
20221121,09:47:40,42274.80,50,2302000
20221121,09:47:41,42272.35,175,2302000
20221121,09:47:43,42274.80,150,2302000
20221121,09:47:44,42274.80,150,2302000
20221121,09:47:45,42274.80,100,2302000
20221121,09:47:47,42274.80,25,2302000
20221121,09:47:50,42275.00,75,2302000
20221121,09:47:55,42277.15,225,2302000
20221121,09:47:56,42277.80,25,2302000
20221121,09:47:57,42277.85,25,2302000
20221121,09:47:59,42280.00,75,2302000
20221121,09:48:00,42278.00,25,2302000
20221121,09:48:03,42280.00,550,2302000
20221121,09:48:05,42274.00,500,2302000
20221121,09:48:06,42275.55,50,2302000
20221121,09:48:08,42275.05,100,2302000
20221121,09:48:09,42280.00,75,2302000
20221121,09:48:11,42279.95,250,2302000
20221121,09:48:13,42275.05,50,2302000
20221121,09:48:14,42275.00,75,2302000
20221121,09:48:21,42278.10,50,2302000
20221121,09:48:23,42276.40,175,2302000
20221121,09:48:26,42274.80,200,2302000
20221121,09:48:27,42279.80,75,2302000
20221121,09:48:30,42279.25,50,2302000
20221121,09:48:32,42275.05,75,2302000
20221121,09:48:33,42279.80,50,2302000
20221121,09:48:36,42277.15,75,2302000
20221121,09:48:38,42279.85,100,2302000
20221121,09:48:39,42279.85,25,2302000
20221121,09:48:41,42279.00,175,2302000
20221121,09:48:42,42278.80,100,2302000
20221121,09:48:44,42275.00,150,2302000
20221121,09:48:45,42272.70,25,2302000
20221121,09:48:48,42275.00,25,2302000
20221121,09:48:49,42273.95,50,2302000
20221121,09:48:51,42275.00,175,2302000
20221121,09:48:52,42275.05,100,2302000
20221121,09:48:55,42275.00,25,2302000
20221121,09:48:56,42275.05,25,2302000
20221121,09:49:01,42283.35,75,2302000
20221121,09:49:02,42279.80,125,2302000
20221121,09:49:04,42285.00,175,2302000
20221121,09:49:05,42280.35,150,2302000
20221121,09:49:07,42284.80,50,2302000
20221121,09:49:08,42285.00,100,2302000
20221121,09:49:10,42287.45,175,2302000
20221121,09:49:12,42284.80,25,2302000
20221121,09:49:13,42280.55,150,2302000
20221121,09:49:16,42284.80,25,2302000
20221121,09:49:18,42284.80,25,2302000
20221121,09:49:19,42281.45,575,2302000
20221121,09:49:21,42289.80,100,2302000
20221121,09:49:23,42286.10,25,2302000
20221121,09:49:29,42289.80,100,2302000
20221121,09:49:31,42286.10,200,2302000
20221121,09:49:32,42285.05,150,2302000
20221121,09:49:34,42287.60,775,2302000
20221121,09:49:37,42295.00,325,2302000
20221121,09:49:39,42291.05,25,2302000
20221121,09:49:40,42295.80,25,2302000
20221121,09:49:42,42295.90,25,2302000
20221121,09:49:43,42297.65,75,2302000
20221121,09:49:45,42295.90,275,2302000
20221121,09:49:46,42291.05,200,2302000
20221121,09:49:48,42290.00,75,2302000
20221121,09:49:49,42295.40,125,2302000
20221121,09:49:51,42295.00,25,2302000
20221121,09:49:52,42291.05,50,2302000
20221121,09:49:54,42295.90,25,2302000
20221121,09:49:55,42295.90,50,2302000
20221121,09:49:57,42289.95,50,2302000
20221121,09:49:58,42288.00,325,2302000
20221121,09:50:00,42294.65,50,2302000
20221121,09:50:01,42296.80,350,2302000
20221121,09:50:03,42297.85,650,2302000
20221121,09:50:04,42295.00,275,2302000
20221121,09:50:06,42296.30,300,2302000
20221121,09:50:07,42292.40,175,2302000
20221121,09:50:09,42292.40,125,2302000
20221121,09:50:11,42292.40,100,2302000
20221121,09:50:12,42288.00,525,2302000
20221121,09:50:14,42285.50,125,2302000
20221121,09:50:15,42290.30,175,2302000
20221121,09:50:17,42283.05,125,2302000
20221121,09:50:18,42291.55,25,2302000
20221121,09:50:20,42283.55,125,2302000
20221121,09:50:21,42288.45,50,2302000
20221121,09:50:23,42282.00,25,2302000
20221121,09:50:25,42283.75,175,2302000
20221121,09:50:26,42284.80,200,2302000
20221121,09:50:28,42290.70,175,2302000
20221121,09:50:31,42282.00,100,2301425
20221121,09:50:33,42284.65,25,2301425
20221121,09:50:36,42286.10,175,2301425
20221121,09:50:39,42276.95,225,2301425
20221121,09:50:40,42282.00,25,2301425
20221121,09:50:42,42283.40,200,2301425
20221121,09:50:46,42280.00,50,2301425
20221121,09:50:48,42275.05,175,2301425
20221121,09:50:49,42280.00,75,2301425
20221121,09:50:54,42275.05,150,2301425
20221121,09:50:55,42279.80,25,2301425
20221121,09:50:57,42279.80,125,2301425
20221121,09:50:59,42277.90,125,2301425
20221121,09:51:00,42277.80,50,2301425
20221121,09:51:02,42285.40,50,2301425
20221121,09:51:03,42285.70,475,2301425
20221121,09:51:05,42279.80,25,2301425
20221121,09:51:06,42278.50,50,2301425
20221121,09:51:08,42277.95,125,2301425
20221121,09:51:13,42277.55,75,2301425
20221121,09:51:14,42284.35,125,2301425
20221121,09:51:16,42281.75,50,2301425
20221121,09:51:17,42277.90,25,2301425
20221121,09:51:19,42275.80,25,2301425
20221121,09:51:20,42275.80,25,2301425
20221121,09:51:22,42282.20,25,2301425
20221121,09:51:23,42279.80,50,2301425
20221121,09:51:27,42276.45,150,2301425
20221121,09:51:31,42279.80,200,2301425
20221121,09:51:33,42276.45,75,2301425
20221121,09:51:35,42282.20,50,2301425
20221121,09:51:36,42282.20,25,2301425
20221121,09:51:37,42275.00,275,2301425
20221121,09:51:39,42276.80,375,2301425
20221121,09:51:42,42279.80,100,2301425
20221121,09:51:45,42279.75,25,2301425
20221121,09:51:47,42275.00,425,2301425
20221121,09:51:48,42277.95,50,2301425
20221121,09:51:50,42272.35,25,2301425
20221121,09:51:52,42273.00,25,2301425
20221121,09:51:53,42282.00,100,2301425
20221121,09:51:55,42281.95,175,2301425
20221121,09:51:58,42284.35,150,2301425
20221121,09:52:01,42280.00,25,2301425
20221121,09:52:02,42281.60,125,2301425
20221121,09:52:04,42282.65,50,2301425
20221121,09:52:05,42277.00,25,2301425
20221121,09:52:08,42275.35,100,2301425
20221121,09:52:11,42275.00,100,2301425
20221121,09:52:15,42275.00,75,2301425
20221121,09:52:16,42275.10,100,2301425
20221121,09:52:18,42275.00,175,2301425
20221121,09:52:21,42275.00,150,2301425
20221121,09:52:22,42274.80,75,2301425
20221121,09:52:24,42274.00,50,2301425
20221121,09:52:27,42274.45,100,2301425
20221121,09:52:29,42274.80,175,2301425
20221121,09:52:30,42273.85,225,2301425
20221121,09:52:32,42273.50,25,2301425
20221121,09:52:33,42280.00,50,2301425
20221121,09:52:37,42272.25,1675,2301425
20221121,09:52:38,42277.75,25,2301425
20221121,09:52:41,42277.75,25,2301425
20221121,09:52:43,42273.00,150,2301425
20221121,09:52:45,42274.80,25,2301425
20221121,09:52:46,42273.00,100,2301425
20221121,09:52:48,42274.80,25,2301425
20221121,09:52:53,42274.80,25,2301425
20221121,09:52:54,42272.05,300,2301425
20221121,09:52:56,42274.80,25,2301425
20221121,09:52:57,42277.90,125,2301425
20221121,09:52:59,42277.80,100,2301425
20221121,09:53:00,42278.60,500,2301425
20221121,09:53:02,42273.00,25,2301425
20221121,09:53:05,42274.35,50,2301425
20221121,09:53:08,42277.00,50,2301425
20221121,09:53:10,42273.80,25,2301425
20221121,09:53:14,42279.95,325,2301425
20221121,09:53:17,42277.55,150,2301425
20221121,09:53:23,42274.45,50,2301425
20221121,09:53:24,42276.90,475,2301425
20221121,09:53:26,42277.00,25,2301425
20221121,09:53:27,42275.10,25,2301425
20221121,09:53:29,42276.65,200,2301625
20221121,09:53:30,42275.10,100,2301625
20221121,09:53:32,42276.45,25,2301625
20221121,09:53:33,42279.50,25,2301625
20221121,09:53:35,42276.45,100,2301625
20221121,09:53:39,42276.45,25,2301625
20221121,09:53:41,42280.00,25,2301625
20221121,09:53:43,42277.05,75,2301625
20221121,09:53:46,42279.80,100,2301625
20221121,09:53:48,42279.80,25,2301625
20221121,09:53:49,42283.30,150,2301625
20221121,09:53:55,42284.45,25,2301625
20221121,09:53:56,42281.00,125,2301625
20221121,09:53:59,42284.60,200,2301625
20221121,09:54:00,42283.90,25,2301625
20221121,09:54:01,42283.90,25,2301625
20221121,09:54:03,42279.65,400,2301625
20221121,09:54:04,42283.90,125,2301625
20221121,09:54:08,42277.05,175,2301625
20221121,09:54:10,42281.00,75,2301625
20221121,09:54:11,42279.15,100,2301625
20221121,09:54:13,42278.45,25,2301625
20221121,09:54:15,42279.80,25,2301625
20221121,09:54:17,42285.00,750,2301625
20221121,09:54:21,42280.75,25,2301625
20221121,09:54:22,42280.40,25,2301625
20221121,09:54:24,42289.00,125,2301625
20221121,09:54:25,42289.00,25,2301625
20221121,09:54:27,42284.75,25,2301625
20221121,09:54:28,42283.10,50,2301625
20221121,09:54:30,42289.00,125,2301625
20221121,09:54:31,42286.25,75,2301625
20221121,09:54:33,42285.15,75,2301625
20221121,09:54:34,42289.70,50,2301625
20221121,09:54:36,42288.00,500,2301625
20221121,09:54:38,42288.65,225,2301625
20221121,09:54:39,42288.50,25,2301625
20221121,09:54:41,42289.80,200,2301625
20221121,09:54:42,42284.80,25,2301625
20221121,09:54:44,42284.80,25,2301625
20221121,09:54:45,42289.80,300,2301625
20221121,09:54:49,42294.80,50,2301625
20221121,09:54:50,42292.00,25,2301625
20221121,09:54:52,42294.80,200,2301625
20221121,09:54:53,42294.50,50,2301625
20221121,09:54:55,42294.50,50,2301625
20221121,09:54:57,42292.00,50,2301625
20221121,09:54:58,42290.30,50,2301625
20221121,09:55:01,42295.00,150,2301625
20221121,09:55:03,42295.00,50,2301625
20221121,09:55:04,42296.95,125,2301625
20221121,09:55:06,42298.50,500,2301625
20221121,09:55:07,42292.50,350,2301625
20221121,09:55:09,42297.45,175,2301625
20221121,09:55:10,42298.00,50,2301625
20221121,09:55:12,42300.00,2725,2301625
20221121,09:55:13,42304.90,2225,2301625
20221121,09:55:15,42304.90,150,2301625
20221121,09:55:17,42303.15,350,2301625
20221121,09:55:18,42302.80,75,2301625
20221121,09:55:20,42308.00,25,2301625
20221121,09:55:21,42305.00,100,2301625
20221121,09:55:23,42304.90,75,2301625
20221121,09:55:24,42304.90,350,2301625
20221121,09:55:26,42300.00,25,2301625
20221121,09:55:27,42303.55,75,2301625
20221121,09:55:29,42303.40,75,2301625
20221121,09:55:30,42303.30,75,2301625
20221121,09:55:32,42303.40,375,2301625
20221121,09:55:33,42301.25,525,2301625
20221121,09:55:35,42304.95,50,2301625
20221121,09:55:36,42303.55,275,2301625
20221121,09:55:38,42301.00,75,2301625
20221121,09:55:39,42300.00,550,2301625
20221121,09:55:41,42300.00,25,2301625
20221121,09:55:43,42294.05,175,2301625
20221121,09:55:44,42300.00,150,2301625
20221121,09:55:46,42294.10,25,2301625
20221121,09:55:48,42296.00,125,2301625
20221121,09:55:50,42295.00,25,2301625
20221121,09:55:52,42295.00,50,2301625
20221121,09:55:53,42298.00,25,2301625
20221121,09:55:55,42299.80,75,2301625
20221121,09:55:56,42297.35,25,2301625
20221121,09:55:58,42295.55,50,2301625
20221121,09:55:59,42295.00,100,2301625
20221121,09:56:01,42294.10,50,2301625
20221121,09:56:02,42298.65,25,2301625
20221121,09:56:06,42297.35,25,2301625
20221121,09:56:07,42296.35,125,2301625
20221121,09:56:09,42295.00,275,2301625
20221121,09:56:10,42299.80,200,2301625
20221121,09:56:15,42300.00,275,2301625
20221121,09:56:17,42300.00,75,2301625
20221121,09:56:20,42300.00,550,2301625
20221121,09:56:21,42300.00,175,2301625
20221121,09:56:23,42298.00,125,2301625
20221121,09:56:25,42297.95,225,2301625
20221121,09:56:27,42299.60,25,2301625
20221121,09:56:30,42295.00,75,2305725
20221121,09:56:32,42290.00,225,2305725
20221121,09:56:33,42291.30,25,2305725
20221121,09:56:35,42289.80,75,2305725
20221121,09:56:36,42286.40,50,2305725
20221121,09:56:39,42292.60,175,2305725
20221121,09:56:41,42292.60,25,2305725
20221121,09:56:42,42293.50,25,2305725
20221121,09:56:44,42294.45,600,2305725
20221121,09:56:45,42293.90,2125,2305725
20221121,09:56:47,42293.90,25,2305725
20221121,09:56:48,42285.00,75,2305725
20221121,09:56:50,42289.75,100,2305725
20221121,09:56:51,42290.00,125,2305725
20221121,09:56:54,42292.40,25,2305725
20221121,09:56:57,42290.00,200,2305725
20221121,09:56:59,42287.10,100,2305725
20221121,09:57:01,42287.10,125,2305725
20221121,09:57:03,42287.10,150,2305725
20221121,09:57:06,42287.10,50,2305725
20221121,09:57:08,42289.80,350,2305725
20221121,09:57:09,42290.10,50,2305725
20221121,09:57:11,42293.55,50,2305725
20221121,09:57:12,42294.65,150,2305725
20221121,09:57:14,42294.20,50,2305725
20221121,09:57:16,42299.50,75,2305725
20221121,09:57:19,42298.35,50,2305725
20221121,09:57:20,42290.40,250,2305725
20221121,09:57:22,42293.50,75,2305725
20221121,09:57:25,42299.80,100,2305725
20221121,09:57:28,42299.80,50,2305725
20221121,09:57:30,42293.50,100,2305725
20221121,09:57:32,42299.00,100,2305725
20221121,09:57:33,42299.00,25,2305725
20221121,09:57:35,42298.00,50,2305725
20221121,09:57:36,42294.80,225,2305725
20221121,09:57:38,42299.00,50,2305725
20221121,09:57:41,42299.80,25,2305725
20221121,09:57:43,42295.50,550,2305725
20221121,09:57:44,42296.95,200,2305725
20221121,09:57:46,42290.10,50,2305725
20221121,09:57:48,42295.65,25,2305725
20221121,09:57:49,42295.00,50,2305725
20221121,09:57:54,42294.80,25,2305725
20221121,09:57:55,42290.40,25,2305725
20221121,09:57:57,42297.00,200,2305725
20221121,09:58:00,42295.55,25,2305725
20221121,09:58:02,42289.75,500,2305725
20221121,09:58:03,42287.10,75,2305725
20221121,09:58:05,42287.10,550,2305725
20221121,09:58:08,42289.75,50,2305725
20221121,09:58:10,42289.80,125,2305725
20221121,09:58:11,42288.00,100,2305725
20221121,09:58:14,42287.10,150,2305725
20221121,09:58:19,42286.00,100,2305725
20221121,09:58:21,42286.00,150,2305725
20221121,09:58:22,42287.10,75,2305725
20221121,09:58:24,42287.60,100,2305725
20221121,09:58:27,42287.05,75,2305725
20221121,09:58:28,42287.80,125,2305725
20221121,09:58:31,42285.00,75,2305725
20221121,09:58:33,42284.80,150,2305725
20221121,09:58:35,42282.00,50,2305725
20221121,09:58:37,42284.80,50,2305725
20221121,09:58:39,42282.00,75,2305725
20221121,09:58:43,42285.10,100,2305725
20221121,09:58:45,42281.55,200,2305725
20221121,09:58:46,42281.05,50,2305725
20221121,09:58:48,42281.70,25,2305725
20221121,09:58:51,42286.00,125,2305725
20221121,09:58:52,42289.80,75,2305725
20221121,09:58:54,42289.80,25,2305725
20221121,09:58:55,42292.00,300,2305725
20221121,09:58:57,42287.30,50,2305725
20221121,09:59:00,42287.75,25,2305725
20221121,09:59:02,42286.00,50,2305725
20221121,09:59:03,42283.05,100,2305725
20221121,09:59:05,42292.75,50,2305725
20221121,09:59:06,42296.00,250,2305725
20221121,09:59:11,42291.75,50,2305725
20221121,09:59:12,42290.00,50,2305725
20221121,09:59:14,42285.75,100,2305725
20221121,09:59:15,42290.00,125,2305725
20221121,09:59:17,42285.75,225,2305725
20221121,09:59:18,42284.25,75,2305725
20221121,09:59:21,42290.00,75,2305725
20221121,09:59:24,42282.65,50,2305725
20221121,09:59:26,42286.55,150,2305725
20221121,09:59:29,42286.55,50,2305725
20221121,09:59:30,42289.80,75,2307475
20221121,09:59:32,42289.80,25,2307475
20221121,09:59:33,42289.80,25,2307475
20221121,09:59:35,42283.00,75,2307475
20221121,09:59:36,42285.00,25,2307475
20221121,09:59:39,42282.45,125,2307475
20221121,09:59:41,42289.95,150,2307475
20221121,09:59:42,42284.80,100,2307475
20221121,09:59:44,42288.65,75,2307475
20221121,09:59:45,42286.55,50,2307475
20221121,09:59:47,42282.50,175,2307475
20221121,09:59:48,42282.50,25,2307475
20221121,09:59:52,42284.80,150,2307475
20221121,09:59:54,42284.80,50,2307475
20221121,09:59:55,42285.90,50,2307475
20221121,09:59:57,42285.00,925,2307475
20221121,09:59:58,42285.10,325,2307475
20221121,10:00:00,42280.00,25,2307475
20221121,10:00:01,42284.40,175,2307475
20221121,10:00:03,42277.75,475,2307475
20221121,10:00:04,42277.35,50,2307475
20221121,10:00:06,42275.75,100,2307475
20221121,10:00:07,42275.05,250,2307475
20221121,10:00:09,42278.60,100,2307475
20221121,10:00:10,42279.80,200,2307475
20221121,10:00:12,42275.15,625,2307475
20221121,10:00:13,42280.95,125,2307475
20221121,10:00:14,42275.10,50,2307475
20221121,10:00:16,42275.30,75,2307475
20221121,10:00:18,42275.25,25,2307475
20221121,10:00:21,42276.25,100,2307475
20221121,10:00:23,42276.15,200,2307475
20221121,10:00:24,42276.40,50,2307475
20221121,10:00:27,42279.80,75,2307475
20221121,10:00:29,42279.75,200,2307475
20221121,10:00:30,42280.75,575,2307475
20221121,10:00:32,42279.70,150,2307475
20221121,10:00:33,42283.95,25,2307475
20221121,10:00:35,42284.60,25,2307475
20221121,10:00:39,42279.90,100,2307475
20221121,10:00:40,42275.80,225,2307475
20221121,10:00:42,42278.60,175,2307475
20221121,10:00:43,42278.60,50,2307475
20221121,10:00:45,42279.80,25,2307475
20221121,10:00:46,42279.80,25,2307475
20221121,10:00:47,42279.80,25,2307475
20221121,10:00:52,42275.05,25,2307475
20221121,10:00:55,42275.00,150,2307475
20221121,10:00:57,42272.25,800,2307475
20221121,10:00:58,42275.00,50,2307475
20221121,10:01:00,42270.70,625,2307475
20221121,10:01:03,42274.70,50,2307475
20221121,10:01:05,42268.10,25,2307475
20221121,10:01:06,42269.00,500,2307475
20221121,10:01:08,42268.10,125,2307475
20221121,10:01:09,42268.60,1025,2307475
20221121,10:01:11,42269.00,50,2307475
20221121,10:01:12,42269.80,25,2307475
20221121,10:01:14,42269.80,75,2307475
20221121,10:01:15,42269.80,75,2307475
20221121,10:01:18,42269.80,50,2307475
20221121,10:01:20,42268.70,200,2307475
20221121,10:01:21,42262.00,225,2307475
20221121,10:01:23,42265.00,50,2307475
20221121,10:01:24,42264.80,450,2307475
20221121,10:01:26,42269.90,300,2307475
20221121,10:01:27,42263.35,25,2307475
20221121,10:01:30,42265.15,100,2307475
20221121,10:01:33,42265.10,100,2307475
20221121,10:01:35,42266.05,175,2307475
20221121,10:01:36,42273.80,125,2307475
20221121,10:01:38,42270.00,25,2307475
20221121,10:01:39,42266.75,50,2307475
20221121,10:01:41,42268.60,25,2307475
20221121,10:01:42,42269.80,200,2307475
20221121,10:01:45,42268.60,175,2307475
20221121,10:01:46,42268.60,25,2307475
20221121,10:01:48,42268.40,50,2307475
20221121,10:01:49,42265.00,100,2307475
20221121,10:01:54,42264.80,75,2307475
20221121,10:01:55,42264.80,125,2307475
20221121,10:01:57,42268.60,25,2307475
20221121,10:01:59,42263.35,50,2307475
20221121,10:02:01,42262.00,50,2307475
20221121,10:02:02,42262.00,300,2307475
20221121,10:02:05,42261.65,75,2307475
20221121,10:02:06,42263.50,25,2307475
20221121,10:02:08,42265.50,25,2307475
20221121,10:02:09,42270.00,50,2307475
20221121,10:02:11,42266.30,250,2307475
20221121,10:02:12,42269.80,75,2307475
20221121,10:02:14,42269.80,100,2307475
20221121,10:02:15,42269.80,75,2307475
20221121,10:02:17,42270.00,275,2307475
20221121,10:02:18,42270.00,75,2307475
20221121,10:02:20,42269.80,125,2307475
20221121,10:02:21,42270.00,50,2307475
20221121,10:02:23,42270.00,175,2307475
20221121,10:02:24,42266.00,1375,2307475
20221121,10:02:26,42270.55,300,2307475
20221121,10:02:27,42266.45,25,2307475
20221121,10:02:29,42269.80,150,2307475
20221121,10:02:30,42269.75,175,2302550
20221121,10:02:32,42269.80,100,2302550
20221121,10:02:33,42267.75,75,2302550
20221121,10:02:35,42272.90,75,2302550
20221121,10:02:36,42273.75,25,2302550
20221121,10:02:38,42267.75,25,2302550
20221121,10:02:43,42272.85,175,2302550
20221121,10:02:45,42268.15,350,2302550
20221121,10:02:46,42272.90,150,2302550
20221121,10:02:48,42275.00,275,2302550
20221121,10:02:50,42275.00,75,2302550
20221121,10:02:51,42275.00,75,2302550
20221121,10:02:53,42275.15,50,2302550
20221121,10:02:54,42272.75,375,2302550
20221121,10:02:57,42278.65,50,2302550
20221121,10:03:00,42275.00,75,2302550
20221121,10:03:02,42272.00,50,2302550
20221121,10:03:04,42272.00,200,2302550
20221121,10:03:05,42268.95,150,2302550
20221121,10:03:08,42268.30,950,2302550
20221121,10:03:10,42272.75,1075,2302550
20221121,10:03:11,42269.80,75,2302550
20221121,10:03:13,42269.80,50,2302550
20221121,10:03:16,42270.00,25,2302550
20221121,10:03:19,42268.00,25,2302550
20221121,10:03:22,42268.00,25,2302550
20221121,10:03:23,42270.00,25,2302550
20221121,10:03:29,42268.00,25,2302550
20221121,10:03:30,42269.80,25,2302550
20221121,10:03:33,42269.80,75,2302550
20221121,10:03:37,42268.00,50,2302550
20221121,10:03:38,42267.00,50,2302550
20221121,10:03:44,42268.50,150,2302550
20221121,10:03:45,42265.75,25,2302550
20221121,10:03:47,42269.80,25,2302550
20221121,10:03:48,42269.80,25,2302550
20221121,10:03:50,42262.20,2575,2302550
20221121,10:03:53,42267.00,25,2302550
20221121,10:03:54,42262.00,175,2302550
20221121,10:03:56,42264.80,25,2302550
20221121,10:03:57,42260.00,25,2302550
20221121,10:03:59,42264.80,25,2302550
20221121,10:04:02,42260.00,125,2302550
20221121,10:04:04,42263.95,150,2302550
20221121,10:04:05,42263.25,75,2302550
20221121,10:04:07,42259.00,50,2302550
20221121,10:04:08,42263.40,100,2302550
20221121,10:04:10,42270.00,100,2302550
20221121,10:04:11,42270.35,475,2302550
20221121,10:04:13,42267.05,100,2302550
20221121,10:04:15,42268.35,200,2302550
20221121,10:04:16,42273.70,275,2302550
20221121,10:04:18,42274.80,200,2302550
20221121,10:04:19,42273.95,300,2302550
20221121,10:04:23,42278.10,25,2302550
20221121,10:04:24,42280.00,100,2302550
20221121,10:04:26,42272.15,50,2302550
20221121,10:04:27,42272.10,75,2302550
20221121,10:04:29,42274.25,175,2302550
20221121,10:04:31,42285.15,275,2302550
20221121,10:04:34,42283.60,25,2302550
20221121,10:04:35,42279.75,150,2302550
20221121,10:04:37,42279.80,100,2302550
20221121,10:04:39,42274.85,225,2302550
20221121,10:04:42,42274.85,25,2302550
20221121,10:04:47,42274.75,25,2302550
20221121,10:04:48,42270.70,150,2302550
20221121,10:04:52,42274.60,25,2302550
20221121,10:04:53,42275.00,100,2302550
20221121,10:04:55,42273.55,250,2302550
20221121,10:04:56,42270.00,275,2302550
20221121,10:04:58,42270.00,50,2302550
20221121,10:05:03,42270.30,50,2302550
20221121,10:05:06,42266.45,50,2302550
20221121,10:05:07,42266.45,25,2302550
20221121,10:05:09,42269.85,275,2302550
20221121,10:05:11,42265.00,50,2302550
20221121,10:05:12,42265.00,75,2302550
20221121,10:05:14,42268.45,125,2302550
20221121,10:05:15,42267.95,50,2302550
20221121,10:05:21,42264.80,100,2302550
20221121,10:05:24,42265.00,125,2302550
20221121,10:05:26,42273.30,750,2302550
20221121,10:05:29,42274.75,600,2302550
20221121,10:05:32,42271.20,75,2297550
20221121,10:05:33,42271.20,375,2297550
20221121,10:05:35,42271.20,300,2297550
20221121,10:05:38,42272.80,900,2297550
20221121,10:05:40,42270.80,25,2297550
20221121,10:05:44,42275.15,25,2297550
20221121,10:05:45,42274.90,25,2297550
20221121,10:05:47,42270.75,50,2297550
20221121,10:05:48,42275.90,100,2297550
20221121,10:05:51,42275.40,50,2297550
20221121,10:05:53,42273.10,100,2297550
20221121,10:05:59,42274.30,100,2297550
20221121,10:06:02,42274.30,25,2297550
20221121,10:06:03,42272.05,25,2297550
20221121,10:06:05,42272.05,25,2297550
20221121,10:06:06,42270.00,75,2297550
20221121,10:06:08,42272.80,50,2297550
20221121,10:06:10,42270.00,250,2297550
20221121,10:06:15,42270.70,125,2297550
20221121,10:06:16,42268.35,25,2297550
20221121,10:06:18,42270.00,75,2297550
20221121,10:06:20,42268.05,325,2297550
20221121,10:06:21,42270.65,75,2297550
20221121,10:06:23,42270.55,50,2297550
20221121,10:06:24,42266.05,50,2297550
20221121,10:06:29,42266.05,25,2297550
20221121,10:06:30,42270.00,50,2297550
20221121,10:06:32,42266.25,100,2297550
20221121,10:06:33,42266.25,25,2297550
20221121,10:06:35,42270.25,100,2297550
20221121,10:06:40,42270.00,125,2297550
20221121,10:06:42,42270.00,25,2297550
20221121,10:06:43,42265.80,50,2297550
20221121,10:06:48,42265.90,75,2297550
20221121,10:06:49,42269.70,75,2297550
20221121,10:06:51,42270.00,75,2297550
20221121,10:06:53,42265.70,275,2297550
20221121,10:06:56,42265.50,75,2297550
20221121,10:06:58,42270.00,25,2297550
20221121,10:07:00,42270.55,50,2297550
20221121,10:07:03,42271.25,25,2297550
20221121,10:07:06,42274.50,50,2297550
20221121,10:07:07,42271.25,25,2297550
20221121,10:07:09,42269.90,25,2297550
20221121,10:07:10,42271.20,75,2297550
20221121,10:07:11,42276.95,50,2297550
20221121,10:07:22,42276.95,25,2297550
20221121,10:07:25,42276.95,250,2297550
20221121,10:07:33,42275.75,25,2297550
20221121,10:07:35,42275.75,25,2297550
20221121,10:07:36,42275.00,25,2297550
20221121,10:07:38,42275.75,25,2297550
20221121,10:07:39,42275.00,50,2297550
20221121,10:07:42,42275.00,50,2297550
20221121,10:07:44,42275.00,25,2297550
20221121,10:07:45,42275.00,50,2297550
20221121,10:07:47,42275.00,100,2297550
20221121,10:07:52,42276.60,50,2297550
20221121,10:07:54,42276.60,25,2297550
20221121,10:07:58,42275.00,275,2297550
20221121,10:08:06,42277.15,150,2297550
20221121,10:08:09,42280.00,25,2297550
20221121,10:08:13,42278.65,75,2297550
20221121,10:08:15,42278.65,25,2297550
20221121,10:08:16,42281.85,150,2297550
20221121,10:08:24,42285.00,50,2297550
20221121,10:08:27,42285.00,25,2297550
20221121,10:08:29,42285.00,25,2297550
20221121,10:08:30,42281.85,25,2297550
20221121,10:08:32,42285.00,475,2297575
20221121,10:08:33,42286.90,125,2297575
20221121,10:08:35,42286.90,200,2297575
20221121,10:08:36,42281.85,200,2297575
20221121,10:08:41,42281.85,25,2297575
20221121,10:08:42,42284.80,25,2297575
20221121,10:08:44,42284.50,50,2297575
20221121,10:08:45,42281.00,50,2297575
20221121,10:08:47,42280.00,25,2297575
20221121,10:08:48,42284.30,100,2297575
20221121,10:08:50,42284.85,175,2297575
20221121,10:08:51,42280.30,1050,2297575
20221121,10:08:54,42284.70,25,2297575
20221121,10:09:02,42284.30,50,2297575
20221121,10:09:03,42284.85,75,2297575
20221121,10:09:05,42285.65,375,2297575
20221121,10:09:06,42288.00,475,2297575
20221121,10:09:08,42283.00,900,2297575
20221121,10:09:09,42287.15,50,2297575
20221121,10:09:11,42284.00,125,2297575
20221121,10:09:13,42281.10,25,2297575
20221121,10:09:14,42285.65,25,2297575
20221121,10:09:17,42280.50,125,2297575
20221121,10:09:19,42280.50,25,2297575
20221121,10:09:26,42285.75,25,2297575
20221121,10:09:28,42284.10,75,2297575
20221121,10:09:29,42285.75,25,2297575
20221121,10:09:32,42283.35,125,2297575
20221121,10:09:35,42282.65,50,2297575
20221121,10:09:40,42280.00,50,2297575
20221121,10:09:43,42282.05,25,2297575
20221121,10:09:44,42285.00,50,2297575
20221121,10:09:46,42280.75,50,2297575
20221121,10:09:47,42280.75,25,2297575
20221121,10:09:49,42282.05,50,2297575
20221121,10:09:50,42284.95,25,2297575
20221121,10:09:52,42282.05,75,2297575
20221121,10:09:54,42282.00,450,2297575
20221121,10:09:55,42280.00,25,2297575
20221121,10:09:56,42280.00,25,2297575
20221121,10:09:58,42277.70,200,2297575
20221121,10:09:59,42277.70,25,2297575
20221121,10:10:01,42277.05,100,2297575
20221121,10:10:02,42275.10,75,2297575
20221121,10:10:04,42278.70,50,2297575
20221121,10:10:05,42276.05,50,2297575
20221121,10:10:07,42278.10,100,2297575
20221121,10:10:08,42278.50,125,2297575
20221121,10:10:10,42287.70,225,2297575
20221121,10:10:12,42279.60,50,2297575
20221121,10:10:13,42279.70,75,2297575
20221121,10:10:15,42280.00,25,2297575
20221121,10:10:17,42285.00,25,2297575
20221121,10:10:20,42285.00,25,2297575
20221121,10:10:24,42282.00,25,2297575
20221121,10:10:26,42280.35,75,2297575
20221121,10:10:27,42284.60,75,2297575
20221121,10:10:29,42284.60,25,2297575
20221121,10:10:33,42285.00,50,2297575
20221121,10:10:35,42285.00,25,2297575
20221121,10:10:36,42284.90,500,2297575
20221121,10:10:41,42289.35,200,2297575
20221121,10:10:42,42289.35,25,2297575
20221121,10:10:45,42285.00,125,2297575
20221121,10:10:48,42288.25,50,2297575
20221121,10:10:52,42283.85,25,2297575
20221121,10:10:54,42286.15,50,2297575
20221121,10:10:55,42288.70,150,2297575
20221121,10:10:58,42289.90,275,2297575
20221121,10:11:00,42288.95,25,2297575
20221121,10:11:02,42288.95,175,2297575
20221121,10:11:03,42288.95,50,2297575
20221121,10:11:05,42288.90,75,2297575
20221121,10:11:07,42290.65,175,2297575
20221121,10:11:08,42292.60,25,2297575
20221121,10:11:10,42292.00,125,2297575
20221121,10:11:11,42292.00,125,2297575
20221121,10:11:12,42292.00,375,2297575
20221121,10:11:14,42298.45,225,2297575
20221121,10:11:16,42299.00,125,2297575
20221121,10:11:20,42298.35,50,2297575
20221121,10:11:21,42298.45,50,2297575
20221121,10:11:23,42299.00,25,2297575
20221121,10:11:25,42296.40,225,2297575
20221121,10:11:27,42300.00,375,2297575
20221121,10:11:28,42300.00,500,2297575
20221121,10:11:30,42305.00,925,2297575
20221121,10:11:32,42307.05,1825,2296900
20221121,10:11:33,42308.55,175,2296900
20221121,10:11:36,42313.20,450,2296900
20221121,10:11:38,42304.90,150,2296900
20221121,10:11:40,42309.05,825,2296900
20221121,10:11:41,42306.25,200,2296900
20221121,10:11:43,42307.65,125,2296900
20221121,10:11:44,42307.35,50,2296900
20221121,10:11:46,42306.50,50,2296900
20221121,10:11:49,42300.15,200,2296900
20221121,10:11:50,42300.00,75,2296900
20221121,10:11:51,42303.50,50,2296900
20221121,10:11:53,42303.55,100,2296900
20221121,10:11:54,42300.05,150,2296900
20221121,10:11:56,42300.00,225,2296900
20221121,10:11:59,42301.80,125,2296900
20221121,10:12:01,42301.95,50,2296900
20221121,10:12:05,42296.95,50,2296900
20221121,10:12:06,42302.95,525,2296900
20221121,10:12:08,42301.00,50,2296900
20221121,10:12:09,42303.50,100,2296900
20221121,10:12:11,42297.35,75,2296900
20221121,10:12:12,42301.90,75,2296900
20221121,10:12:14,42299.60,75,2296900
20221121,10:12:16,42299.60,25,2296900
20221121,10:12:17,42300.10,25,2296900
20221121,10:12:20,42303.50,50,2296900
20221121,10:12:21,42303.50,175,2296900
20221121,10:12:23,42297.00,1325,2296900
20221121,10:12:25,42295.00,300,2296900
20221121,10:12:27,42295.95,75,2296900
20221121,10:12:28,42299.80,75,2296900
20221121,10:12:31,42299.70,50,2296900
20221121,10:12:33,42293.20,25,2296900
20221121,10:12:35,42300.15,300,2296900
20221121,10:12:36,42295.00,50,2296900
20221121,10:12:39,42297.35,50,2296900
20221121,10:12:42,42297.10,50,2296900
20221121,10:12:44,42296.95,50,2296900
20221121,10:12:47,42298.35,25,2296900
20221121,10:12:49,42298.35,25,2296900
20221121,10:12:50,42297.05,100,2296900
20221121,10:12:52,42299.70,125,2296900
20221121,10:12:55,42299.70,75,2296900
20221121,10:12:56,42299.70,225,2296900
20221121,10:12:59,42299.00,25,2296900
20221121,10:13:02,42298.00,100,2296900
20221121,10:13:04,42299.00,50,2296900
20221121,10:13:07,42299.00,125,2296900
20221121,10:13:08,42296.20,100,2296900
20221121,10:13:10,42299.00,125,2296900
20221121,10:13:11,42300.00,25,2296900
20221121,10:13:13,42300.00,700,2296900
20221121,10:13:14,42300.00,225,2296900
20221121,10:13:16,42299.95,75,2296900
20221121,10:13:17,42294.05,400,2296900
20221121,10:13:25,42300.00,25,2296900
20221121,10:13:27,42298.90,25,2296900
20221121,10:13:29,42293.10,100,2296900
20221121,10:13:31,42293.90,175,2296900
20221121,10:13:34,42293.90,25,2296900
20221121,10:13:36,42300.00,25,2296900
20221121,10:13:37,42300.00,25,2296900
20221121,10:13:39,42300.00,50,2296900
20221121,10:13:40,42298.40,150,2296900
20221121,10:13:42,42297.20,75,2296900
20221121,10:13:43,42300.00,525,2296900
20221121,10:13:45,42298.10,250,2296900
20221121,10:13:46,42300.00,200,2296900
20221121,10:13:47,42298.15,125,2296900
20221121,10:13:49,42300.00,100,2296900
20221121,10:13:50,42298.85,50,2296900
20221121,10:13:52,42300.00,25,2296900
20221121,10:13:55,42303.00,975,2296900
20221121,10:13:56,42303.00,25,2296900
20221121,10:13:58,42299.95,125,2296900
20221121,10:13:59,42304.00,50,2296900
20221121,10:14:01,42303.50,50,2296900
20221121,10:14:02,42299.25,300,2296900
20221121,10:14:04,42304.00,50,2296900
20221121,10:14:05,42304.00,300,2296900
20221121,10:14:07,42304.00,75,2296900
20221121,10:14:08,42303.80,325,2296900
20221121,10:14:10,42304.00,25,2296900
20221121,10:14:11,42305.00,600,2296900
20221121,10:14:13,42305.00,50,2296900
20221121,10:14:15,42308.00,150,2296900
20221121,10:14:16,42305.00,100,2296900
20221121,10:14:18,42305.05,25,2296900
20221121,10:14:21,42310.00,150,2296900
20221121,10:14:22,42310.00,25,2296900
20221121,10:14:24,42314.65,775,2296900
20221121,10:14:26,42310.00,50,2296900
20221121,10:14:27,42313.70,25,2296900
20221121,10:14:29,42313.70,50,2296900
20221121,10:14:30,42310.05,100,2296900
20221121,10:14:32,42315.80,325,2295975
20221121,10:14:34,42314.85,275,2295975
20221121,10:14:35,42314.00,100,2295975
20221121,10:14:37,42314.05,25,2295975
20221121,10:14:40,42306.65,375,2295975
20221121,10:14:43,42312.70,50,2295975
20221121,10:14:46,42312.90,100,2295975
20221121,10:14:48,42312.95,125,2295975
20221121,10:14:49,42314.05,150,2295975
20221121,10:14:53,42315.00,25,2295975
20221121,10:14:54,42311.05,100,2295975
20221121,10:14:56,42316.85,100,2295975
20221121,10:14:57,42316.75,425,2295975
20221121,10:14:59,42313.00,100,2295975
20221121,10:15:00,42317.00,50,2295975
20221121,10:15:02,42316.75,575,2295975
20221121,10:15:04,42321.00,1000,2295975
20221121,10:15:05,42325.85,50,2295975
20221121,10:15:07,42325.05,125,2295975
20221121,10:15:08,42318.05,375,2295975
20221121,10:15:10,42326.20,350,2295975
20221121,10:15:12,42324.05,3325,2295975
20221121,10:15:13,42323.10,50,2295975
20221121,10:15:15,42320.50,350,2295975
20221121,10:15:17,42319.70,50,2295975
20221121,10:15:18,42328.10,200,2295975
20221121,10:15:20,42322.25,200,2295975
20221121,10:15:21,42329.90,425,2295975
20221121,10:15:23,42326.95,50,2295975
20221121,10:15:25,42328.80,875,2295975
20221121,10:15:26,42327.75,525,2295975
20221121,10:15:28,42326.00,75,2295975
20221121,10:15:29,42326.90,675,2295975
20221121,10:15:31,42320.20,50,2295975
20221121,10:15:32,42326.75,50,2295975
20221121,10:15:34,42322.70,75,2295975
20221121,10:15:36,42322.00,575,2295975
20221121,10:15:37,42325.75,225,2295975
20221121,10:15:39,42326.40,100,2295975
20221121,10:15:40,42322.10,50,2295975
20221121,10:15:42,42323.75,475,2295975
20221121,10:15:43,42323.45,25,2295975
20221121,10:15:45,42320.00,25,2295975
20221121,10:15:46,42319.45,25,2295975
20221121,10:15:48,42318.20,400,2295975
20221121,10:15:49,42320.50,250,2295975
20221121,10:15:51,42324.55,100,2295975
20221121,10:15:52,42318.15,250,2295975
20221121,10:15:54,42323.45,50,2295975
20221121,10:15:55,42323.45,125,2295975
20221121,10:15:57,42322.00,50,2295975
20221121,10:15:59,42321.05,50,2295975
20221121,10:16:02,42323.95,350,2295975
20221121,10:16:03,42322.00,100,2295975
20221121,10:16:05,42319.65,325,2295975
20221121,10:16:06,42321.70,700,2295975
20221121,10:16:08,42321.50,50,2295975
20221121,10:16:09,42318.00,50,2295975
20221121,10:16:11,42318.00,175,2295975
20221121,10:16:12,42320.20,50,2295975
20221121,10:16:14,42319.70,200,2295975
20221121,10:16:15,42312.35,125,2295975
20221121,10:16:17,42315.00,175,2295975
20221121,10:16:18,42315.00,25,2295975
20221121,10:16:20,42318.95,100,2295975
20221121,10:16:22,42318.95,50,2295975
20221121,10:16:23,42318.20,100,2295975
20221121,10:16:26,42314.70,525,2295975
20221121,10:16:28,42317.95,100,2295975
20221121,10:16:29,42318.95,175,2295975
20221121,10:16:31,42318.10,850,2295975
20221121,10:16:32,42321.70,100,2295975
20221121,10:16:34,42323.50,75,2295975
20221121,10:16:35,42320.00,50,2295975
20221121,10:16:37,42317.35,150,2295975
20221121,10:16:38,42314.15,75,2295975
20221121,10:16:40,42313.60,50,2295975
20221121,10:16:41,42317.70,500,2295975
20221121,10:16:45,42313.30,50,2295975
20221121,10:16:46,42313.25,25,2295975
20221121,10:16:48,42317.70,25,2295975
20221121,10:16:49,42312.10,275,2295975
20221121,10:16:51,42311.50,250,2295975
20221121,10:16:52,42309.05,650,2295975
20221121,10:16:54,42309.80,500,2295975
20221121,10:16:55,42309.05,25,2295975
20221121,10:17:00,42311.50,50,2295975
20221121,10:17:01,42317.00,175,2295975
20221121,10:17:03,42313.15,200,2295975
20221121,10:17:04,42317.00,450,2295975
20221121,10:17:06,42322.00,75,2295975
20221121,10:17:07,42319.30,25,2295975
20221121,10:17:09,42318.10,50,2295975
20221121,10:17:12,42318.65,25,2295975
20221121,10:17:15,42323.00,50,2295975
20221121,10:17:16,42319.05,25,2295975
20221121,10:17:18,42323.00,50,2295975
20221121,10:17:19,42323.00,75,2295975
20221121,10:17:21,42319.65,75,2295975
20221121,10:17:24,42323.00,75,2295975
20221121,10:17:25,42323.00,125,2295975
20221121,10:17:28,42322.95,25,2295975
20221121,10:17:30,42322.95,50,2295975
20221121,10:17:31,42320.10,75,2295975
20221121,10:17:33,42322.95,25,2295875
20221121,10:17:34,42313.35,275,2295875
20221121,10:17:36,42313.35,25,2295875
20221121,10:17:37,42314.65,50,2295875
20221121,10:17:39,42320.90,175,2295875
20221121,10:17:40,42316.65,50,2295875
20221121,10:17:42,42319.80,225,2295875
20221121,10:17:43,42320.15,25,2295875
20221121,10:17:45,42321.70,100,2295875
20221121,10:17:46,42316.10,50,2295875
20221121,10:17:49,42316.40,25,2295875
20221121,10:17:50,42315.95,25,2295875
20221121,10:17:57,42321.55,100,2295875
20221121,10:18:00,42322.00,25,2295875
20221121,10:18:01,42318.10,100,2295875
20221121,10:18:03,42325.00,175,2295875
20221121,10:18:04,42325.00,150,2295875
20221121,10:18:06,42327.00,225,2295875
20221121,10:18:08,42327.75,150,2295875
20221121,10:18:09,42324.10,125,2295875
20221121,10:18:11,42328.00,75,2295875
20221121,10:18:12,42328.00,100,2295875
20221121,10:18:14,42329.00,225,2295875
20221121,10:18:16,42329.90,25,2295875
20221121,10:18:17,42331.05,2050,2295875
20221121,10:18:19,42331.10,525,2295875
20221121,10:18:21,42333.65,100,2295875
20221121,10:18:22,42331.20,225,2295875
20221121,10:18:24,42336.00,225,2295875
20221121,10:18:25,42335.05,200,2295875
20221121,10:18:27,42335.05,375,2295875
20221121,10:18:29,42335.00,250,2295875
20221121,10:18:30,42333.90,350,2295875
20221121,10:18:32,42334.90,100,2295875
20221121,10:18:34,42323.15,900,2295875
20221121,10:18:35,42325.15,50,2295875
20221121,10:18:37,42324.95,75,2295875
20221121,10:18:38,42332.30,275,2295875
20221121,10:18:40,42330.40,175,2295875
20221121,10:18:42,42331.00,700,2295875
20221121,10:18:45,42333.40,125,2295875
20221121,10:18:47,42328.05,175,2295875
20221121,10:18:48,42326.55,375,2295875
20221121,10:18:50,42332.45,950,2295875
20221121,10:18:51,42326.70,225,2295875
20221121,10:18:53,42327.55,25,2295875
20221121,10:18:54,42330.00,475,2295875
20221121,10:18:56,42327.45,825,2295875
20221121,10:18:58,42333.50,50,2295875
20221121,10:18:59,42333.45,150,2295875
20221121,10:19:01,42328.50,225,2295875
20221121,10:19:02,42329.70,50,2295875
20221121,10:19:04,42333.00,325,2295875
20221121,10:19:05,42329.15,75,2295875
20221121,10:19:07,42328.70,25,2295875
20221121,10:19:08,42333.00,50,2295875
20221121,10:19:12,42333.00,125,2295875
20221121,10:19:13,42336.40,225,2295875
20221121,10:19:15,42332.70,75,2295875
20221121,10:19:16,42338.00,75,2295875
20221121,10:19:18,42337.00,150,2295875
20221121,10:19:19,42339.30,1600,2295875
20221121,10:19:21,42339.10,1050,2295875
20221121,10:19:22,42338.70,425,2295875
20221121,10:19:24,42336.55,25,2295875
20221121,10:19:25,42337.35,350,2295875
20221121,10:19:27,42337.85,200,2295875
20221121,10:19:29,42335.25,350,2295875
20221121,10:19:30,42330.00,725,2295875
20221121,10:19:32,42330.00,225,2295875
20221121,10:19:33,42328.70,25,2295875
20221121,10:19:38,42325.00,125,2295875
20221121,10:19:39,42330.65,200,2295875
20221121,10:19:41,42331.00,25,2295875
20221121,10:19:47,42335.00,100,2295875
20221121,10:19:49,42336.20,50,2295875
20221121,10:19:50,42336.55,50,2295875
20221121,10:19:53,42336.30,125,2295875
20221121,10:19:55,42334.60,1975,2295875
20221121,10:19:56,42333.35,50,2295875
20221121,10:19:58,42333.75,225,2295875
20221121,10:19:59,42329.05,200,2295875
20221121,10:20:03,42325.25,50,2295875
20221121,10:20:06,42329.00,350,2295875
20221121,10:20:07,42324.50,50,2295875
20221121,10:20:09,42326.60,125,2295875
20221121,10:20:10,42323.75,25,2295875
20221121,10:20:12,42329.45,25,2295875
20221121,10:20:13,42330.75,50,2295875
20221121,10:20:15,42330.15,325,2295875
20221121,10:20:17,42322.05,125,2295875
20221121,10:20:18,42322.05,75,2295875
20221121,10:20:23,42320.35,25,2295875
20221121,10:20:27,42322.05,50,2295875
20221121,10:20:28,42320.00,150,2295875
20221121,10:20:30,42318.00,75,2295875
20221121,10:20:31,42325.10,175,2295875
20221121,10:20:33,42325.10,25,2295875
20221121,10:20:35,42320.35,25,2299000
20221121,10:20:36,42321.95,50,2299000
20221121,10:20:38,42327.20,25,2299000
20221121,10:20:41,42325.00,50,2299000
20221121,10:20:43,42327.20,50,2299000
20221121,10:20:44,42322.20,75,2299000
20221121,10:20:46,42326.20,50,2299000
20221121,10:20:51,42325.25,225,2299000
20221121,10:20:52,42325.15,50,2299000
20221121,10:20:54,42325.55,1375,2299000
20221121,10:20:55,42325.30,25,2299000
20221121,10:20:59,42323.40,25,2299000
20221121,10:21:00,42320.00,150,2299000
20221121,10:21:02,42320.00,225,2299000
20221121,10:21:04,42322.05,25,2299000
20221121,10:21:05,42318.00,300,2299000
20221121,10:21:07,42316.00,75,2299000
20221121,10:21:09,42315.00,500,2299000
20221121,10:21:10,42315.00,50,2299000
20221121,10:21:12,42315.00,25,2299000
20221121,10:21:13,42313.00,100,2299000
20221121,10:21:15,42312.40,150,2299000
20221121,10:21:17,42313.10,25,2299000
20221121,10:21:18,42312.00,50,2299000
20221121,10:21:20,42310.00,50,2299000
20221121,10:21:23,42312.00,25,2299000
20221121,10:21:25,42310.00,475,2299000
20221121,10:21:26,42304.90,350,2299000
20221121,10:21:28,42309.25,75,2299000
20221121,10:21:30,42304.00,100,2299000
20221121,10:21:31,42304.00,125,2299000
20221121,10:21:33,42303.10,50,2299000
20221121,10:21:34,42304.00,550,2299000
20221121,10:21:36,42304.00,25,2299000
20221121,10:21:38,42300.40,200,2299000
20221121,10:21:39,42302.85,25,2299000
20221121,10:21:41,42302.85,75,2299000
20221121,10:21:42,42300.00,275,2299000
20221121,10:21:44,42303.10,25,2299000
20221121,10:21:46,42303.55,50,2299000
20221121,10:21:47,42300.00,225,2299000
20221121,10:21:49,42303.10,75,2299000
20221121,10:21:50,42296.80,475,2299000
20221121,10:21:52,42302.60,25,2299000
20221121,10:21:54,42302.90,150,2299000
20221121,10:21:55,42296.80,825,2299000
20221121,10:21:57,42297.05,125,2299000
20221121,10:21:58,42295.40,75,2299000
20221121,10:22:02,42295.25,50,2299000
20221121,10:22:03,42300.00,75,2299000
20221121,10:22:05,42295.10,25,2299000
20221121,10:22:07,42295.00,50,2299000
20221121,10:22:08,42295.00,50,2299000
20221121,10:22:11,42295.00,200,2299000
20221121,10:22:13,42295.35,25,2299000
20221121,10:22:17,42295.55,150,2299000
20221121,10:22:19,42292.60,450,2299000
20221121,10:22:20,42294.90,50,2299000
20221121,10:22:24,42300.00,475,2299000
20221121,10:22:25,42305.00,100,2299000
20221121,10:22:27,42303.05,100,2299000
20221121,10:22:28,42303.05,25,2299000
20221121,10:22:30,42302.85,25,2299000
20221121,10:22:31,42304.50,25,2299000
20221121,10:22:33,42300.00,75,2299000
20221121,10:22:36,42300.80,500,2299000
20221121,10:22:39,42301.05,100,2299000
20221121,10:22:41,42300.35,25,2299000
20221121,10:22:45,42300.00,25,2299000
20221121,10:22:47,42300.00,200,2299000
20221121,10:22:53,42305.55,125,2299000
20221121,10:22:55,42307.00,125,2299000
20221121,10:23:00,42309.15,100,2299000
20221121,10:23:01,42310.00,25,2299000
20221121,10:23:03,42310.00,75,2299000
20221121,10:23:06,42309.95,375,2299000
20221121,10:23:13,42307.85,25,2299000
20221121,10:23:16,42310.15,100,2299000
20221121,10:23:19,42315.00,350,2299000
20221121,10:23:21,42310.15,125,2299000
20221121,10:23:22,42318.45,475,2299000
20221121,10:23:24,42315.00,75,2299000
20221121,10:23:26,42315.00,25,2299000
20221121,10:23:29,42310.35,100,2299000
20221121,10:23:35,42310.50,750,2300200
20221121,10:23:37,42310.50,25,2300200
20221121,10:23:42,42310.00,25,2300200
20221121,10:23:43,42310.00,100,2300200
20221121,10:23:45,42310.80,25,2300200
20221121,10:23:47,42314.90,150,2300200
20221121,10:23:48,42312.30,75,2300200
20221121,10:23:50,42310.00,625,2300200
20221121,10:23:51,42305.00,125,2300200
20221121,10:23:53,42304.05,125,2300200
20221121,10:23:55,42310.50,25,2300200
20221121,10:23:58,42304.00,100,2300200
20221121,10:24:03,42304.35,100,2300200
20221121,10:24:04,42310.00,75,2300200
20221121,10:24:06,42304.00,50,2300200
20221121,10:24:09,42304.40,150,2300200
20221121,10:24:10,42308.65,50,2300200
20221121,10:24:12,42309.05,50,2300200
20221121,10:24:14,42304.00,50,2300200
20221121,10:24:15,42304.00,25,2300200
20221121,10:24:17,42304.00,25,2300200
20221121,10:24:18,42304.80,50,2300200
20221121,10:24:20,42300.00,100,2300200
20221121,10:24:23,42300.05,100,2300200
20221121,10:24:25,42300.40,175,2300200
20221121,10:24:26,42298.30,325,2300200
20221121,10:24:28,42299.65,50,2300200
20221121,10:24:29,42298.40,100,2300200
20221121,10:24:34,42298.00,50,2300200
20221121,10:24:37,42299.60,125,2300200
20221121,10:24:39,42307.35,50,2300200
20221121,10:24:42,42301.85,50,2300200
20221121,10:24:44,42305.75,50,2300200
20221121,10:24:46,42301.85,100,2300200
20221121,10:24:52,42307.00,175,2300200
20221121,10:24:54,42307.00,50,2300200
20221121,10:24:55,42304.95,25,2300200
20221121,10:25:03,42301.20,150,2300200
20221121,10:25:05,42301.05,125,2300200
20221121,10:25:06,42300.35,325,2300200
20221121,10:25:08,42298.00,375,2300200
20221121,10:25:09,42294.55,350,2300200
20221121,10:25:11,42295.50,375,2300200
20221121,10:25:13,42293.95,300,2300200
20221121,10:25:14,42294.15,625,2300200
20221121,10:25:16,42293.70,400,2300200
20221121,10:25:17,42296.15,275,2300200
20221121,10:25:19,42300.30,250,2300200
20221121,10:25:22,42300.30,25,2300200
20221121,10:25:24,42295.05,100,2300200
20221121,10:25:26,42296.90,25,2300200
20221121,10:25:27,42301.25,150,2300200
20221121,10:25:29,42301.25,25,2300200
20221121,10:25:30,42296.90,50,2300200
20221121,10:25:32,42298.30,50,2300200
20221121,10:25:34,42298.45,100,2300200
20221121,10:25:35,42299.60,275,2300200
20221121,10:25:37,42299.95,50,2300200
20221121,10:25:45,42301.15,50,2300200
20221121,10:25:47,42302.50,425,2300200
20221121,10:25:48,42303.80,325,2300200
20221121,10:25:50,42296.05,50,2300200
20221121,10:25:53,42294.00,150,2300200
20221121,10:25:55,42293.95,275,2300200
20221121,10:25:56,42290.00,500,2300200
20221121,10:25:58,42287.80,175,2300200
20221121,10:26:00,42288.25,100,2300200
20221121,10:26:01,42289.60,200,2300200
20221121,10:26:03,42293.10,25,2300200
20221121,10:26:05,42291.65,250,2300200
20221121,10:26:06,42295.95,50,2300200
20221121,10:26:09,42293.95,50,2300200
20221121,10:26:11,42295.00,25,2300200
20221121,10:26:13,42295.30,75,2300200
20221121,10:26:16,42295.35,50,2300200
20221121,10:26:17,42293.10,100,2300200
20221121,10:26:19,42291.60,25,2300200
20221121,10:26:20,42290.20,300,2300200
20221121,10:26:22,42290.20,75,2300200
20221121,10:26:23,42290.20,75,2300200
20221121,10:26:25,42291.15,25,2300200
20221121,10:26:34,42291.05,75,2300200
20221121,10:26:38,42300.00,25,2294750
20221121,10:26:41,42299.95,175,2294750
20221121,10:26:42,42297.30,25,2294750
20221121,10:26:44,42297.25,50,2294750
20221121,10:26:46,42299.90,50,2294750
20221121,10:26:49,42297.25,25,2294750
20221121,10:26:52,42301.00,325,2294750
20221121,10:26:54,42305.00,50,2294750
20221121,10:26:55,42305.00,25,2294750
20221121,10:26:57,42300.45,275,2294750
20221121,10:27:00,42306.60,50,2294750
20221121,10:27:02,42306.85,175,2294750
20221121,10:27:06,42306.95,100,2294750
20221121,10:27:10,42306.85,50,2294750
20221121,10:27:12,42304.05,150,2294750
20221121,10:27:17,42310.00,100,2294750
20221121,10:27:19,42306.85,50,2294750
20221121,10:27:22,42306.85,25,2294750
20221121,10:27:23,42303.00,125,2294750
20221121,10:27:25,42299.90,225,2294750
20221121,10:27:27,42299.75,50,2294750
20221121,10:27:34,42299.75,25,2294750
20221121,10:27:36,42303.95,50,2294750
20221121,10:27:37,42303.95,75,2294750
20221121,10:27:40,42303.90,25,2294750
20221121,10:27:42,42303.00,25,2294750
20221121,10:27:43,42300.00,350,2294750
20221121,10:27:45,42300.00,25,2294750
20221121,10:27:48,42300.00,25,2294750
20221121,10:27:51,42303.90,75,2294750
20221121,10:27:53,42305.80,25,2294750
20221121,10:27:56,42303.20,75,2294750
20221121,10:28:01,42304.25,100,2294750
20221121,10:28:04,42301.05,150,2294750
20221121,10:28:06,42307.65,25,2294750
20221121,10:28:07,42302.20,100,2294750
20221121,10:28:13,42304.40,25,2294750
20221121,10:28:15,42304.40,25,2294750
20221121,10:28:16,42304.40,25,2294750
20221121,10:28:18,42304.40,25,2294750
20221121,10:28:19,42310.00,25,2294750
20221121,10:28:27,42309.15,50,2294750
20221121,10:28:32,42309.50,50,2294750
20221121,10:28:36,42305.00,25,2294750
20221121,10:28:38,42309.85,50,2294750
20221121,10:28:39,42310.00,25,2294750
20221121,10:28:42,42310.00,25,2294750
20221121,10:28:44,42310.95,75,2294750
20221121,10:28:46,42310.90,25,2294750
20221121,10:28:47,42312.00,75,2294750
20221121,10:28:49,42315.00,25,2294750
20221121,10:28:52,42315.00,100,2294750
20221121,10:28:55,42310.05,75,2294750
20221121,10:28:57,42312.95,100,2294750
20221121,10:28:58,42315.75,50,2294750
20221121,10:29:00,42314.80,25,2294750
20221121,10:29:02,42310.50,25,2294750
20221121,10:29:03,42303.30,150,2294750
20221121,10:29:05,42303.10,125,2294750
20221121,10:29:06,42301.85,400,2294750
20221121,10:29:09,42304.40,150,2294750
20221121,10:29:11,42305.00,75,2294750
20221121,10:29:12,42303.20,200,2294750
20221121,10:29:14,42302.40,50,2294750
20221121,10:29:16,42302.35,25,2294750
20221121,10:29:17,42300.00,1075,2294750
20221121,10:29:22,42304.45,25,2294750
20221121,10:29:26,42304.30,125,2294750
20221121,10:29:27,42302.00,50,2294750
20221121,10:29:29,42304.30,50,2294750
20221121,10:29:32,42303.55,25,2294750
20221121,10:29:35,42303.55,25,2294750
20221121,10:29:38,42299.00,25,2296150
20221121,10:29:40,42297.25,50,2296150
20221121,10:29:41,42296.35,50,2296150
20221121,10:29:45,42301.20,125,2296150
20221121,10:29:53,42297.10,50,2296150
20221121,10:29:55,42301.25,275,2296150
20221121,10:29:58,42306.80,775,2296150
20221121,10:30:00,42301.25,25,2296150
20221121,10:30:01,42302.90,50,2296150
20221121,10:30:03,42307.00,125,2296150
20221121,10:30:04,42310.55,350,2296150
20221121,10:30:06,42310.70,275,2296150
20221121,10:30:08,42313.65,50,2296150
20221121,10:30:09,42315.00,75,2296150
20221121,10:30:11,42315.00,100,2296150
20221121,10:30:12,42313.85,50,2296150
20221121,10:30:14,42309.10,125,2296150
20221121,10:30:16,42315.35,25,2296150
20221121,10:30:17,42316.10,50,2296150
20221121,10:30:19,42315.50,100,2296150
20221121,10:30:20,42312.65,100,2296150
20221121,10:30:22,42312.85,50,2296150
20221121,10:30:24,42309.45,125,2296150
20221121,10:30:27,42308.00,50,2296150
20221121,10:30:28,42308.00,75,2296150
20221121,10:30:33,42314.85,25,2296150
20221121,10:30:34,42314.70,150,2296150
20221121,10:30:40,42310.10,25,2296150
20221121,10:30:51,42313.00,50,2296150
20221121,10:30:53,42315.00,325,2296150
20221121,10:30:56,42314.10,75,2296150
20221121,10:30:58,42315.00,75,2296150
20221121,10:30:59,42315.00,25,2296150
20221121,10:31:05,42315.00,25,2296150
20221121,10:31:08,42312.30,50,2296150
20221121,10:31:13,42316.40,100,2296150
20221121,10:31:15,42319.60,225,2296150
20221121,10:31:16,42320.00,50,2296150
20221121,10:31:18,42321.15,100,2296150
20221121,10:31:21,42321.95,1000,2296150
20221121,10:31:22,42321.95,25,2296150
20221121,10:31:24,42318.20,575,2296150
20221121,10:31:25,42320.00,50,2296150
20221121,10:31:27,42322.50,25,2296150
20221121,10:31:30,42325.00,450,2296150
20221121,10:31:33,42325.00,100,2296150
20221121,10:31:35,42320.20,75,2296150
20221121,10:31:36,42325.00,25,2296150
20221121,10:31:40,42325.05,625,2296150
20221121,10:31:41,42327.00,75,2296150
20221121,10:31:43,42326.90,150,2296150
20221121,10:31:44,42321.20,25,2296150
20221121,10:31:46,42326.25,125,2296150
20221121,10:31:48,42327.40,100,2296150
20221121,10:31:49,42327.40,25,2296150
20221121,10:31:51,42328.40,125,2296150
20221121,10:31:52,42325.00,25,2296150
20221121,10:31:54,42328.90,50,2296150
20221121,10:31:55,42325.00,175,2296150
20221121,10:31:57,42325.00,300,2296150
20221121,10:31:59,42325.70,950,2296150
20221121,10:32:00,42328.40,75,2296150
20221121,10:32:02,42329.90,225,2296150
20221121,10:32:03,42325.65,300,2296150
20221121,10:32:05,42330.00,50,2296150
20221121,10:32:07,42331.00,100,2296150
20221121,10:32:08,42331.50,125,2296150
20221121,10:32:10,42332.05,125,2296150
20221121,10:32:11,42330.00,25,2296150
20221121,10:32:13,42325.65,225,2296150
20221121,10:32:15,42325.00,150,2296150
20221121,10:32:16,42325.00,25,2296150
20221121,10:32:21,42324.80,25,2296150
20221121,10:32:22,42325.00,50,2296150
20221121,10:32:24,42322.50,150,2296150
20221121,10:32:26,42324.95,25,2296150
20221121,10:32:27,42324.95,25,2296150
20221121,10:32:29,42324.95,25,2296150
20221121,10:32:32,42327.30,950,2296150
20221121,10:32:35,42328.20,25,2296250
20221121,10:32:36,42333.00,100,2296250
20221121,10:32:38,42325.15,100,2296250
20221121,10:32:40,42329.90,25,2296250
20221121,10:32:43,42322.70,100,2296250
20221121,10:32:44,42328.55,25,2296250
20221121,10:32:51,42328.95,25,2296250
20221121,10:32:53,42329.00,75,2296250
20221121,10:32:58,42330.95,100,2296250
20221121,10:33:00,42325.00,950,2296250
20221121,10:33:01,42325.10,75,2296250
20221121,10:33:03,42321.15,50,2296250
20221121,10:33:04,42327.10,100,2296250
20221121,10:33:06,42328.55,275,2296250
20221121,10:33:07,42325.35,25,2296250
20221121,10:33:09,42329.00,125,2296250
20221121,10:33:10,42326.40,100,2296250
20221121,10:33:12,42324.00,50,2296250
20221121,10:33:13,42331.20,75,2296250
20221121,10:33:15,42328.55,25,2296250
