20221121,09:15:00,18306.10,1,10783000
20221121,09:15:00,18285.10,3950,10783000
20221121,09:15:00,18272.60,2900,10783000
20221121,09:15:02,18267.55,5700,10783000
20221121,09:15:02,18267.05,600,10783000
20221121,09:15:03,18263.35,1750,10783000
20221121,09:15:04,18262.60,12300,10783000
20221121,09:15:05,18274.95,13950,10783000
20221121,09:15:06,18278.35,5700,10783000
20221121,09:15:07,18273.25,3100,10783000
20221121,09:15:08,18271.60,5450,10783000
20221121,09:15:09,18258.00,7550,10783000
20221121,09:15:11,18258.00,7950,10783000
20221121,09:15:11,18261.70,100,10783000
20221121,09:15:12,18265.00,4300,10783000
20221121,09:15:13,18266.45,4050,10783000
20221121,09:15:14,18268.70,2550,10783000
20221121,09:15:15,18260.60,4150,10783000
20221121,09:15:16,18257.00,7200,10783000
20221121,09:15:18,18256.55,4300,10783000
20221121,09:15:18,18254.20,4150,10783000
20221121,09:15:19,18252.70,2800,10783000
20221121,09:15:20,18256.55,1900,10783000
20221121,09:15:21,18252.75,2350,10783000
20221121,09:15:22,18248.20,9650,10783000
20221121,09:15:24,18247.15,4750,10783000
20221121,09:15:24,18256.50,300,10783000
20221121,09:15:25,18251.80,2150,10783000
20221121,09:15:26,18251.30,2800,10783000
20221121,09:15:27,18251.00,7150,10783000
20221121,09:15:28,18250.05,1600,10783000
20221121,09:15:30,18250.00,6350,10783000
20221121,09:15:30,18250.00,1600,10783000
20221121,09:15:31,18251.05,4350,10783000
20221121,09:15:32,18251.80,2500,10783000
20221121,09:15:33,18257.75,2750,10783000
20221121,09:15:34,18251.45,2650,10783000
20221121,09:15:36,18253.55,2150,10783000
20221121,09:15:36,18253.40,100,10783000
20221121,09:15:37,18254.45,4100,10783000
20221121,09:15:38,18255.00,1050,10783000
20221121,09:15:39,18256.40,5850,10783000
20221121,09:15:40,18256.05,1500,10783000
20221121,09:15:42,18253.80,1750,10783000
20221121,09:15:42,18253.05,850,10783000
20221121,09:15:43,18254.00,4800,10783000
20221121,09:15:44,18253.60,900,10783000
20221121,09:15:45,18251.60,3250,10783000
20221121,09:15:46,18253.75,750,10783000
20221121,09:15:48,18250.40,3600,10783000
20221121,09:15:48,18250.00,1750,10783000
20221121,09:15:49,18252.35,1950,10783000
20221121,09:15:50,18253.00,1850,10783000
20221121,09:15:51,18252.20,2250,10783000
20221121,09:15:52,18256.00,3550,10783000
20221121,09:15:54,18255.80,1200,10783000
20221121,09:15:55,18252.60,3800,10783000
20221121,09:15:55,18251.00,150,10783000
20221121,09:15:56,18254.25,2800,10783000
20221121,09:15:57,18253.75,1400,10783000
20221121,09:15:58,18254.35,2850,10783000
20221121,09:16:00,18252.35,550,10783000
20221121,09:16:01,18254.10,2200,10783000
20221121,09:16:01,18254.25,150,10783000
20221121,09:16:02,18255.00,2550,10783000
20221121,09:16:03,18258.30,2400,10783000
20221121,09:16:04,18259.10,1400,10783000
20221121,09:16:06,18258.40,350,10783000
20221121,09:16:07,18255.00,1050,10783000
20221121,09:16:07,18256.80,100,10783000
20221121,09:16:08,18256.35,1200,10783000
20221121,09:16:09,18258.10,1000,10783000
20221121,09:16:10,18257.50,1350,10783000
20221121,09:16:12,18257.30,1350,10783000
20221121,09:16:13,18257.70,2150,10783000
20221121,09:16:14,18255.85,3000,10783000
20221121,09:16:15,18259.45,250,10783000
20221121,09:16:16,18257.15,2300,10783000
20221121,09:16:17,18255.70,400,10783000
20221121,09:16:19,18255.95,1750,10783000
20221121,09:16:20,18255.00,1850,10783000
20221121,09:16:21,18254.55,1350,10783000
20221121,09:16:22,18253.50,800,10783000
20221121,09:16:23,18252.70,2900,10783000
20221121,09:16:25,18251.25,900,10783000
20221121,09:16:26,18251.50,1900,10783000
20221121,09:16:27,18251.70,700,10783000
20221121,09:16:28,18253.00,300,10783000
20221121,09:16:29,18252.30,750,10783000
20221121,09:16:31,18250.40,1550,10783000
20221121,09:16:32,18252.15,750,10783000
20221121,09:16:32,18252.10,100,10783000
20221121,09:16:33,18253.75,2350,10783000
20221121,09:16:34,18251.00,1350,10783000
20221121,09:16:35,18253.45,1000,10783000
20221121,09:16:37,18250.45,1000,10783000
20221121,09:16:38,18253.05,2400,10783000
20221121,09:16:39,18253.35,1750,10783000
20221121,09:16:40,18254.10,1150,10783000
20221121,09:16:41,18252.10,600,10783000
20221121,09:16:42,18254.75,300,10783000
20221121,09:16:44,18254.70,300,10783000
20221121,09:16:45,18253.00,500,10783000
20221121,09:16:45,18251.95,450,10783000
20221121,09:16:46,18253.15,1350,10783000
20221121,09:16:47,18252.60,500,10783000
20221121,09:16:48,18252.10,600,10783000
20221121,09:16:50,18250.60,1050,10783000
20221121,09:16:51,18251.85,2350,10783000
20221121,09:16:51,18249.75,2700,10783000
20221121,09:16:52,18250.55,1300,10783000
20221121,09:16:53,18249.25,1850,10783000
20221121,09:16:54,18246.60,2850,10783000
20221121,09:16:56,18246.45,1000,10783000
20221121,09:16:57,18246.15,900,10783000
20221121,09:16:58,18245.30,2800,10783000
20221121,09:16:58,18247.00,50,10783000
20221121,09:16:59,18245.00,1300,10783000
20221121,09:17:00,18245.00,4250,10783000
20221121,09:17:01,18242.90,3400,10783000
20221121,09:17:03,18242.90,1650,10783000
20221121,09:17:04,18242.85,2200,10783000
20221121,09:17:05,18242.25,2000,10783000
20221121,09:17:06,18241.00,2350,10783000
20221121,09:17:07,18242.75,2300,10783000
20221121,09:17:09,18240.00,3250,10783000
20221121,09:17:10,18237.00,3200,10783000
20221121,09:17:11,18241.65,1650,10783000
20221121,09:17:12,18240.70,650,10783000
20221121,09:17:13,18242.10,2450,10783000
20221121,09:17:15,18238.00,1150,10783000
20221121,09:17:16,18236.85,1800,10783000
20221121,09:17:16,18240.00,850,10783000
20221121,09:17:17,18238.35,4850,10783000
20221121,09:17:18,18235.50,1600,10783000
20221121,09:17:19,18237.90,3200,10783000
20221121,09:17:21,18239.80,11100,10783000
20221121,09:17:22,18237.70,5700,10783000
20221121,09:17:22,18240.00,550,10783000
20221121,09:17:23,18245.00,3050,10778600
20221121,09:17:24,18242.70,1900,10778600
20221121,09:17:25,18238.85,2350,10778600
20221121,09:17:27,18240.05,2800,10778600
20221121,09:17:28,18243.25,1650,10778600
20221121,09:17:28,18242.50,150,10778600
20221121,09:17:29,18241.65,11800,10778600
20221121,09:17:30,18242.55,2050,10778600
20221121,09:17:31,18245.30,650,10778600
20221121,09:17:33,18243.10,950,10778600
20221121,09:17:34,18243.70,350,10778600
20221121,09:17:34,18240.90,50,10778600
20221121,09:17:35,18242.45,200,10778600
20221121,09:17:36,18244.65,200,10778600
20221121,09:17:37,18244.90,1000,10778600
20221121,09:17:39,18243.40,2350,10778600
20221121,09:17:40,18242.55,2600,10778600
20221121,09:17:41,18244.45,800,10778600
20221121,09:17:41,18244.80,100,10778600
20221121,09:17:42,18243.40,1250,10778600
20221121,09:17:43,18245.20,650,10778600
20221121,09:17:44,18245.45,350,10778600
20221121,09:17:46,18243.40,1400,10778600
20221121,09:17:47,18244.90,3100,10778600
20221121,09:17:48,18244.90,1000,10778600
20221121,09:17:48,18244.80,100,10778600
20221121,09:17:49,18244.65,450,10778600
20221121,09:17:50,18244.85,900,10778600
20221121,09:17:51,18244.25,1150,10778600
20221121,09:17:53,18243.00,550,10778600
20221121,09:17:54,18242.40,1750,10778600
20221121,09:17:54,18243.45,50,10778600
20221121,09:17:55,18242.65,1800,10778600
20221121,09:17:56,18244.65,1550,10778600
20221121,09:17:57,18244.25,2450,10778600
20221121,09:17:59,18243.90,500,10778600
20221121,09:18:00,18243.25,800,10778600
20221121,09:18:00,18243.00,300,10778600
20221121,09:18:01,18242.95,2400,10778600
20221121,09:18:02,18244.25,800,10778600
20221121,09:18:04,18244.75,200,10778600
20221121,09:18:05,18243.50,750,10778600
20221121,09:18:06,18246.00,400,10778600
20221121,09:18:06,18246.00,50,10778600
20221121,09:18:07,18246.00,950,10778600
20221121,09:18:09,18248.00,200,10778600
20221121,09:18:09,18247.95,650,10778600
20221121,09:18:10,18247.25,850,10778600
20221121,09:18:11,18247.55,400,10778600
20221121,09:18:12,18247.60,100,10778600
20221121,09:18:13,18248.90,650,10778600
20221121,09:18:14,18249.00,450,10778600
20221121,09:18:15,18247.45,2000,10778600
20221121,09:18:16,18248.60,1850,10778600
20221121,09:18:17,18247.00,2750,10778600
20221121,09:18:18,18248.75,2850,10778600
20221121,09:18:19,18248.15,1250,10778600
20221121,09:18:20,18248.10,450,10778600
20221121,09:18:21,18248.25,2700,10778600
20221121,09:18:22,18245.10,950,10778600
20221121,09:18:24,18246.00,2150,10778600
20221121,09:18:24,18247.90,1050,10778600
20221121,09:18:25,18248.00,750,10778600
20221121,09:18:26,18246.45,2500,10778600
20221121,09:18:27,18246.15,800,10778600
20221121,09:18:28,18243.45,1400,10778600
20221121,09:18:29,18245.00,250,10778600
20221121,09:18:30,18243.00,800,10778600
20221121,09:18:31,18242.20,900,10778600
20221121,09:18:32,18242.20,400,10778600
20221121,09:18:33,18243.50,1800,10778600
20221121,09:18:34,18243.40,400,10778600
20221121,09:18:35,18243.00,1350,10778600
20221121,09:18:36,18241.30,1500,10778600
20221121,09:18:37,18240.80,1200,10778600
20221121,09:18:38,18241.30,2000,10778600
20221121,09:18:39,18241.70,1450,10778600
20221121,09:18:40,18244.25,700,10778600
20221121,09:18:41,18243.00,550,10778600
20221121,09:18:42,18243.85,350,10778600
20221121,09:18:43,18241.50,1000,10778600
20221121,09:18:44,18241.50,400,10778600
20221121,09:18:45,18240.20,200,10778600
20221121,09:18:46,18240.00,1700,10778600
20221121,09:18:48,18241.00,450,10778600
20221121,09:18:49,18240.00,1600,10778600
20221121,09:18:50,18241.00,700,10778600
20221121,09:18:51,18243.00,1000,10778600
20221121,09:18:52,18241.40,650,10778600
20221121,09:18:53,18243.85,600,10778600
20221121,09:18:54,18243.00,350,10778600
20221121,09:18:55,18241.35,1850,10778600
20221121,09:18:56,18241.70,500,10778600
20221121,09:18:57,18241.55,200,10778600
20221121,09:18:58,18241.00,2350,10778600
20221121,09:18:59,18241.70,50,10778600
20221121,09:19:00,18240.00,10250,10778600
20221121,09:19:01,18238.35,3350,10778600
20221121,09:19:02,18241.95,4650,10778600
20221121,09:19:03,18242.05,950,10778600
20221121,09:19:04,18244.00,200,10778600
20221121,09:19:05,18245.40,1000,10778600
20221121,09:19:06,18245.40,500,10778600
20221121,09:19:07,18244.00,600,10778600
20221121,09:19:08,18245.35,750,10778600
20221121,09:19:09,18245.00,750,10778600
20221121,09:19:10,18244.95,1850,10778600
20221121,09:19:12,18245.00,1650,10778600
20221121,09:19:13,18245.40,3500,10778600
20221121,09:19:14,18246.00,550,10778600
20221121,09:19:15,18246.25,450,10778600
20221121,09:19:16,18245.00,750,10778600
20221121,09:19:18,18245.25,12150,10778600
20221121,09:19:19,18246.15,1100,10778600
20221121,09:19:20,18245.85,800,10778600
20221121,09:19:20,18244.95,100,10778600
20221121,09:19:21,18247.00,1200,10778600
20221121,09:19:23,18245.45,250,10778600
20221121,09:19:24,18247.00,350,10778600
20221121,09:19:25,18248.15,1000,10778600
20221121,09:19:26,18247.00,1250,10778600
20221121,09:19:27,18245.05,1150,10778600
20221121,09:19:28,18245.45,450,10778600
20221121,09:19:29,18245.00,1300,10778600
20221121,09:19:31,18249.15,2000,10778600
20221121,09:19:32,18248.00,50,10778600
20221121,09:19:33,18245.45,400,10778600
20221121,09:19:33,18247.00,700,10778600
20221121,09:19:34,18248.40,150,10778600
20221121,09:19:36,18244.80,1100,10778600
20221121,09:19:37,18245.45,1900,10778600
20221121,09:19:38,18245.00,1800,10778600
20221121,09:19:38,18245.00,50,10778600
20221121,09:19:39,18246.15,2500,10778600
20221121,09:19:40,18244.00,500,10778600
20221121,09:19:42,18244.80,150,10778600
20221121,09:19:43,18247.45,400,10778600
20221121,09:19:44,18248.00,200,10778600
20221121,09:19:45,18244.00,2650,10778600
20221121,09:19:47,18244.10,750,10778600
20221121,09:19:48,18240.25,4600,10778600
20221121,09:19:49,18245.25,400,10778600
20221121,09:19:50,18245.30,550,10778600
20221121,09:19:50,18245.75,200,10778600
20221121,09:19:51,18245.00,350,10778600
20221121,09:19:53,18245.00,1050,10778600
20221121,09:19:54,18242.30,300,10778600
20221121,09:19:55,18245.00,100,10778600
20221121,09:19:55,18242.15,500,10778600
20221121,09:19:56,18241.95,350,10778600
20221121,09:19:57,18245.00,100,10778600
20221121,09:19:59,18242.40,1900,10778600
20221121,09:20:00,18244.80,8550,10778600
20221121,09:20:01,18240.35,2850,10778600
20221121,09:20:01,18240.30,200,10778600
20221121,09:20:02,18240.80,3400,10778600
20221121,09:20:03,18240.50,5700,10778600
20221121,09:20:05,18238.70,8950,10778600
20221121,09:20:06,18240.00,3350,10778600
20221121,09:20:07,18237.65,1050,10778600
20221121,09:20:07,18238.35,50,10778600
20221121,09:20:08,18237.85,650,10778600
20221121,09:20:09,18238.05,1650,10778600
20221121,09:20:10,18237.50,550,10778600
20221121,09:20:12,18240.00,300,10778600
20221121,09:20:13,18242.85,1150,10778600
20221121,09:20:14,18241.15,1100,10778600
20221121,09:20:15,18243.00,450,10778600
20221121,09:20:16,18242.30,3000,10778600
20221121,09:20:17,18242.20,1050,10778600
20221121,09:20:18,18241.80,200,10778600
20221121,09:20:20,18244.70,650,10778600
20221121,09:20:21,18246.95,2450,10778600
20221121,09:20:22,18245.00,650,10778600
20221121,09:20:23,18245.75,650,10736300
20221121,09:20:24,18246.40,1350,10736300
20221121,09:20:24,18246.40,50,10736300
20221121,09:20:26,18246.40,1800,10736300
20221121,09:20:27,18246.30,1600,10736300
20221121,09:20:28,18246.80,550,10736300
20221121,09:20:29,18244.70,1400,10736300
20221121,09:20:30,18243.30,400,10736300
20221121,09:20:31,18240.35,3150,10736300
20221121,09:20:31,18240.30,100,10736300
20221121,09:20:32,18240.30,950,10736300
20221121,09:20:34,18243.30,250,10736300
20221121,09:20:35,18241.70,150,10736300
20221121,09:20:36,18243.30,150,10736300
20221121,09:20:37,18246.00,650,10736300
20221121,09:20:38,18242.75,550,10736300
20221121,09:20:39,18244.60,200,10736300
20221121,09:20:39,18245.75,50,10736300
20221121,09:20:41,18246.00,100,10736300
20221121,09:20:42,18244.00,650,10736300
20221121,09:20:43,18244.70,600,10736300
20221121,09:20:44,18243.20,350,10736300
20221121,09:20:45,18243.00,200,10736300
20221121,09:20:46,18242.55,450,10736300
20221121,09:20:48,18243.10,300,10736300
20221121,09:20:49,18244.80,200,10736300
20221121,09:20:50,18247.00,1350,10736300
20221121,09:20:51,18246.60,800,10736300
20221121,09:20:53,18247.60,750,10736300
20221121,09:20:54,18246.00,50,10736300
20221121,09:20:55,18245.20,1250,10736300
20221121,09:20:56,18248.15,150,10736300
20221121,09:20:56,18248.15,100,10736300
20221121,09:20:58,18246.60,100,10736300
20221121,09:20:59,18246.60,550,10736300
20221121,09:21:00,18245.80,900,10736300
20221121,09:21:01,18245.80,800,10736300
20221121,09:21:01,18246.10,1850,10736300
20221121,09:21:03,18244.20,300,10736300
20221121,09:21:04,18244.60,500,10736300
20221121,09:21:05,18242.00,550,10736300
20221121,09:21:06,18244.80,550,10736300
20221121,09:21:08,18244.10,650,10736300
20221121,09:21:09,18244.15,150,10736300
20221121,09:21:10,18242.75,150,10736300
20221121,09:21:11,18242.60,1150,10736300
20221121,09:21:12,18244.00,200,10736300
20221121,09:21:13,18244.00,400,10736300
20221121,09:21:15,18245.25,150,10736300
20221121,09:21:17,18245.25,850,10736300
20221121,09:21:17,18243.10,800,10736300
20221121,09:21:18,18244.70,1200,10736300
20221121,09:21:20,18243.05,600,10736300
20221121,09:21:21,18243.00,300,10736300
20221121,09:21:22,18243.05,1100,10736300
20221121,09:21:23,18243.00,400,10736300
20221121,09:21:23,18242.65,100,10736300
20221121,09:21:25,18241.45,1150,10736300
20221121,09:21:27,18240.05,1200,10736300
20221121,09:21:28,18240.85,900,10736300
20221121,09:21:29,18240.85,1300,10736300
20221121,09:21:30,18239.90,350,10736300
20221121,09:21:32,18238.20,850,10736300
20221121,09:21:33,18237.00,3350,10736300
20221121,09:21:34,18235.00,3700,10736300
20221121,09:21:35,18231.35,7000,10736300
20221121,09:21:35,18233.20,300,10736300
20221121,09:21:36,18230.00,7150,10736300
20221121,09:21:38,18230.05,1800,10736300
20221121,09:21:39,18229.55,5050,10736300
20221121,09:21:40,18230.20,400,10736300
20221121,09:21:41,18229.25,1850,10736300
20221121,09:21:41,18231.70,250,10736300
20221121,09:21:43,18231.35,2350,10736300
20221121,09:21:44,18232.40,800,10736300
20221121,09:21:45,18235.00,1200,10736300
20221121,09:21:46,18230.40,1250,10736300
20221121,09:21:46,18229.65,750,10736300
20221121,09:21:48,18229.05,750,10736300
20221121,09:21:49,18228.30,2050,10736300
20221121,09:21:50,18229.05,350,10736300
20221121,09:21:51,18227.75,1300,10736300
20221121,09:21:51,18230.05,50,10736300
20221121,09:21:53,18227.60,1800,10736300
20221121,09:21:54,18230.00,400,10736300
20221121,09:21:55,18227.55,1050,10736300
20221121,09:21:56,18227.55,300,10736300
20221121,09:21:58,18226.00,2700,10736300
20221121,09:21:59,18226.05,1150,10736300
20221121,09:22:00,18225.45,1850,10736300
20221121,09:22:01,18225.00,2200,10736300
20221121,09:22:01,18225.00,50,10736300
20221121,09:22:03,18227.00,1150,10736300
20221121,09:22:04,18222.55,4700,10736300
20221121,09:22:05,18222.05,1550,10736300
20221121,09:22:06,18226.65,1150,10736300
20221121,09:22:06,18226.00,150,10736300
20221121,09:22:08,18225.05,1050,10736300
20221121,09:22:09,18225.60,600,10736300
20221121,09:22:10,18226.25,1550,10736300
20221121,09:22:11,18222.65,250,10736300
20221121,09:22:12,18221.55,1400,10736300
20221121,09:22:13,18220.60,2000,10736300
20221121,09:22:14,18220.35,900,10736300
20221121,09:22:15,18221.75,2750,10736300
20221121,09:22:16,18220.40,1850,10736300
20221121,09:22:17,18222.30,1150,10736300
20221121,09:22:18,18224.30,1200,10736300
20221121,09:22:19,18222.10,800,10736300
20221121,09:22:20,18224.95,200,10736300
20221121,09:22:21,18222.15,650,10736300
20221121,09:22:22,18222.20,50,10736300
20221121,09:22:23,18222.20,500,10736300
20221121,09:22:24,18222.10,450,10736300
20221121,09:22:25,18222.00,600,10736300
20221121,09:22:26,18221.00,300,10736300
20221121,09:22:27,18220.30,800,10736300
20221121,09:22:27,18220.30,1350,10736300
20221121,09:22:28,18220.00,1950,10736300
20221121,09:22:29,18221.00,1350,10736300
20221121,09:22:30,18222.00,500,10736300
20221121,09:22:31,18220.35,1100,10736300
20221121,09:22:32,18222.25,1650,10736300
20221121,09:22:33,18222.20,1600,10736300
20221121,09:22:35,18221.05,550,10736300
20221121,09:22:36,18222.20,900,10736300
20221121,09:22:37,18223.90,600,10736300
20221121,09:22:38,18220.00,3550,10736300
20221121,09:22:39,18222.20,750,10736300
20221121,09:22:40,18222.20,50,10736300
20221121,09:22:41,18221.00,550,10736300
20221121,09:22:42,18221.70,650,10736300
20221121,09:22:43,18221.70,200,10736300
20221121,09:22:44,18221.20,500,10736300
20221121,09:22:45,18220.15,1550,10736300
20221121,09:22:46,18221.00,350,10736300
20221121,09:22:47,18218.00,2850,10736300
20221121,09:22:48,18216.70,850,10736300
20221121,09:22:49,18216.65,200,10736300
20221121,09:22:50,18213.55,5350,10736300
20221121,09:22:51,18216.65,700,10736300
20221121,09:22:52,18216.65,2200,10736300
20221121,09:22:53,18217.95,1600,10736300
20221121,09:22:54,18215.20,1200,10736300
20221121,09:22:55,18216.65,700,10736300
20221121,09:22:56,18214.10,1550,10736300
20221121,09:22:57,18216.45,350,10736300
20221121,09:22:58,18215.00,1800,10736300
20221121,09:22:59,18213.10,2250,10736300
20221121,09:23:00,18215.00,450,10736300
20221121,09:23:01,18217.10,500,10736300
20221121,09:23:02,18215.30,650,10736300
20221121,09:23:03,18215.05,400,10736300
20221121,09:23:04,18215.70,700,10736300
20221121,09:23:05,18215.00,1300,10736300
20221121,09:23:06,18216.30,800,10736300
20221121,09:23:07,18216.65,300,10736300
20221121,09:23:08,18216.65,150,10736300
20221121,09:23:09,18215.60,850,10736300
20221121,09:23:10,18218.05,1950,10736300
20221121,09:23:11,18217.75,1000,10736300
20221121,09:23:12,18216.25,1850,10736300
20221121,09:23:13,18216.65,250,10736300
20221121,09:23:14,18216.70,550,10736300
20221121,09:23:15,18217.00,550,10736300
20221121,09:23:16,18218.05,800,10736300
20221121,09:23:17,18218.05,300,10736300
20221121,09:23:18,18220.70,1550,10736300
20221121,09:23:19,18221.90,700,10736300
20221121,09:23:20,18221.65,1200,10736300
20221121,09:23:21,18221.60,1050,10736300
20221121,09:23:22,18222.00,400,10736300
20221121,09:23:23,18222.00,200,10736300
20221121,09:23:24,18219.90,2250,10698500
20221121,09:23:25,18219.85,550,10698500
20221121,09:23:26,18219.05,250,10698500
20221121,09:23:27,18218.65,600,10698500
20221121,09:23:28,18217.00,500,10698500
20221121,09:23:29,18216.20,400,10698500
20221121,09:23:30,18216.25,2350,10698500
20221121,09:23:31,18220.00,2400,10698500
20221121,09:23:32,18217.00,400,10698500
20221121,09:23:33,18216.20,700,10698500
20221121,09:23:34,18215.30,600,10698500
20221121,09:23:35,18218.00,1500,10698500
20221121,09:23:36,18216.10,450,10698500
20221121,09:23:37,18218.00,1450,10698500
20221121,09:23:38,18218.00,550,10698500
20221121,09:23:39,18215.05,3450,10698500
20221121,09:23:40,18217.75,50,10698500
20221121,09:23:41,18218.00,300,10698500
20221121,09:23:42,18218.10,800,10698500
20221121,09:23:43,18215.60,150,10698500
20221121,09:23:44,18218.15,450,10698500
20221121,09:23:46,18215.50,150,10698500
20221121,09:23:47,18216.00,600,10698500
20221121,09:23:48,18215.15,50,10698500
20221121,09:23:49,18218.45,700,10698500
20221121,09:23:50,18215.10,350,10698500
20221121,09:23:52,18215.65,300,10698500
20221121,09:23:53,18216.60,1150,10698500
20221121,09:23:54,18216.00,900,10698500
20221121,09:23:55,18215.55,350,10698500
20221121,09:23:57,18215.60,1100,10698500
20221121,09:23:58,18215.60,200,10698500
20221121,09:23:59,18216.00,450,10698500
20221121,09:24:00,18215.00,1600,10698500
20221121,09:24:01,18215.60,1100,10698500
20221121,09:24:02,18215.65,850,10698500
20221121,09:24:03,18215.60,2050,10698500
20221121,09:24:04,18215.20,2450,10698500
20221121,09:24:05,18213.00,400,10698500
20221121,09:24:06,18213.00,50,10698500
20221121,09:24:07,18215.60,350,10698500
20221121,09:24:08,18215.00,950,10698500
20221121,09:24:09,18216.45,500,10698500
20221121,09:24:10,18213.40,1100,10698500
20221121,09:24:11,18215.00,1050,10698500
20221121,09:24:12,18215.00,550,10698500
20221121,09:24:13,18214.05,650,10698500
20221121,09:24:14,18216.00,500,10698500
20221121,09:24:15,18215.00,350,10698500
20221121,09:24:16,18212.00,2700,10698500
20221121,09:24:17,18214.60,450,10698500
20221121,09:24:18,18212.50,400,10698500
20221121,09:24:19,18210.60,4350,10698500
20221121,09:24:20,18213.00,150,10698500
20221121,09:24:21,18210.15,450,10698500
20221121,09:24:22,18214.75,1000,10698500
20221121,09:24:23,18212.20,1450,10698500
20221121,09:24:24,18212.00,100,10698500
20221121,09:24:25,18212.25,300,10698500
20221121,09:24:26,18211.05,400,10698500
20221121,09:24:27,18211.35,400,10698500
20221121,09:24:28,18212.60,450,10698500
20221121,09:24:29,18213.55,1550,10698500
20221121,09:24:30,18211.60,150,10698500
20221121,09:24:31,18214.80,450,10698500
20221121,09:24:32,18214.00,1800,10698500
20221121,09:24:33,18211.70,50,10698500
20221121,09:24:34,18212.50,1900,10698500
20221121,09:24:35,18214.00,1900,10698500
20221121,09:24:36,18213.85,350,10698500
20221121,09:24:37,18213.90,750,10698500
20221121,09:24:38,18214.40,1850,10698500
20221121,09:24:39,18212.60,100,10698500
20221121,09:24:40,18211.60,3000,10698500
20221121,09:24:41,18214.00,2200,10698500
20221121,09:24:42,18214.00,350,10698500
20221121,09:24:43,18214.00,200,10698500
20221121,09:24:44,18212.55,800,10698500
20221121,09:24:45,18212.35,350,10698500
20221121,09:24:46,18214.00,150,10698500
20221121,09:24:48,18214.00,350,10698500
20221121,09:24:49,18214.00,400,10698500
20221121,09:24:50,18214.00,400,10698500
20221121,09:24:51,18214.00,750,10698500
20221121,09:24:52,18212.35,350,10698500
20221121,09:24:53,18212.70,900,10698500
20221121,09:24:54,18214.00,350,10698500
20221121,09:24:55,18211.10,2600,10698500
20221121,09:24:56,18214.00,300,10698500
20221121,09:24:57,18214.00,100,10698500
20221121,09:24:58,18212.00,450,10698500
20221121,09:24:59,18212.00,300,10698500
20221121,09:25:00,18214.00,350,10698500
20221121,09:25:01,18212.60,350,10698500
20221121,09:25:02,18213.30,1150,10698500
20221121,09:25:03,18210.30,1700,10698500
20221121,09:25:04,18210.10,1650,10698500
20221121,09:25:05,18210.45,800,10698500
20221121,09:25:06,18212.90,350,10698500
20221121,09:25:07,18213.85,450,10698500
20221121,09:25:08,18212.00,250,10698500
20221121,09:25:09,18213.60,350,10698500
20221121,09:25:10,18212.60,550,10698500
20221121,09:25:11,18212.35,50,10698500
20221121,09:25:12,18213.35,700,10698500
20221121,09:25:13,18214.00,900,10698500
20221121,09:25:14,18214.75,2350,10698500
20221121,09:25:15,18217.00,950,10698500
20221121,09:25:16,18215.10,500,10698500
20221121,09:25:17,18214.00,1450,10698500
20221121,09:25:18,18214.80,450,10698500
20221121,09:25:19,18215.90,2100,10698500
20221121,09:25:20,18215.40,600,10698500
20221121,09:25:21,18214.70,150,10698500
20221121,09:25:22,18214.40,150,10698500
20221121,09:25:23,18214.70,750,10698500
20221121,09:25:24,18211.55,500,10698500
20221121,09:25:25,18215.00,1900,10698500
20221121,09:25:26,18212.00,550,10698500
20221121,09:25:27,18214.00,100,10698500
20221121,09:25:28,18214.10,450,10698500
20221121,09:25:29,18215.55,300,10698500
20221121,09:25:30,18215.00,450,10698500
20221121,09:25:31,18214.70,850,10698500
20221121,09:25:32,18214.40,1250,10698500
20221121,09:25:33,18215.55,500,10698500
20221121,09:25:35,18218.55,350,10698500
20221121,09:25:36,18218.25,300,10698500
20221121,09:25:37,18217.55,1350,10698500
20221121,09:25:38,18218.20,1950,10698500
20221121,09:25:40,18216.10,550,10698500
20221121,09:25:41,18217.45,550,10698500
20221121,09:25:42,18217.80,300,10698500
20221121,09:25:43,18217.80,600,10698500
20221121,09:25:45,18217.80,100,10698500
20221121,09:25:46,18218.00,850,10698500
20221121,09:25:47,18218.30,550,10698500
20221121,09:25:48,18216.00,1500,10698500
20221121,09:25:50,18217.00,400,10698500
20221121,09:25:50,18215.05,50,10698500
20221121,09:25:51,18215.00,1550,10698500
20221121,09:25:52,18215.00,4000,10698500
20221121,09:25:53,18215.00,550,10698500
20221121,09:25:54,18213.15,400,10698500
20221121,09:25:56,18215.70,200,10698500
20221121,09:25:57,18215.00,100,10698500
20221121,09:25:58,18213.00,1000,10698500
20221121,09:26:00,18213.50,250,10698500
20221121,09:26:01,18212.00,900,10698500
20221121,09:26:02,18213.50,1250,10698500
20221121,09:26:03,18212.00,450,10698500
20221121,09:26:04,18211.55,2500,10698500
20221121,09:26:05,18211.55,100,10698500
20221121,09:26:06,18211.00,200,10698500
20221121,09:26:07,18214.00,850,10698500
20221121,09:26:09,18213.90,1250,10698500
20221121,09:26:10,18213.75,100,10698500
20221121,09:26:11,18213.90,50,10698500
20221121,09:26:12,18211.00,950,10698500
20221121,09:26:14,18213.90,50,10698500
20221121,09:26:15,18212.25,400,10698500
20221121,09:26:17,18213.30,150,10698500
20221121,09:26:19,18212.00,200,10698500
20221121,09:26:19,18213.30,50,10698500
20221121,09:26:20,18212.35,200,10698500
20221121,09:26:21,18213.25,100,10698500
20221121,09:26:22,18213.00,50,10698500
20221121,09:26:23,18214.10,2350,10698500
20221121,09:26:24,18213.90,450,10691800
20221121,09:26:26,18213.35,450,10691800
20221121,09:26:27,18213.85,600,10691800
20221121,09:26:28,18213.75,100,10691800
20221121,09:26:29,18213.30,250,10691800
20221121,09:26:30,18213.10,350,10691800
20221121,09:26:31,18213.25,250,10691800
20221121,09:26:32,18214.35,2000,10691800
20221121,09:26:34,18212.60,1000,10691800
20221121,09:26:35,18213.75,550,10691800
20221121,09:26:36,18216.90,300,10691800
20221121,09:26:37,18217.75,450,10691800
20221121,09:26:38,18217.45,200,10691800
20221121,09:26:39,18216.65,350,10691800
20221121,09:26:40,18215.85,150,10691800
20221121,09:26:41,18215.35,650,10691800
20221121,09:26:42,18215.05,950,10691800
20221121,09:26:43,18215.00,150,10691800
20221121,09:26:44,18216.00,200,10691800
20221121,09:26:45,18217.00,50,10691800
20221121,09:26:45,18216.00,250,10691800
20221121,09:26:46,18215.85,400,10691800
20221121,09:26:47,18215.60,300,10691800
20221121,09:26:48,18216.00,400,10691800
20221121,09:26:49,18215.00,700,10691800
20221121,09:26:51,18215.85,300,10691800
20221121,09:26:52,18215.80,150,10691800
20221121,09:26:53,18215.85,50,10691800
20221121,09:26:54,18215.85,150,10691800
20221121,09:26:55,18215.85,350,10691800
20221121,09:26:56,18216.70,150,10691800
20221121,09:26:57,18216.75,550,10691800
20221121,09:26:59,18216.70,50,10691800
20221121,09:26:59,18216.65,50,10691800
20221121,09:27:00,18217.00,650,10691800
20221121,09:27:01,18217.40,150,10691800
20221121,09:27:02,18218.00,50,10691800
20221121,09:27:03,18217.30,600,10691800
20221121,09:27:04,18217.30,300,10691800
20221121,09:27:06,18218.00,400,10691800
20221121,09:27:06,18217.65,400,10691800
20221121,09:27:07,18217.50,1800,10691800
20221121,09:27:08,18216.65,1000,10691800
20221121,09:27:09,18216.65,50,10691800
20221121,09:27:10,18218.50,100,10691800
20221121,09:27:11,18217.00,250,10691800
20221121,09:27:13,18217.00,250,10691800
20221121,09:27:13,18217.00,100,10691800
20221121,09:27:14,18217.80,500,10691800
20221121,09:27:15,18216.00,350,10691800
20221121,09:27:16,18217.70,1050,10691800
20221121,09:27:17,18216.60,400,10691800
20221121,09:27:18,18217.30,1400,10691800
20221121,09:27:19,18216.55,50,10691800
20221121,09:27:20,18216.85,950,10691800
20221121,09:27:21,18215.70,100,10691800
20221121,09:27:22,18216.55,1350,10691800
20221121,09:27:23,18215.70,200,10691800
20221121,09:27:24,18215.70,50,10691800
20221121,09:27:26,18215.70,2250,10691800
20221121,09:27:27,18215.60,100,10691800
20221121,09:27:28,18215.55,700,10691800
20221121,09:27:29,18214.00,1100,10691800
20221121,09:27:29,18215.20,150,10691800
20221121,09:27:31,18214.00,350,10691800
20221121,09:27:32,18212.25,500,10691800
20221121,09:27:32,18212.00,50,10691800
20221121,09:27:33,18212.00,850,10691800
20221121,09:27:34,18212.00,650,10691800
20221121,09:27:36,18212.00,200,10691800
20221121,09:27:37,18211.30,400,10691800
20221121,09:27:38,18211.00,1750,10691800
20221121,09:27:39,18213.80,350,10691800
20221121,09:27:40,18210.60,100,10691800
20221121,09:27:43,18215.00,900,10691800
20221121,09:27:44,18214.35,300,10691800
20221121,09:27:45,18212.00,200,10691800
20221121,09:27:46,18211.30,100,10691800
20221121,09:27:48,18214.80,750,10691800
20221121,09:27:49,18212.45,200,10691800
20221121,09:27:50,18214.90,250,10691800
20221121,09:27:53,18214.40,200,10691800
20221121,09:27:54,18214.40,300,10691800
20221121,09:27:55,18214.70,200,10691800
20221121,09:27:56,18214.70,50,10691800
20221121,09:27:58,18215.00,900,10691800
20221121,09:27:59,18214.95,50,10691800
20221121,09:28:00,18215.00,250,10691800
20221121,09:28:02,18214.15,950,10691800
20221121,09:28:03,18214.45,450,10691800
20221121,09:28:04,18213.80,450,10691800
20221121,09:28:04,18212.30,200,10691800
20221121,09:28:05,18212.00,600,10691800
20221121,09:28:06,18211.90,600,10691800
20221121,09:28:07,18211.35,100,10691800
20221121,09:28:08,18211.90,400,10691800
20221121,09:28:09,18211.90,100,10691800
20221121,09:28:10,18210.00,2700,10691800
20221121,09:28:12,18212.00,350,10691800
20221121,09:28:13,18211.60,3300,10691800
20221121,09:28:14,18206.35,5400,10691800
20221121,09:28:15,18206.25,2300,10691800
20221121,09:28:16,18206.05,450,10691800
20221121,09:28:16,18206.05,50,10691800
20221121,09:28:17,18206.00,1700,10691800
20221121,09:28:18,18205.20,1650,10691800
20221121,09:28:20,18205.00,1650,10691800
20221121,09:28:21,18205.00,450,10691800
20221121,09:28:21,18205.35,50,10691800
20221121,09:28:22,18205.15,1300,10691800
20221121,09:28:23,18205.05,3800,10691800
20221121,09:28:24,18206.00,100,10691800
20221121,09:28:26,18206.05,400,10691800
20221121,09:28:27,18207.00,100,10691800
20221121,09:28:27,18206.00,150,10691800
20221121,09:28:28,18206.00,400,10691800
20221121,09:28:29,18206.00,850,10691800
20221121,09:28:31,18205.35,600,10691800
20221121,09:28:32,18206.70,1350,10691800
20221121,09:28:32,18206.85,300,10691800
20221121,09:28:33,18205.05,350,10691800
20221121,09:28:34,18204.65,1600,10691800
20221121,09:28:35,18204.50,700,10691800
20221121,09:28:37,18204.05,500,10691800
20221121,09:28:38,18206.00,300,10691800
20221121,09:28:38,18205.35,100,10691800
20221121,09:28:39,18204.00,600,10691800
20221121,09:28:40,18203.35,900,10691800
20221121,09:28:42,18205.95,450,10691800
20221121,09:28:43,18204.90,100,10691800
20221121,09:28:43,18205.00,100,10691800
20221121,09:28:44,18204.05,250,10691800
20221121,09:28:45,18205.25,200,10691800
20221121,09:28:46,18205.05,900,10691800
20221121,09:28:48,18204.05,100,10691800
20221121,09:28:49,18203.15,250,10691800
20221121,09:28:49,18203.15,50,10691800
20221121,09:28:50,18203.30,850,10691800
20221121,09:28:51,18204.05,500,10691800
20221121,09:28:53,18205.00,600,10691800
20221121,09:28:54,18204.05,200,10691800
20221121,09:28:55,18204.05,850,10691800
20221121,09:28:56,18205.00,250,10691800
20221121,09:28:58,18203.55,400,10691800
20221121,09:28:59,18203.55,350,10691800
20221121,09:29:00,18203.50,2000,10691800
20221121,09:29:01,18202.10,1700,10691800
20221121,09:29:02,18202.10,100,10691800
20221121,09:29:03,18202.10,250,10691800
20221121,09:29:04,18202.00,900,10691800
20221121,09:29:05,18201.25,1150,10691800
20221121,09:29:07,18201.00,5300,10691800
20221121,09:29:08,18200.35,500,10691800
20221121,09:29:09,18201.20,1550,10691800
20221121,09:29:09,18202.10,150,10691800
20221121,09:29:10,18200.55,1550,10691800
20221121,09:29:11,18200.10,1050,10691800
20221121,09:29:12,18200.05,450,10691800
20221121,09:29:14,18200.05,450,10691800
20221121,09:29:15,18200.40,300,10691800
20221121,09:29:16,18200.00,7050,10691800
20221121,09:29:16,18200.00,50,10691800
20221121,09:29:17,18200.00,1400,10691800
20221121,09:29:18,18200.25,700,10691800
20221121,09:29:19,18200.40,300,10691800
20221121,09:29:21,18195.00,21600,10691800
20221121,09:29:22,18198.60,250,10691800
20221121,09:29:23,18198.85,3750,10691800
20221121,09:29:23,18198.85,250,10691800
20221121,09:29:24,18197.90,1050,10691800
20221121,09:29:25,18200.50,2300,10691500
20221121,09:29:27,18198.95,550,10691500
20221121,09:29:28,18198.90,100,10691500
20221121,09:29:28,18198.85,150,10691500
20221121,09:29:29,18198.60,250,10691500
20221121,09:29:30,18198.60,100,10691500
20221121,09:29:32,18200.00,800,10691500
20221121,09:29:33,18198.90,600,10691500
20221121,09:29:34,18200.00,400,10691500
20221121,09:29:35,18200.75,200,10691500
20221121,09:29:36,18200.85,2100,10691500
20221121,09:29:36,18200.80,300,10691500
20221121,09:29:37,18200.75,650,10691500
20221121,09:29:39,18203.65,400,10691500
20221121,09:29:40,18200.60,1700,10691500
20221121,09:29:41,18200.75,600,10691500
20221121,09:29:42,18202.95,700,10691500
20221121,09:29:43,18202.95,500,10691500
20221121,09:29:45,18200.80,200,10691500
20221121,09:29:46,18203.80,450,10691500
20221121,09:29:47,18202.95,850,10691500
20221121,09:29:48,18202.60,500,10691500
20221121,09:29:50,18202.00,750,10691500
20221121,09:29:51,18200.75,850,10691500
20221121,09:29:52,18200.20,600,10691500
20221121,09:29:53,18200.95,1300,10691500
20221121,09:29:54,18200.00,550,10691500
20221121,09:29:54,18200.00,200,10691500
20221121,09:29:55,18200.00,400,10691500
20221121,09:29:57,18199.45,250,10691500
20221121,09:29:58,18199.45,550,10691500
20221121,09:29:59,18200.00,750,10691500
20221121,09:30:00,18199.50,2150,10691500
20221121,09:30:01,18198.05,2150,10691500
20221121,09:30:03,18198.20,750,10691500
20221121,09:30:04,18199.90,700,10691500
20221121,09:30:05,18199.65,1900,10691500
20221121,09:30:05,18199.95,100,10691500
20221121,09:30:06,18199.35,750,10691500
20221121,09:30:08,18198.70,850,10691500
20221121,09:30:09,18200.00,1150,10691500
20221121,09:30:09,18200.00,850,10691500
20221121,09:30:10,18199.75,350,10691500
20221121,09:30:11,18200.05,150,10691500
20221121,09:30:12,18203.00,500,10691500
20221121,09:30:13,18202.60,150,10691500
20221121,09:30:14,18201.75,100,10691500
20221121,09:30:15,18200.65,500,10691500
20221121,09:30:16,18202.70,750,10691500
20221121,09:30:17,18202.80,100,10691500
20221121,09:30:18,18200.15,550,10691500
20221121,09:30:19,18201.10,250,10691500
20221121,09:30:20,18200.60,1000,10691500
20221121,09:30:21,18198.00,450,10691500
20221121,09:30:22,18198.90,700,10691500
20221121,09:30:23,18197.10,550,10691500
20221121,09:30:24,18199.40,200,10691500
20221121,09:30:25,18197.05,350,10691500
20221121,09:30:27,18199.30,50,10691500
20221121,09:30:28,18198.10,1800,10691500
20221121,09:30:29,18199.00,350,10691500
20221121,09:30:30,18197.00,2550,10691500
20221121,09:30:32,18194.00,4050,10691500
20221121,09:30:33,18195.00,800,10691500
20221121,09:30:34,18195.40,1800,10691500
20221121,09:30:35,18193.05,700,10691500
20221121,09:30:36,18191.75,2250,10691500
20221121,09:30:37,18191.20,800,10691500
20221121,09:30:38,18191.15,900,10691500
20221121,09:30:39,18191.15,450,10691500
20221121,09:30:40,18190.00,4650,10691500
20221121,09:30:41,18189.50,3500,10691500
20221121,09:30:43,18189.05,550,10691500
20221121,09:30:44,18190.30,2600,10691500
20221121,09:30:45,18194.05,2450,10691500
20221121,09:30:46,18192.40,500,10691500
20221121,09:30:47,18191.35,600,10691500
20221121,09:30:48,18194.00,250,10691500
20221121,09:30:49,18191.25,1650,10691500
20221121,09:30:50,18193.00,500,10691500
20221121,09:30:51,18194.00,400,10691500
20221121,09:30:51,18191.35,300,10691500
20221121,09:30:52,18191.50,2250,10691500
20221121,09:30:54,18194.00,350,10691500
20221121,09:30:55,18193.00,1750,10691500
20221121,09:30:56,18194.10,900,10691500
20221121,09:30:56,18195.00,150,10691500
20221121,09:30:57,18194.10,250,10691500
20221121,09:30:59,18194.65,950,10691500
20221121,09:31:00,18193.00,500,10691500
20221121,09:31:01,18192.25,900,10691500
20221121,09:31:01,18192.10,250,10691500
20221121,09:31:02,18192.10,650,10691500
20221121,09:31:03,18191.30,1400,10691500
20221121,09:31:04,18191.70,1850,10691500
20221121,09:31:05,18192.00,600,10691500
20221121,09:31:06,18191.60,350,10691500
20221121,09:31:08,18194.05,300,10691500
20221121,09:31:09,18192.10,450,10691500
20221121,09:31:09,18194.10,350,10691500
20221121,09:31:10,18192.65,50,10691500
20221121,09:31:11,18192.60,450,10691500
20221121,09:31:12,18192.65,200,10691500
20221121,09:31:13,18194.35,250,10691500
20221121,09:31:15,18194.35,800,10691500
20221121,09:31:16,18194.65,850,10691500
20221121,09:31:17,18197.80,1800,10691500
20221121,09:31:18,18197.15,350,10691500
20221121,09:31:19,18197.25,150,10691500
20221121,09:31:20,18195.25,300,10691500
20221121,09:31:21,18196.00,650,10691500
20221121,09:31:22,18198.00,300,10691500
20221121,09:31:23,18197.70,100,10691500
20221121,09:31:25,18196.55,200,10691500
20221121,09:31:26,18198.65,400,10691500
20221121,09:31:27,18198.70,400,10691500
20221121,09:31:28,18198.70,700,10691500
20221121,09:31:29,18199.15,400,10691500
20221121,09:31:30,18197.15,550,10691500
20221121,09:31:31,18197.95,1050,10691500
20221121,09:31:32,18196.55,1450,10691500
20221121,09:31:33,18195.80,650,10691500
20221121,09:31:34,18194.35,700,10691500
20221121,09:31:35,18194.35,600,10691500
20221121,09:31:37,18195.70,200,10691500
20221121,09:31:37,18195.70,50,10691500
20221121,09:31:38,18197.30,100,10691500
20221121,09:31:41,18196.00,600,10691500
20221121,09:31:42,18197.00,150,10691500
20221121,09:31:43,18197.00,250,10691500
20221121,09:31:44,18197.30,200,10691500
20221121,09:31:46,18196.05,50,10691500
20221121,09:31:47,18196.05,150,10691500
20221121,09:31:48,18197.95,600,10691500
20221121,09:31:49,18199.40,2300,10691500
20221121,09:31:50,18197.00,850,10691500
20221121,09:31:51,18199.50,200,10691500
20221121,09:31:52,18197.00,7000,10691500
20221121,09:31:52,18197.00,1450,10691500
20221121,09:31:54,18197.00,1050,10691500
20221121,09:31:55,18197.95,100,10691500
20221121,09:31:56,18197.80,200,10691500
20221121,09:31:57,18196.00,250,10691500
20221121,09:31:57,18197.20,100,10691500
20221121,09:31:59,18196.00,250,10691500
20221121,09:32:00,18197.80,150,10691500
20221121,09:32:01,18197.45,1350,10691500
20221121,09:32:02,18197.15,400,10691500
20221121,09:32:03,18196.95,350,10691500
20221121,09:32:04,18197.55,350,10691500
20221121,09:32:05,18197.20,250,10691500
20221121,09:32:06,18196.05,100,10691500
20221121,09:32:07,18194.95,550,10691500
20221121,09:32:08,18197.00,100,10691500
20221121,09:32:09,18195.00,250,10691500
20221121,09:32:12,18197.00,100,10691500
20221121,09:32:13,18196.85,250,10691500
20221121,09:32:14,18196.00,250,10691500
20221121,09:32:15,18197.45,150,10691500
20221121,09:32:15,18197.30,50,10691500
20221121,09:32:16,18197.00,200,10691500
20221121,09:32:17,18198.00,1900,10691500
20221121,09:32:19,18197.95,350,10691500
20221121,09:32:20,18198.00,500,10691500
20221121,09:32:21,18196.90,250,10691500
20221121,09:32:22,18197.65,250,10691500
20221121,09:32:23,18197.80,200,10691500
20221121,09:32:25,18199.00,250,10691500
20221121,09:32:28,18199.00,650,10692500
20221121,09:32:29,18199.55,350,10692500
20221121,09:32:30,18199.70,250,10692500
20221121,09:32:31,18199.70,200,10692500
20221121,09:32:32,18199.70,200,10692500
20221121,09:32:33,18199.70,300,10692500
20221121,09:32:34,18199.70,50,10692500
20221121,09:32:35,18199.70,550,10692500
20221121,09:32:35,18198.05,250,10692500
20221121,09:32:37,18199.85,950,10692500
20221121,09:32:38,18199.65,200,10692500
20221121,09:32:39,18196.55,3150,10692500
20221121,09:32:40,18198.45,500,10692500
20221121,09:32:41,18197.10,800,10692500
20221121,09:32:42,18199.60,100,10692500
20221121,09:32:43,18198.00,150,10692500
20221121,09:32:44,18196.30,350,10692500
20221121,09:32:45,18198.25,50,10692500
20221121,09:32:46,18196.30,600,10692500
20221121,09:32:47,18198.25,450,10692500
20221121,09:32:49,18200.00,100,10692500
20221121,09:32:50,18200.00,150,10692500
20221121,09:32:52,18200.00,200,10692500
20221121,09:32:53,18200.00,1900,10692500
20221121,09:32:54,18200.75,200,10692500
20221121,09:32:55,18198.25,500,10692500
20221121,09:32:56,18198.30,1600,10692500
20221121,09:32:58,18199.95,500,10692500
20221121,09:32:59,18199.45,1050,10692500
20221121,09:33:00,18200.55,900,10692500
20221121,09:33:01,18198.00,500,10692500
20221121,09:33:02,18198.05,850,10692500
20221121,09:33:04,18200.20,550,10692500
20221121,09:33:05,18198.15,300,10692500
20221121,09:33:06,18198.90,800,10692500
20221121,09:33:07,18198.40,1250,10692500
20221121,09:33:08,18198.15,550,10692500
20221121,09:33:08,18199.30,50,10692500
20221121,09:33:09,18198.85,600,10692500
20221121,09:33:10,18198.30,250,10692500
20221121,09:33:12,18198.00,350,10692500
20221121,09:33:13,18198.90,150,10692500
20221121,09:33:14,18198.85,850,10692500
20221121,09:33:15,18199.35,50,10692500
20221121,09:33:16,18198.00,200,10692500
20221121,09:33:17,18199.60,250,10692500
20221121,09:33:18,18199.50,250,10692500
20221121,09:33:18,18199.50,50,10692500
20221121,09:33:20,18200.00,400,10692500
20221121,09:33:21,18199.00,2050,10692500
20221121,09:33:22,18198.85,250,10692500
20221121,09:33:23,18200.00,2250,10692500
20221121,09:33:24,18199.90,100,10692500
20221121,09:33:26,18199.70,250,10692500
20221121,09:33:27,18199.80,500,10692500
20221121,09:33:28,18199.80,50,10692500
20221121,09:33:29,18199.80,250,10692500
20221121,09:33:30,18199.75,100,10692500
20221121,09:33:31,18199.70,150,10692500
20221121,09:33:32,18199.45,150,10692500
20221121,09:33:33,18199.80,200,10692500
20221121,09:33:34,18200.00,150,10692500
20221121,09:33:35,18200.00,300,10692500
20221121,09:33:36,18203.00,700,10692500
20221121,09:33:37,18202.60,250,10692500
20221121,09:33:38,18203.00,100,10692500
20221121,09:33:39,18202.90,200,10692500
20221121,09:33:40,18202.90,100,10692500
20221121,09:33:41,18200.90,800,10692500
20221121,09:33:42,18202.20,600,10692500
20221121,09:33:43,18201.95,750,10692500
20221121,09:33:44,18199.70,250,10692500
20221121,09:33:45,18199.85,350,10692500
20221121,09:33:46,18199.90,100,10692500
20221121,09:33:47,18199.90,50,10692500
20221121,09:33:48,18199.90,50,10692500
20221121,09:33:49,18200.00,550,10692500
20221121,09:33:50,18200.90,150,10692500
20221121,09:33:52,18202.90,450,10692500
20221121,09:33:52,18200.15,400,10692500
20221121,09:33:54,18202.90,650,10692500
20221121,09:33:55,18203.35,100,10692500
20221121,09:33:56,18203.45,350,10692500
20221121,09:33:57,18202.55,1100,10692500
20221121,09:33:58,18200.30,2900,10692500
20221121,09:33:59,18198.00,900,10692500
20221121,09:34:00,18200.15,200,10692500
20221121,09:34:01,18198.00,600,10692500
20221121,09:34:02,18197.00,2300,10692500
20221121,09:34:03,18197.00,250,10692500
20221121,09:34:04,18195.50,1050,10692500
20221121,09:34:05,18199.00,500,10692500
20221121,09:34:06,18199.85,550,10692500
20221121,09:34:07,18197.00,150,10692500
20221121,09:34:08,18199.80,100,10692500
20221121,09:34:09,18197.85,100,10692500
20221121,09:34:10,18196.05,150,10692500
20221121,09:34:11,18197.45,500,10692500
20221121,09:34:12,18197.65,200,10692500
20221121,09:34:13,18198.00,50,10692500
20221121,09:34:14,18197.90,100,10692500
20221121,09:34:15,18200.00,250,10692500
20221121,09:34:16,18200.00,50,10692500
20221121,09:34:17,18200.00,100,10692500
20221121,09:34:20,18199.05,100,10692500
20221121,09:34:21,18199.90,150,10692500
20221121,09:34:22,18200.00,900,10692500
20221121,09:34:24,18199.90,1350,10692500
20221121,09:34:25,18199.15,50,10692500
20221121,09:34:26,18199.90,150,10692500
20221121,09:34:27,18197.95,2000,10692500
20221121,09:34:28,18197.90,1150,10692500
20221121,09:34:29,18197.00,2600,10692500
20221121,09:34:30,18197.00,1950,10692500
20221121,09:34:31,18197.00,1200,10692500
20221121,09:34:32,18197.40,8500,10692500
20221121,09:34:33,18197.35,3100,10692500
20221121,09:34:34,18197.85,600,10692500
20221121,09:34:35,18197.95,1200,10692500
20221121,09:34:36,18197.50,200,10692500
20221121,09:34:38,18197.95,250,10692500
20221121,09:34:39,18197.00,150,10692500
20221121,09:34:40,18197.00,600,10692500
20221121,09:34:41,18196.25,250,10692500
20221121,09:34:42,18197.75,50,10692500
20221121,09:34:43,18197.25,100,10692500
20221121,09:34:44,18197.00,50,10692500
20221121,09:34:45,18196.00,1850,10692500
20221121,09:34:46,18197.00,1050,10692500
20221121,09:34:47,18197.00,100,10692500
20221121,09:34:48,18197.60,350,10692500
20221121,09:34:49,18197.75,50,10692500
20221121,09:34:51,18197.40,50,10692500
20221121,09:34:52,18197.75,750,10692500
20221121,09:34:53,18197.75,400,10692500
20221121,09:34:54,18195.50,1200,10692500
20221121,09:34:55,18195.55,700,10692500
20221121,09:34:57,18195.65,300,10692500
20221121,09:34:58,18195.65,150,10692500
20221121,09:34:59,18195.65,300,10692500
20221121,09:35:00,18197.00,1500,10692500
20221121,09:35:01,18196.00,650,10692500
20221121,09:35:02,18194.70,200,10692500
20221121,09:35:03,18195.00,400,10692500
20221121,09:35:04,18194.25,7300,10692500
20221121,09:35:05,18197.00,750,10692500
20221121,09:35:06,18195.00,2000,10692500
20221121,09:35:07,18195.20,250,10692500
20221121,09:35:09,18197.95,100,10692500
20221121,09:35:10,18197.15,250,10692500
20221121,09:35:11,18197.10,350,10692500
20221121,09:35:12,18197.25,300,10692500
20221121,09:35:13,18197.80,200,10692500
20221121,09:35:15,18199.95,150,10692500
20221121,09:35:16,18200.00,100,10692500
20221121,09:35:17,18200.00,750,10692500
20221121,09:35:18,18200.00,1300,10692500
20221121,09:35:20,18200.00,1650,10692500
20221121,09:35:22,18200.00,50,10692500
20221121,09:35:23,18200.40,300,10692500
20221121,09:35:24,18200.40,150,10692500
20221121,09:35:25,18201.20,700,10692500
20221121,09:35:26,18198.90,900,10691950
20221121,09:35:27,18199.45,100,10691950
20221121,09:35:28,18197.80,100,10691950
20221121,09:35:29,18200.90,50,10691950
20221121,09:35:30,18200.45,1500,10691950
20221121,09:35:31,18200.45,850,10691950
20221121,09:35:32,18197.80,250,10691950
20221121,09:35:34,18197.85,100,10691950
20221121,09:35:35,18197.85,2800,10691950
20221121,09:35:36,18197.85,200,10691950
20221121,09:35:37,18197.85,650,10691950
20221121,09:35:38,18197.85,650,10691950
20221121,09:35:40,18199.85,850,10691950
20221121,09:35:41,18197.85,400,10691950
20221121,09:35:42,18198.40,300,10691950
20221121,09:35:43,18199.80,150,10691950
20221121,09:35:44,18199.85,50,10691950
20221121,09:35:45,18200.00,50,10691950
20221121,09:35:46,18197.50,2000,10691950
20221121,09:35:47,18201.10,1250,10691950
20221121,09:35:48,18201.70,50,10691950
20221121,09:35:49,18201.60,100,10691950
20221121,09:35:50,18201.85,50,10691950
20221121,09:35:51,18199.05,150,10691950
20221121,09:35:53,18200.00,150,10691950
20221121,09:35:54,18202.00,300,10691950
20221121,09:35:55,18201.00,150,10691950
20221121,09:35:56,18202.00,1400,10691950
20221121,09:35:57,18201.15,2150,10691950
20221121,09:35:58,18201.20,50,10691950
20221121,09:35:59,18198.05,1750,10691950
20221121,09:36:00,18201.35,550,10691950
20221121,09:36:01,18201.70,450,10691950
20221121,09:36:02,18201.90,100,10691950
20221121,09:36:04,18200.35,50,10691950
20221121,09:36:05,18201.00,750,10691950
20221121,09:36:06,18200.55,150,10691950
20221121,09:36:07,18202.70,50,10691950
20221121,09:36:09,18200.50,50,10691950
20221121,09:36:10,18201.65,100,10691950
20221121,09:36:11,18202.35,150,10691950
20221121,09:36:12,18201.75,300,10691950
20221121,09:36:13,18201.75,400,10691950
20221121,09:36:14,18201.60,1150,10691950
20221121,09:36:15,18200.00,200,10691950
20221121,09:36:16,18201.60,50,10691950
20221121,09:36:17,18200.00,300,10691950
20221121,09:36:18,18201.30,600,10691950
20221121,09:36:19,18201.50,200,10691950
20221121,09:36:20,18201.45,150,10691950
20221121,09:36:22,18201.45,100,10691950
20221121,09:36:23,18201.35,150,10691950
20221121,09:36:24,18201.35,200,10691950
20221121,09:36:25,18200.25,200,10691950
20221121,09:36:26,18200.70,300,10691950
20221121,09:36:27,18200.25,150,10691950
20221121,09:36:28,18200.70,250,10691950
20221121,09:36:29,18198.05,2450,10691950
20221121,09:36:30,18200.30,1350,10691950
20221121,09:36:31,18200.30,50,10691950
20221121,09:36:32,18198.60,150,10691950
20221121,09:36:34,18201.50,5700,10691950
20221121,09:36:35,18200.30,100,10691950
20221121,09:36:36,18201.30,400,10691950
20221121,09:36:37,18201.30,250,10691950
20221121,09:36:38,18200.30,550,10691950
20221121,09:36:39,18200.25,150,10691950
20221121,09:36:40,18199.80,150,10691950
20221121,09:36:41,18199.80,100,10691950
20221121,09:36:42,18200.25,200,10691950
20221121,09:36:44,18200.00,400,10691950
20221121,09:36:45,18200.80,100,10691950
20221121,09:36:46,18200.00,50,10691950
20221121,09:36:47,18198.05,2000,10691950
20221121,09:36:48,18199.90,250,10691950
20221121,09:36:50,18198.05,100,10691950
20221121,09:36:50,18199.90,50,10691950
20221121,09:36:51,18197.00,1700,10691950
20221121,09:36:52,18197.00,300,10691950
20221121,09:36:53,18197.85,150,10691950
20221121,09:36:54,18196.00,50,10691950
20221121,09:36:55,18196.00,50,10691950
20221121,09:36:57,18196.00,50,10691950
20221121,09:36:57,18195.60,50,10691950
20221121,09:36:58,18195.00,600,10691950
20221121,09:36:59,18195.60,1200,10691950
20221121,09:37:00,18193.00,2550,10691950
20221121,09:37:01,18191.00,4650,10691950
20221121,09:37:02,18194.70,2100,10691950
20221121,09:37:03,18191.00,200,10691950
20221121,09:37:04,18190.00,900,10691950
20221121,09:37:05,18190.95,200,10691950
20221121,09:37:06,18188.80,3000,10691950
20221121,09:37:07,18189.90,50,10691950
20221121,09:37:08,18190.95,250,10691950
20221121,09:37:09,18188.50,2350,10691950
20221121,09:37:10,18188.20,4750,10691950
20221121,09:37:11,18188.05,1450,10691950
20221121,09:37:12,18190.00,300,10691950
20221121,09:37:13,18189.45,750,10691950
20221121,09:37:15,18190.95,200,10691950
20221121,09:37:16,18189.75,1300,10691950
20221121,09:37:17,18190.95,350,10691950
20221121,09:37:18,18190.95,350,10691950
20221121,09:37:20,18190.95,2450,10691950
20221121,09:37:21,18191.15,50,10691950
20221121,09:37:22,18191.00,1600,10691950
20221121,09:37:23,18190.75,1450,10691950
20221121,09:37:24,18191.10,200,10691950
20221121,09:37:26,18194.30,200,10691950
20221121,09:37:26,18194.35,50,10691950
20221121,09:37:27,18193.80,100,10691950
20221121,09:37:28,18195.00,550,10691950
20221121,09:37:29,18195.00,500,10691950
20221121,09:37:31,18192.15,950,10691950
20221121,09:37:32,18191.05,400,10691950
20221121,09:37:33,18193.00,500,10691950
20221121,09:37:34,18193.50,100,10691950
20221121,09:37:35,18192.00,100,10691950
20221121,09:37:37,18193.40,150,10691950
20221121,09:37:38,18193.10,500,10691950
20221121,09:37:39,18192.15,400,10691950
20221121,09:37:40,18192.95,250,10691950
20221121,09:37:41,18192.95,350,10691950
20221121,09:37:43,18193.40,200,10691950
20221121,09:37:43,18192.20,50,10691950
20221121,09:37:44,18192.20,150,10691950
20221121,09:37:45,18194.70,100,10691950
20221121,09:37:46,18192.15,250,10691950
20221121,09:37:48,18192.15,50,10691950
20221121,09:37:48,18193.90,50,10691950
20221121,09:37:49,18193.95,50,10691950
20221121,09:37:50,18193.95,150,10691950
20221121,09:37:51,18193.00,200,10691950
20221121,09:37:52,18194.30,500,10691950
20221121,09:37:54,18191.70,400,10691950
20221121,09:37:54,18192.50,100,10691950
20221121,09:37:55,18194.70,50,10691950
20221121,09:37:56,18195.00,2300,10691950
20221121,09:37:57,18194.80,400,10691950
20221121,09:37:58,18194.95,100,10691950
20221121,09:38:00,18194.95,100,10691950
20221121,09:38:01,18193.00,250,10691950
20221121,09:38:02,18192.00,50,10691950
20221121,09:38:03,18191.00,500,10691950
20221121,09:38:05,18191.00,700,10691950
20221121,09:38:05,18192.00,200,10691950
20221121,09:38:06,18189.25,950,10691950
20221121,09:38:07,18190.05,150,10691950
20221121,09:38:08,18190.00,650,10691950
20221121,09:38:09,18191.25,900,10691950
20221121,09:38:10,18191.00,100,10691950
20221121,09:38:11,18190.00,200,10691950
20221121,09:38:12,18191.35,150,10691950
20221121,09:38:13,18189.95,50,10691950
20221121,09:38:14,18187.20,5950,10691950
20221121,09:38:15,18190.00,300,10691950
20221121,09:38:16,18188.10,250,10691950
20221121,09:38:18,18190.00,150,10691950
20221121,09:38:19,18188.80,350,10691950
20221121,09:38:20,18192.40,1250,10691950
20221121,09:38:21,18190.40,400,10691950
20221121,09:38:23,18191.90,450,10691950
20221121,09:38:23,18190.05,200,10691950
20221121,09:38:24,18190.05,250,10691950
20221121,09:38:25,18191.80,50,10691950
20221121,09:38:26,18190.00,50,10684950
20221121,09:38:28,18190.25,100,10684950
20221121,09:38:29,18190.55,400,10684950
20221121,09:38:30,18191.35,150,10684950
20221121,09:38:31,18193.20,550,10684950
20221121,09:38:33,18193.80,150,10684950
20221121,09:38:34,18192.10,50,10684950
20221121,09:38:35,18192.00,100,10684950
20221121,09:38:36,18192.10,350,10684950
20221121,09:38:38,18192.00,300,10684950
20221121,09:38:38,18192.00,100,10684950
20221121,09:38:39,18194.85,1850,10684950
20221121,09:38:40,18194.40,150,10684950
20221121,09:38:41,18193.80,650,10684950
20221121,09:38:43,18194.20,1000,10684950
20221121,09:38:43,18194.20,50,10684950
20221121,09:38:44,18192.35,2050,10684950
20221121,09:38:45,18195.00,1150,10684950
20221121,09:38:46,18196.00,850,10684950
20221121,09:38:48,18194.75,1850,10684950
20221121,09:38:49,18194.90,250,10684950
20221121,09:38:50,18194.50,300,10684950
20221121,09:38:52,18193.60,150,10684950
20221121,09:38:53,18191.85,2250,10684950
20221121,09:38:54,18190.40,100,10684950
20221121,09:38:55,18191.55,250,10684950
20221121,09:38:56,18190.25,1200,10684950
20221121,09:38:58,18190.50,900,10684950
20221121,09:38:59,18190.40,150,10684950
20221121,09:39:00,18190.30,100,10684950
20221121,09:39:01,18190.00,700,10684950
20221121,09:39:03,18191.60,150,10684950
20221121,09:39:04,18191.30,1150,10684950
20221121,09:39:05,18192.30,600,10684950
20221121,09:39:06,18192.25,100,10684950
20221121,09:39:08,18191.70,250,10684950
20221121,09:39:09,18191.45,250,10684950
20221121,09:39:10,18190.00,450,10684950
20221121,09:39:11,18190.25,150,10684950
20221121,09:39:12,18190.00,150,10684950
20221121,09:39:14,18191.55,900,10684950
20221121,09:39:14,18193.00,150,10684950
20221121,09:39:15,18190.75,300,10684950
20221121,09:39:17,18190.70,150,10684950
20221121,09:39:18,18191.05,400,10684950
20221121,09:39:19,18191.10,200,10684950
20221121,09:39:19,18191.20,400,10684950
20221121,09:39:20,18194.15,600,10684950
20221121,09:39:21,18194.15,50,10684950
20221121,09:39:23,18192.35,200,10684950
20221121,09:39:24,18191.75,750,10684950
20221121,09:39:25,18194.00,250,10684950
20221121,09:39:27,18191.40,100,10684950
20221121,09:39:29,18192.20,200,10684950
20221121,09:39:30,18194.00,350,10684950
20221121,09:39:31,18191.25,300,10684950
20221121,09:39:32,18192.20,200,10684950
20221121,09:39:33,18192.10,100,10684950
20221121,09:39:34,18192.50,1100,10684950
20221121,09:39:35,18192.85,150,10684950
20221121,09:39:37,18193.50,200,10684950
20221121,09:39:38,18191.00,300,10684950
20221121,09:39:40,18191.00,300,10684950
20221121,09:39:41,18194.30,600,10684950
20221121,09:39:42,18194.45,300,10684950
20221121,09:39:43,18193.15,50,10684950
20221121,09:39:45,18193.30,300,10684950
20221121,09:39:46,18194.45,1050,10684950
20221121,09:39:47,18192.65,200,10684950
20221121,09:39:48,18192.65,50,10684950
20221121,09:39:50,18192.00,300,10684950
20221121,09:39:51,18192.00,400,10684950
20221121,09:39:52,18192.60,100,10684950
20221121,09:39:53,18192.00,1450,10684950
20221121,09:39:54,18192.75,800,10684950
20221121,09:39:56,18191.80,150,10684950
20221121,09:39:57,18191.00,350,10684950
20221121,09:39:58,18190.10,350,10684950
20221121,09:39:59,18190.50,50,10684950
20221121,09:40:01,18190.00,350,10684950
20221121,09:40:02,18189.95,4350,10684950
20221121,09:40:04,18186.10,1250,10684950
20221121,09:40:06,18186.00,750,10684950
20221121,09:40:07,18185.95,550,10684950
20221121,09:40:08,18185.00,2200,10684950
20221121,09:40:09,18184.90,1600,10684950
20221121,09:40:09,18184.50,300,10684950
20221121,09:40:10,18184.90,650,10684950
20221121,09:40:11,18187.90,550,10684950
20221121,09:40:12,18185.75,250,10684950
20221121,09:40:13,18186.10,200,10684950
20221121,09:40:14,18188.10,700,10684950
20221121,09:40:15,18186.30,200,10684950
20221121,09:40:16,18185.60,150,10684950
20221121,09:40:17,18186.00,400,10684950
20221121,09:40:18,18186.30,900,10684950
20221121,09:40:20,18187.45,100,10684950
20221121,09:40:21,18185.00,200,10684950
20221121,09:40:22,18187.25,1200,10684950
20221121,09:40:23,18185.75,100,10684950
20221121,09:40:24,18185.00,350,10684950
20221121,09:40:25,18185.75,250,10684950
20221121,09:40:26,18187.75,650,10684950
20221121,09:40:27,18186.20,400,10684950
20221121,09:40:28,18188.00,50,10684950
20221121,09:40:30,18186.95,150,10684950
20221121,09:40:30,18185.00,100,10684950
20221121,09:40:32,18185.05,400,10684950
20221121,09:40:33,18185.45,400,10684950
20221121,09:40:35,18187.65,300,10684950
20221121,09:40:36,18185.70,200,10684950
20221121,09:40:37,18188.00,150,10684950
20221121,09:40:38,18187.65,250,10684950
20221121,09:40:39,18187.65,200,10684950
20221121,09:40:40,18188.60,400,10684950
20221121,09:40:41,18188.60,50,10684950
20221121,09:40:42,18188.60,50,10684950
20221121,09:40:43,18188.00,250,10684950
20221121,09:40:44,18188.00,350,10684950
20221121,09:40:45,18187.90,100,10684950
20221121,09:40:46,18187.65,200,10684950
20221121,09:40:47,18187.90,50,10684950
20221121,09:40:48,18187.70,150,10684950
20221121,09:40:49,18187.65,2050,10684950
20221121,09:40:50,18187.65,50,10684950
20221121,09:40:51,18187.65,200,10684950
20221121,09:40:52,18187.95,100,10684950
20221121,09:40:53,18189.20,50,10684950
20221121,09:40:54,18190.60,550,10684950
20221121,09:40:55,18189.35,250,10684950
20221121,09:40:56,18189.60,550,10684950
20221121,09:40:58,18187.85,600,10684950
20221121,09:40:59,18187.95,150,10684950
20221121,09:41:01,18187.85,200,10684950
20221121,09:41:02,18188.00,250,10684950
20221121,09:41:04,18187.65,1000,10684950
20221121,09:41:05,18187.75,250,10684950
20221121,09:41:06,18187.75,250,10684950
20221121,09:41:07,18187.85,650,10684950
20221121,09:41:08,18188.00,450,10684950
20221121,09:41:09,18187.80,200,10684950
20221121,09:41:10,18187.70,150,10684950
20221121,09:41:11,18187.75,350,10684950
20221121,09:41:13,18187.70,400,10684950
20221121,09:41:14,18187.95,450,10684950
20221121,09:41:15,18187.70,150,10684950
20221121,09:41:15,18187.70,50,10684950
20221121,09:41:16,18187.75,400,10684950
20221121,09:41:18,18187.70,100,10684950
20221121,09:41:19,18187.70,200,10684950
20221121,09:41:20,18187.70,300,10684950
20221121,09:41:21,18187.85,100,10684950
20221121,09:41:24,18187.75,200,10684950
20221121,09:41:25,18187.75,100,10684950
20221121,09:41:26,18187.75,100,10697550
20221121,09:41:26,18187.75,50,10697550
20221121,09:41:27,18187.60,550,10697550
20221121,09:41:29,18187.55,400,10697550
20221121,09:41:30,18186.30,1200,10697550
20221121,09:41:31,18186.00,500,10697550
20221121,09:41:32,18186.20,300,10697550
20221121,09:41:33,18185.00,150,10697550
20221121,09:41:33,18184.45,1600,10697550
20221121,09:41:35,18188.35,500,10697550
20221121,09:41:36,18185.05,100,10697550
20221121,09:41:37,18186.95,50,10697550
20221121,09:41:38,18188.15,900,10697550
20221121,09:41:40,18185.10,50,10697550
20221121,09:41:41,18187.25,250,10697550
20221121,09:41:43,18186.80,150,10697550
20221121,09:41:46,18186.00,50,10697550
20221121,09:41:48,18187.25,700,10697550
20221121,09:41:49,18187.05,200,10697550
20221121,09:41:51,18185.20,150,10697550
20221121,09:41:52,18185.20,100,10697550
20221121,09:41:53,18185.20,300,10697550
20221121,09:41:55,18185.20,200,10697550
20221121,09:41:56,18185.55,150,10697550
20221121,09:41:57,18185.20,50,10697550
20221121,09:41:59,18185.00,500,10697550
20221121,09:42:00,18185.10,450,10697550
20221121,09:42:01,18183.00,1600,10697550
20221121,09:42:02,18183.00,300,10697550
20221121,09:42:03,18183.00,800,10697550
20221121,09:42:04,18182.05,300,10697550
20221121,09:42:05,18181.00,1300,10697550
20221121,09:42:06,18181.00,1050,10697550
20221121,09:42:07,18182.05,650,10697550
20221121,09:42:09,18180.60,1600,10697550
20221121,09:42:09,18180.75,250,10697550
20221121,09:42:10,18180.60,300,10697550
20221121,09:42:11,18181.35,500,10697550
20221121,09:42:12,18184.85,650,10697550
20221121,09:42:14,18184.90,600,10697550
20221121,09:42:15,18184.20,150,10697550
20221121,09:42:16,18182.45,100,10697550
20221121,09:42:17,18182.50,350,10697550
20221121,09:42:18,18184.80,100,10697550
20221121,09:42:20,18184.55,150,10697550
20221121,09:42:21,18182.50,50,10697550
20221121,09:42:22,18183.80,700,10697550
20221121,09:42:23,18183.80,150,10697550
20221121,09:42:23,18183.00,200,10697550
20221121,09:42:24,18183.00,450,10697550
20221121,09:42:26,18183.00,150,10697550
20221121,09:42:27,18182.80,600,10697550
20221121,09:42:28,18182.80,100,10697550
20221121,09:42:29,18182.80,700,10697550
20221121,09:42:31,18182.80,700,10697550
20221121,09:42:32,18182.95,50,10697550
20221121,09:42:33,18182.95,100,10697550
20221121,09:42:34,18182.00,700,10697550
20221121,09:42:36,18182.75,250,10697550
20221121,09:42:37,18182.00,400,10697550
20221121,09:42:38,18182.80,50,10697550
20221121,09:42:41,18182.80,50,10697550
20221121,09:42:42,18182.80,100,10697550
20221121,09:42:43,18183.00,650,10697550
20221121,09:42:43,18184.80,150,10697550
20221121,09:42:44,18183.00,150,10697550
20221121,09:42:45,18183.00,300,10697550
20221121,09:42:47,18183.00,300,10697550
20221121,09:42:48,18185.00,150,10697550
20221121,09:42:49,18182.90,100,10697550
20221121,09:42:49,18185.00,50,10697550
20221121,09:42:50,18182.80,100,10697550
20221121,09:42:52,18183.00,50,10697550
20221121,09:42:53,18183.10,100,10697550
20221121,09:42:54,18183.95,150,10697550
20221121,09:42:55,18183.95,500,10697550
20221121,09:42:56,18183.95,200,10697550
20221121,09:42:58,18185.00,100,10697550
20221121,09:42:59,18184.10,150,10697550
20221121,09:43:00,18184.00,550,10697550
20221121,09:43:00,18185.00,50,10697550
20221121,09:43:01,18185.00,350,10697550
20221121,09:43:03,18184.35,300,10697550
20221121,09:43:04,18185.55,1200,10697550
20221121,09:43:05,18185.90,100,10697550
20221121,09:43:06,18187.45,150,10697550
20221121,09:43:07,18187.80,50,10697550
20221121,09:43:09,18185.60,150,10697550
20221121,09:43:10,18188.65,250,10697550
20221121,09:43:11,18189.00,200,10697550
20221121,09:43:12,18189.00,50,10697550
20221121,09:43:14,18189.00,250,10697550
20221121,09:43:15,18189.90,400,10697550
20221121,09:43:16,18190.00,100,10697550
20221121,09:43:17,18190.70,700,10697550
20221121,09:43:17,18189.30,50,10697550
20221121,09:43:18,18189.00,650,10697550
20221121,09:43:20,18189.00,150,10697550
20221121,09:43:21,18188.00,400,10697550
20221121,09:43:22,18190.20,1100,10697550
20221121,09:43:23,18190.65,50,10697550
20221121,09:43:24,18189.30,150,10697550
20221121,09:43:25,18189.05,600,10697550
20221121,09:43:26,18189.80,200,10697550
20221121,09:43:27,18190.00,250,10697550
20221121,09:43:28,18189.00,250,10697550
20221121,09:43:29,18189.90,250,10697550
20221121,09:43:30,18188.80,1150,10697550
20221121,09:43:32,18190.00,700,10697550
20221121,09:43:33,18189.80,250,10697550
20221121,09:43:34,18189.80,300,10697550
20221121,09:43:35,18189.90,50,10697550
20221121,09:43:36,18188.80,850,10697550
20221121,09:43:36,18188.00,700,10697550
20221121,09:43:37,18188.00,800,10697550
20221121,09:43:38,18189.95,50,10697550
20221121,09:43:41,18189.30,50,10697550
20221121,09:43:42,18189.20,450,10697550
20221121,09:43:43,18189.75,550,10697550
20221121,09:43:44,18188.80,150,10697550
20221121,09:43:45,18190.00,200,10697550
20221121,09:43:46,18190.05,250,10697550
20221121,09:43:47,18190.00,50,10697550
20221121,09:43:48,18190.00,550,10697550
20221121,09:43:49,18188.35,650,10697550
20221121,09:43:50,18188.00,1050,10697550
20221121,09:43:51,18188.00,400,10697550
20221121,09:43:52,18187.75,250,10697550
20221121,09:43:53,18187.90,1250,10697550
20221121,09:43:54,18189.20,450,10697550
20221121,09:43:56,18187.10,250,10697550
20221121,09:43:57,18189.20,50,10697550
20221121,09:43:58,18186.80,550,10697550
20221121,09:43:59,18188.45,100,10697550
20221121,09:44:00,18189.95,1400,10697550
20221121,09:44:02,18187.10,2200,10697550
20221121,09:44:03,18189.50,350,10697550
20221121,09:44:04,18187.45,150,10697550
20221121,09:44:05,18187.20,1200,10697550
20221121,09:44:06,18188.55,100,10697550
20221121,09:44:06,18187.90,50,10697550
20221121,09:44:08,18187.40,300,10697550
20221121,09:44:09,18188.90,50,10697550
20221121,09:44:10,18187.40,100,10697550
20221121,09:44:11,18188.80,100,10697550
20221121,09:44:12,18188.00,50,10697550
20221121,09:44:13,18187.90,100,10697550
20221121,09:44:14,18188.00,350,10697550
20221121,09:44:15,18187.10,100,10697550
20221121,09:44:16,18188.80,250,10697550
20221121,09:44:17,18187.90,200,10697550
20221121,09:44:18,18189.00,400,10697550
20221121,09:44:18,18190.00,50,10697550
20221121,09:44:20,18190.00,400,10697550
20221121,09:44:21,18190.35,100,10697550
20221121,09:44:22,18190.35,250,10697550
20221121,09:44:23,18189.95,500,10697550
20221121,09:44:24,18189.95,100,10697550
20221121,09:44:24,18189.85,50,10697550
20221121,09:44:26,18189.85,150,10697550
20221121,09:44:27,18190.25,150,10670850
20221121,09:44:28,18191.30,850,10670850
20221121,09:44:29,18189.85,700,10670850
20221121,09:44:29,18189.85,50,10670850
20221121,09:44:31,18189.85,2000,10670850
20221121,09:44:32,18190.50,100,10670850
20221121,09:44:33,18190.25,400,10670850
20221121,09:44:34,18186.80,1800,10670850
20221121,09:44:35,18188.95,250,10670850
20221121,09:44:36,18188.05,200,10670850
20221121,09:44:37,18188.85,150,10670850
20221121,09:44:38,18188.05,550,10670850
20221121,09:44:38,18189.10,50,10670850
20221121,09:44:40,18189.10,1200,10670850
20221121,09:44:41,18188.95,200,10670850
20221121,09:44:42,18188.95,200,10670850
20221121,09:44:43,18188.80,50,10670850
20221121,09:44:44,18190.50,450,10670850
20221121,09:44:44,18188.00,100,10670850
20221121,09:44:46,18189.10,250,10670850
20221121,09:44:47,18189.85,250,10670850
20221121,09:44:48,18189.75,200,10670850
20221121,09:44:49,18190.45,1950,10670850
20221121,09:44:50,18188.95,350,10670850
20221121,09:44:52,18188.85,300,10670850
20221121,09:44:53,18188.00,450,10670850
20221121,09:44:54,18188.70,400,10670850
20221121,09:44:55,18189.85,1300,10670850
20221121,09:44:56,18188.00,1000,10670850
20221121,09:44:56,18188.90,150,10670850
20221121,09:44:57,18188.90,700,10670850
20221121,09:44:59,18187.85,50,10670850
20221121,09:45:00,18188.00,950,10670850
20221121,09:45:01,18188.25,950,10670850
20221121,09:45:02,18187.95,650,10670850
20221121,09:45:02,18186.55,250,10670850
20221121,09:45:04,18187.05,200,10670850
20221121,09:45:05,18188.20,500,10670850
20221121,09:45:06,18187.10,250,10670850
20221121,09:45:07,18187.95,1500,10670850
20221121,09:45:08,18188.30,350,10670850
20221121,09:45:09,18188.00,450,10670850
20221121,09:45:11,18187.50,450,10670850
20221121,09:45:12,18190.45,250,10670850
20221121,09:45:13,18191.45,100,10670850
20221121,09:45:14,18190.25,350,10670850
20221121,09:45:15,18194.90,600,10670850
20221121,09:45:16,18194.90,1500,10670850
20221121,09:45:17,18194.90,250,10670850
20221121,09:45:18,18193.65,50,10670850
20221121,09:45:19,18193.40,500,10670850
20221121,09:45:20,18194.90,750,10670850
20221121,09:45:20,18194.90,100,10670850
20221121,09:45:22,18194.90,850,10670850
20221121,09:45:23,18194.90,600,10670850
20221121,09:45:24,18194.85,1150,10670850
20221121,09:45:25,18194.05,250,10670850
20221121,09:45:26,18194.05,200,10670850
20221121,09:45:27,18194.70,200,10670850
20221121,09:45:28,18194.80,100,10670850
20221121,09:45:29,18194.90,50,10670850
20221121,09:45:30,18194.00,150,10670850
20221121,09:45:31,18194.80,250,10670850
20221121,09:45:31,18194.00,100,10670850
20221121,09:45:33,18194.00,600,10670850
20221121,09:45:34,18193.00,150,10670850
20221121,09:45:35,18194.00,1100,10670850
20221121,09:45:36,18194.40,150,10670850
20221121,09:45:37,18194.40,50,10670850
20221121,09:45:39,18192.90,200,10670850
20221121,09:45:40,18194.80,400,10670850
20221121,09:45:41,18194.90,100,10670850
20221121,09:45:42,18194.00,100,10670850
20221121,09:45:43,18194.90,250,10670850
20221121,09:45:45,18194.40,200,10670850
20221121,09:45:46,18194.40,100,10670850
20221121,09:45:47,18194.90,150,10670850
20221121,09:45:48,18194.00,100,10670850
20221121,09:45:49,18193.90,500,10670850
20221121,09:45:50,18194.90,350,10670850
20221121,09:45:51,18194.90,350,10670850
20221121,09:45:54,18194.00,100,10670850
20221121,09:45:55,18196.00,4150,10670850
20221121,09:45:56,18196.00,300,10670850
20221121,09:45:57,18197.40,200,10670850
20221121,09:45:58,18196.90,200,10670850
20221121,09:45:59,18196.60,150,10670850
20221121,09:46:00,18199.00,100,10670850
20221121,09:46:01,18199.40,550,10670850
20221121,09:46:02,18199.55,400,10670850
20221121,09:46:03,18200.00,750,10670850
20221121,09:46:04,18200.00,2050,10670850
20221121,09:46:05,18200.10,900,10670850
20221121,09:46:06,18200.10,2000,10670850
20221121,09:46:07,18198.90,1000,10670850
20221121,09:46:08,18198.45,1050,10670850
20221121,09:46:09,18198.00,450,10670850
20221121,09:46:10,18199.00,200,10670850
20221121,09:46:11,18198.00,250,10670850
20221121,09:46:12,18196.60,50,10670850
20221121,09:46:13,18196.10,300,10670850
20221121,09:46:14,18199.30,400,10670850
20221121,09:46:15,18199.00,100,10670850
20221121,09:46:16,18197.85,400,10670850
20221121,09:46:17,18197.00,300,10670850
20221121,09:46:18,18197.90,150,10670850
20221121,09:46:19,18197.90,100,10670850
20221121,09:46:20,18199.00,250,10670850
20221121,09:46:21,18200.60,2000,10670850
20221121,09:46:22,18199.15,250,10670850
20221121,09:46:23,18199.40,2000,10670850
20221121,09:46:24,18197.90,600,10670850
20221121,09:46:26,18199.10,400,10670850
20221121,09:46:27,18199.75,2250,10670850
20221121,09:46:28,18197.00,150,10670850
20221121,09:46:29,18196.25,2450,10670850
20221121,09:46:30,18198.90,650,10670850
20221121,09:46:31,18196.00,3900,10670850
20221121,09:46:32,18196.00,150,10670850
20221121,09:46:33,18198.55,350,10670850
20221121,09:46:34,18197.10,300,10670850
20221121,09:46:35,18197.20,50,10670850
20221121,09:46:36,18198.35,100,10670850
20221121,09:46:37,18199.00,100,10670850
20221121,09:46:38,18197.10,100,10670850
20221121,09:46:39,18197.00,400,10670850
20221121,09:46:40,18197.25,900,10670850
20221121,09:46:41,18195.50,100,10670850
20221121,09:46:42,18195.95,1000,10670850
20221121,09:46:44,18195.45,400,10670850
20221121,09:46:45,18194.00,50,10670850
20221121,09:46:46,18193.40,400,10670850
20221121,09:46:47,18194.00,300,10670850
20221121,09:46:48,18195.50,350,10670850
20221121,09:46:49,18195.40,100,10670850
20221121,09:46:50,18194.90,300,10670850
20221121,09:46:52,18193.50,150,10670850
20221121,09:46:53,18193.45,100,10670850
20221121,09:46:55,18195.95,500,10670850
20221121,09:46:56,18195.45,200,10670850
20221121,09:46:57,18193.55,150,10670850
20221121,09:46:58,18195.00,150,10670850
20221121,09:46:59,18194.05,250,10670850
20221121,09:47:00,18195.95,600,10670850
20221121,09:47:01,18194.40,150,10670850
20221121,09:47:02,18194.35,250,10670850
20221121,09:47:04,18196.00,50,10670850
20221121,09:47:05,18195.45,150,10670850
20221121,09:47:06,18195.45,100,10670850
20221121,09:47:07,18196.00,100,10670850
20221121,09:47:08,18194.00,150,10670850
20221121,09:47:09,18195.40,400,10670850
20221121,09:47:10,18195.45,200,10670850
20221121,09:47:11,18194.10,50,10670850
20221121,09:47:12,18195.40,250,10670850
20221121,09:47:13,18195.45,300,10670850
20221121,09:47:14,18194.00,150,10670850
20221121,09:47:15,18194.00,250,10670850
20221121,09:47:16,18193.95,50,10670850
20221121,09:47:17,18193.55,50,10670850
20221121,09:47:18,18195.45,700,10670850
20221121,09:47:19,18196.40,150,10670850
20221121,09:47:20,18193.30,300,10670850
20221121,09:47:21,18195.45,400,10670850
20221121,09:47:22,18194.25,50,10670850
20221121,09:47:23,18193.35,50,10670850
20221121,09:47:24,18194.90,350,10670850
20221121,09:47:25,18194.90,100,10670850
20221121,09:47:26,18194.90,50,10670850
20221121,09:47:27,18195.20,100,10677400
20221121,09:47:28,18195.20,50,10677400
20221121,09:47:31,18195.60,900,10677400
20221121,09:47:32,18195.60,600,10677400
20221121,09:47:33,18195.50,150,10677400
20221121,09:47:34,18195.10,300,10677400
20221121,09:47:35,18195.20,50,10677400
20221121,09:47:37,18195.20,50,10677400
20221121,09:47:38,18197.60,450,10677400
20221121,09:47:39,18197.15,150,10677400
20221121,09:47:40,18196.80,500,10677400
20221121,09:47:42,18196.90,150,10677400
20221121,09:47:43,18195.00,150,10677400
20221121,09:47:45,18196.60,150,10677400
20221121,09:47:46,18196.60,250,10677400
20221121,09:47:47,18198.00,100,10677400
20221121,09:47:49,18198.65,100,10677400
20221121,09:47:50,18197.00,300,10677400
20221121,09:47:51,18198.40,550,10677400
20221121,09:47:53,18196.60,600,10677400
20221121,09:47:54,18196.65,400,10677400
20221121,09:47:55,18195.00,50,10677400
20221121,09:47:56,18197.35,650,10677400
20221121,09:47:58,18195.40,50,10677400
20221121,09:48:00,18195.00,200,10677400
20221121,09:48:01,18196.55,300,10677400
20221121,09:48:02,18196.55,50,10677400
20221121,09:48:03,18196.50,250,10677400
20221121,09:48:04,18196.50,300,10677400
20221121,09:48:05,18197.70,350,10677400
20221121,09:48:06,18195.50,250,10677400
20221121,09:48:07,18198.00,200,10677400
20221121,09:48:09,18198.50,100,10677400
20221121,09:48:09,18198.45,100,10677400
20221121,09:48:10,18195.05,350,10677400
20221121,09:48:11,18198.00,600,10677400
20221121,09:48:14,18195.00,1050,10677400
20221121,09:48:15,18193.80,950,10677400
20221121,09:48:16,18196.00,150,10677400
20221121,09:48:18,18194.10,500,10677400
20221121,09:48:20,18193.90,400,10677400
20221121,09:48:21,18193.00,300,10677400
20221121,09:48:22,18193.00,100,10677400
20221121,09:48:23,18195.00,50,10677400
20221121,09:48:25,18195.00,50,10677400
20221121,09:48:26,18193.00,550,10677400
20221121,09:48:27,18196.00,1850,10677400
20221121,09:48:28,18196.00,350,10677400
20221121,09:48:29,18194.35,350,10677400
20221121,09:48:30,18197.00,150,10677400
20221121,09:48:32,18197.00,50,10677400
20221121,09:48:33,18196.00,150,10677400
20221121,09:48:34,18197.00,50,10677400
20221121,09:48:35,18194.40,500,10677400
20221121,09:48:36,18196.80,50,10677400
20221121,09:48:37,18196.95,100,10677400
20221121,09:48:39,18194.30,750,10677400
20221121,09:48:39,18195.15,50,10677400
20221121,09:48:40,18195.15,50,10677400
20221121,09:48:41,18196.00,100,10677400
20221121,09:48:43,18195.45,50,10677400
20221121,09:48:44,18195.45,200,10677400
20221121,09:48:46,18194.90,100,10677400
20221121,09:48:46,18194.90,50,10677400
20221121,09:48:47,18194.90,50,10677400
20221121,09:48:48,18194.90,50,10677400
20221121,09:48:49,18195.00,50,10677400
20221121,09:48:50,18196.00,550,10677400
20221121,09:48:51,18196.30,1050,10677400
20221121,09:48:53,18196.30,100,10677400
20221121,09:48:54,18196.70,150,10677400
20221121,09:48:56,18196.00,550,10677400
20221121,09:48:57,18194.00,100,10677400
20221121,09:48:58,18194.00,200,10677400
20221121,09:49:00,18196.10,100,10677400
20221121,09:49:02,18196.00,1050,10677400
20221121,09:49:03,18195.30,500,10677400
20221121,09:49:04,18197.00,250,10677400
20221121,09:49:07,18198.00,150,10677400
20221121,09:49:08,18198.00,100,10677400
20221121,09:49:09,18198.00,50,10677400
20221121,09:49:10,18197.00,200,10677400
20221121,09:49:12,18197.00,300,10677400
20221121,09:49:12,18197.00,550,10677400
20221121,09:49:13,18197.95,1700,10677400
20221121,09:49:14,18198.95,150,10677400
20221121,09:49:16,18199.05,50,10677400
20221121,09:49:18,18199.40,100,10677400
20221121,09:49:19,18198.05,100,10677400
20221121,09:49:20,18199.45,1450,10677400
20221121,09:49:21,18199.55,100,10677400
20221121,09:49:22,18199.85,100,10677400
20221121,09:49:24,18199.55,300,10677400
20221121,09:49:25,18199.45,1050,10677400
20221121,09:49:27,18198.00,100,10677400
20221121,09:49:29,18198.90,200,10677400
20221121,09:49:30,18198.90,100,10677400
20221121,09:49:31,18198.90,100,10677400
20221121,09:49:33,18199.00,150,10677400
20221121,09:49:35,18199.90,1650,10677400
20221121,09:49:35,18199.95,50,10677400
20221121,09:49:38,18199.90,150,10677400
20221121,09:49:39,18197.05,450,10677400
20221121,09:49:41,18198.80,400,10677400
20221121,09:49:42,18198.95,300,10677400
20221121,09:49:44,18198.00,150,10677400
20221121,09:49:45,18198.90,300,10677400
20221121,09:49:47,18198.55,100,10677400
20221121,09:49:48,18198.60,400,10677400
20221121,09:49:49,18198.40,100,10677400
20221121,09:49:50,18198.75,400,10677400
20221121,09:49:53,18198.00,200,10677400
20221121,09:49:54,18199.00,100,10677400
20221121,09:49:55,18198.00,100,10677400
20221121,09:49:56,18199.00,150,10677400
20221121,09:49:57,18199.00,150,10677400
20221121,09:49:58,18198.75,150,10677400
20221121,09:49:59,18199.90,50,10677400
20221121,09:50:01,18199.90,250,10677400
20221121,09:50:02,18200.00,1950,10677400
20221121,09:50:03,18202.00,1850,10677400
20221121,09:50:04,18201.60,300,10677400
20221121,09:50:06,18199.85,750,10677400
20221121,09:50:06,18199.80,50,10677400
20221121,09:50:07,18199.50,550,10677400
20221121,09:50:08,18199.90,550,10677400
20221121,09:50:09,18199.90,550,10677400
20221121,09:50:10,18199.90,350,10677400
20221121,09:50:11,18198.25,650,10677400
20221121,09:50:12,18199.00,500,10677400
20221121,09:50:13,18198.90,500,10677400
20221121,09:50:14,18199.20,550,10677400
20221121,09:50:15,18199.10,500,10677400
20221121,09:50:16,18198.80,350,10677400
20221121,09:50:17,18198.85,400,10677400
20221121,09:50:20,18198.85,250,10677400
20221121,09:50:21,18196.90,300,10677400
20221121,09:50:24,18197.00,200,10677400
20221121,09:50:25,18196.90,100,10677400
20221121,09:50:26,18196.80,200,10677400
20221121,09:50:27,18196.90,50,10677400
20221121,09:50:28,18196.05,550,10681450
20221121,09:50:30,18197.60,600,10681450
20221121,09:50:31,18194.00,2100,10681450
20221121,09:50:32,18195.00,50,10681450
20221121,09:50:33,18195.20,50,10681450
20221121,09:50:33,18195.25,50,10681450
20221121,09:50:34,18194.30,150,10681450
20221121,09:50:35,18195.90,150,10681450
20221121,09:50:37,18195.80,200,10681450
20221121,09:50:38,18195.00,150,10681450
20221121,09:50:38,18194.90,50,10681450
20221121,09:50:39,18195.05,350,10681450
20221121,09:50:40,18194.70,300,10681450
20221121,09:50:42,18195.00,350,10681450
20221121,09:50:43,18192.40,900,10681450
20221121,09:50:44,18192.30,600,10681450
20221121,09:50:46,18194.00,100,10681450
20221121,09:50:49,18192.00,200,10681450
20221121,09:50:50,18192.00,450,10681450
20221121,09:50:51,18191.00,650,10681450
20221121,09:50:53,18191.00,50,10681450
20221121,09:50:54,18190.45,50,10681450
20221121,09:50:55,18191.90,100,10681450
20221121,09:50:56,18191.00,100,10681450
20221121,09:50:57,18192.00,350,10681450
20221121,09:50:58,18192.15,200,10681450
20221121,09:50:59,18192.40,250,10681450
20221121,09:51:01,18193.15,100,10681450
20221121,09:51:02,18192.15,200,10681450
20221121,09:51:03,18192.60,100,10681450
20221121,09:51:04,18192.40,100,10681450
20221121,09:51:06,18191.90,1200,10681450
20221121,09:51:07,18191.25,600,10681450
20221121,09:51:08,18192.60,50,10681450
20221121,09:51:09,18192.75,50,10681450
20221121,09:51:10,18192.80,50,10681450
20221121,09:51:11,18192.95,250,10681450
20221121,09:51:12,18190.10,1000,10681450
20221121,09:51:13,18191.00,850,10681450
20221121,09:51:14,18191.25,100,10681450
20221121,09:51:15,18191.60,1650,10681450
20221121,09:51:16,18191.30,650,10681450
20221121,09:51:20,18191.55,50,10681450
20221121,09:51:21,18190.00,1950,10681450
20221121,09:51:22,18188.05,1850,10681450
20221121,09:51:24,18188.00,350,10681450
20221121,09:51:25,18188.70,50,10681450
20221121,09:51:25,18188.00,100,10681450
20221121,09:51:26,18188.70,300,10681450
20221121,09:51:27,18190.55,100,10681450
20221121,09:51:30,18189.80,350,10681450
20221121,09:51:31,18190.00,550,10681450
20221121,09:51:31,18189.90,50,10681450
20221121,09:51:32,18188.20,50,10681450
20221121,09:51:33,18188.15,100,10681450
20221121,09:51:35,18190.00,100,10681450
20221121,09:51:36,18188.15,450,10681450
20221121,09:51:37,18190.00,200,10681450
20221121,09:51:38,18190.00,50,10681450
20221121,09:51:44,18190.00,50,10681450
20221121,09:51:45,18188.70,150,10681450
20221121,09:51:46,18188.00,450,10681450
20221121,09:51:48,18188.00,300,10681450
20221121,09:51:49,18187.00,200,10681450
20221121,09:51:50,18187.90,350,10681450
20221121,09:51:51,18187.90,250,10681450
20221121,09:51:53,18189.20,300,10681450
20221121,09:51:54,18189.95,150,10681450
20221121,09:51:54,18189.95,250,10681450
20221121,09:51:55,18190.00,100,10681450
20221121,09:51:56,18190.50,300,10681450
20221121,09:51:58,18190.50,950,10681450
20221121,09:51:59,18188.10,150,10681450
20221121,09:52:01,18188.05,250,10681450
20221121,09:52:02,18189.50,1150,10681450
20221121,09:52:04,18189.40,100,10681450
20221121,09:52:05,18187.90,50,10681450
20221121,09:52:06,18188.80,100,10681450
20221121,09:52:07,18188.85,50,10681450
20221121,09:52:08,18187.60,1550,10681450
20221121,09:52:12,18187.10,50,10681450
20221121,09:52:13,18187.00,250,10681450
20221121,09:52:14,18185.90,50,10681450
20221121,09:52:15,18185.90,550,10681450
20221121,09:52:16,18185.65,400,10681450
20221121,09:52:18,18185.55,50,10681450
20221121,09:52:20,18188.70,250,10681450
20221121,09:52:20,18185.70,50,10681450
20221121,09:52:22,18187.00,100,10681450
20221121,09:52:23,18187.00,100,10681450
20221121,09:52:23,18185.20,50,10681450
20221121,09:52:24,18185.00,850,10681450
20221121,09:52:27,18185.00,600,10681450
20221121,09:52:28,18185.95,400,10681450
20221121,09:52:28,18185.95,500,10681450
20221121,09:52:29,18188.95,200,10681450
20221121,09:52:30,18185.35,500,10681450
20221121,09:52:34,18185.70,150,10681450
20221121,09:52:34,18188.60,200,10681450
20221121,09:52:35,18188.30,100,10681450
20221121,09:52:37,18185.00,700,10681450
20221121,09:52:39,18187.50,250,10681450
20221121,09:52:39,18187.50,100,10681450
20221121,09:52:40,18185.05,50,10681450
20221121,09:52:42,18187.20,50,10681450
20221121,09:52:43,18186.00,300,10681450
20221121,09:52:44,18185.95,100,10681450
20221121,09:52:45,18185.00,50,10681450
20221121,09:52:46,18186.50,50,10681450
20221121,09:52:47,18185.10,250,10681450
20221121,09:52:48,18185.00,450,10681450
20221121,09:52:51,18186.20,50,10681450
20221121,09:52:53,18186.20,250,10681450
20221121,09:52:55,18185.10,350,10681450
20221121,09:52:59,18185.10,300,10681450
20221121,09:53:00,18185.10,350,10681450
20221121,09:53:02,18185.10,50,10681450
20221121,09:53:03,18185.10,100,10681450
20221121,09:53:04,18186.00,550,10681450
20221121,09:53:05,18188.55,1400,10681450
20221121,09:53:08,18188.45,100,10681450
20221121,09:53:09,18189.95,250,10681450
20221121,09:53:11,18188.60,150,10681450
20221121,09:53:13,18189.60,150,10681450
20221121,09:53:14,18189.60,300,10681450
20221121,09:53:15,18189.55,250,10681450
20221121,09:53:16,18189.55,250,10681450
20221121,09:53:17,18191.30,450,10681450
20221121,09:53:18,18190.10,50,10681450
20221121,09:53:19,18191.30,50,10681450
20221121,09:53:20,18190.80,850,10681450
20221121,09:53:22,18189.45,450,10681450
20221121,09:53:23,18191.65,200,10681450
20221121,09:53:24,18190.00,50,10681450
20221121,09:53:26,18190.00,550,10681450
20221121,09:53:26,18189.55,50,10681450
20221121,09:53:27,18191.65,250,10681450
20221121,09:53:28,18192.00,50,10671450
20221121,09:53:31,18191.00,50,10671450
20221121,09:53:33,18192.15,2400,10671450
20221121,09:53:34,18191.65,100,10671450
20221121,09:53:35,18191.55,50,10671450
20221121,09:53:36,18191.55,700,10671450
20221121,09:53:37,18194.10,100,10671450
20221121,09:53:38,18190.55,100,10671450
20221121,09:53:39,18192.55,250,10671450
20221121,09:53:40,18193.45,550,10671450
20221121,09:53:41,18189.20,1850,10671450
20221121,09:53:42,18193.20,250,10671450
20221121,09:53:43,18190.55,150,10671450
20221121,09:53:47,18193.00,100,10671450
20221121,09:53:53,18190.70,550,10671450
20221121,09:53:54,18191.30,1150,10671450
20221121,09:53:54,18190.00,50,10671450
20221121,09:53:55,18189.60,700,10671450
20221121,09:53:56,18192.55,100,10671450
20221121,09:53:57,18190.35,950,10671450
20221121,09:53:59,18190.00,350,10671450
20221121,09:53:59,18190.35,150,10671450
20221121,09:54:00,18191.50,200,10671450
20221121,09:54:01,18189.25,1050,10671450
20221121,09:54:02,18189.10,250,10671450
20221121,09:54:04,18191.50,350,10671450
20221121,09:54:05,18190.20,450,10671450
20221121,09:54:09,18189.60,400,10671450
20221121,09:54:10,18189.70,100,10671450
20221121,09:54:11,18189.85,300,10671450
20221121,09:54:12,18190.45,400,10671450
20221121,09:54:13,18190.05,200,10671450
20221121,09:54:15,18192.40,100,10671450
20221121,09:54:16,18192.40,150,10671450
20221121,09:54:17,18191.90,850,10671450
20221121,09:54:18,18190.45,300,10671450
20221121,09:54:19,18192.60,250,10671450
20221121,09:54:22,18190.80,350,10671450
20221121,09:54:23,18191.15,700,10671450
20221121,09:54:24,18192.40,200,10671450
20221121,09:54:25,18192.45,100,10671450
20221121,09:54:26,18192.45,50,10671450
20221121,09:54:27,18192.40,200,10671450
20221121,09:54:28,18190.90,650,10671450
20221121,09:54:29,18192.10,50,10671450
20221121,09:54:30,18191.90,300,10671450
20221121,09:54:31,18192.50,450,10671450
20221121,09:54:32,18192.95,150,10671450
20221121,09:54:33,18193.05,350,10671450
20221121,09:54:35,18193.05,350,10671450
20221121,09:54:36,18196.40,650,10671450
20221121,09:54:37,18194.50,150,10671450
20221121,09:54:38,18196.40,150,10671450
20221121,09:54:39,18196.40,50,10671450
20221121,09:54:40,18194.60,250,10671450
20221121,09:54:42,18193.25,250,10671450
20221121,09:54:43,18193.30,100,10671450
20221121,09:54:44,18193.50,500,10671450
20221121,09:54:45,18196.80,50,10671450
20221121,09:54:46,18196.40,50,10671450
20221121,09:54:47,18195.85,200,10671450
20221121,09:54:49,18195.85,100,10671450
20221121,09:54:50,18196.80,450,10671450
20221121,09:54:51,18196.40,100,10671450
20221121,09:54:52,18195.05,100,10671450
20221121,09:54:54,18196.70,150,10671450
20221121,09:54:54,18197.95,350,10671450
20221121,09:54:55,18196.00,400,10671450
20221121,09:54:56,18198.00,150,10671450
20221121,09:54:57,18198.60,150,10671450
20221121,09:54:59,18198.00,150,10671450
20221121,09:55:00,18199.00,200,10671450
20221121,09:55:01,18198.55,350,10671450
20221121,09:55:02,18198.45,1250,10671450
20221121,09:55:03,18198.50,400,10671450
20221121,09:55:04,18198.40,400,10671450
20221121,09:55:05,18196.40,500,10671450
20221121,09:55:06,18198.95,550,10671450
20221121,09:55:07,18198.95,300,10671450
20221121,09:55:08,18199.00,550,10671450
20221121,09:55:10,18199.00,100,10671450
20221121,09:55:11,18196.60,50,10671450
20221121,09:55:13,18199.00,150,10671450
20221121,09:55:14,18199.80,200,10671450
20221121,09:55:15,18199.90,2150,10671450
20221121,09:55:17,18199.25,350,10671450
20221121,09:55:20,18199.90,150,10671450
20221121,09:55:21,18199.00,850,10671450
20221121,09:55:25,18199.00,550,10671450
20221121,09:55:26,18198.00,200,10671450
20221121,09:55:27,18198.00,250,10671450
20221121,09:55:29,18198.00,50,10671450
20221121,09:55:30,18198.00,100,10671450
20221121,09:55:31,18198.00,100,10671450
20221121,09:55:32,18197.90,450,10671450
20221121,09:55:34,18196.70,50,10671450
20221121,09:55:36,18196.40,250,10671450
20221121,09:55:37,18196.35,650,10671450
20221121,09:55:38,18196.45,1050,10671450
20221121,09:55:39,18195.05,1850,10671450
20221121,09:55:41,18196.45,100,10671450
20221121,09:55:42,18196.35,500,10671450
20221121,09:55:43,18196.35,700,10671450
20221121,09:55:45,18196.45,150,10671450
20221121,09:55:48,18198.30,150,10671450
20221121,09:55:49,18197.65,50,10671450
20221121,09:55:50,18198.50,1200,10671450
20221121,09:55:51,18198.00,150,10671450
20221121,09:55:52,18199.00,50,10671450
20221121,09:55:54,18199.00,50,10671450
20221121,09:55:55,18197.45,1650,10671450
20221121,09:55:56,18199.90,100,10671450
20221121,09:55:57,18199.90,450,10671450
20221121,09:55:58,18199.90,150,10671450
20221121,09:55:58,18199.90,50,10671450
20221121,09:56:00,18199.05,50,10671450
20221121,09:56:01,18199.00,250,10671450
20221121,09:56:02,18198.40,150,10671450
20221121,09:56:03,18198.40,150,10671450
20221121,09:56:04,18198.40,50,10671450
20221121,09:56:05,18199.90,100,10671450
20221121,09:56:08,18199.80,100,10671450
20221121,09:56:09,18199.85,150,10671450
20221121,09:56:10,18201.35,7650,10671450
20221121,09:56:11,18204.05,600,10671450
20221121,09:56:12,18201.35,750,10671450
20221121,09:56:13,18203.90,150,10671450
20221121,09:56:13,18204.25,100,10671450
20221121,09:56:15,18204.35,250,10671450
20221121,09:56:16,18203.75,50,10671450
20221121,09:56:17,18203.75,700,10671450
20221121,09:56:18,18201.40,300,10671450
20221121,09:56:19,18201.05,550,10671450
20221121,09:56:19,18201.00,300,10671450
20221121,09:56:21,18203.25,400,10671450
20221121,09:56:22,18202.45,1000,10671450
20221121,09:56:23,18202.20,300,10671450
20221121,09:56:24,18202.00,500,10671450
20221121,09:56:24,18202.00,50,10671450
20221121,09:56:26,18203.00,50,10671450
20221121,09:56:27,18201.45,400,10671450
20221121,09:56:28,18201.95,550,10671450
20221121,09:56:29,18200.40,850,10668800
20221121,09:56:31,18199.80,2750,10668800
20221121,09:56:32,18199.70,100,10668800
20221121,09:56:33,18198.05,250,10668800
20221121,09:56:34,18200.00,350,10668800
20221121,09:56:36,18199.70,300,10668800
20221121,09:56:37,18198.05,300,10668800
20221121,09:56:38,18198.05,50,10668800
20221121,09:56:39,18199.65,50,10668800
20221121,09:56:40,18199.65,150,10668800
20221121,09:56:42,18198.50,50,10668800
20221121,09:56:43,18200.30,2000,10668800
20221121,09:56:45,18198.10,200,10668800
20221121,09:56:45,18199.50,50,10668800
20221121,09:56:47,18198.95,450,10668800
20221121,09:56:48,18198.50,1100,10668800
20221121,09:56:49,18196.15,200,10668800
20221121,09:56:50,18198.35,500,10668800
20221121,09:56:52,18196.15,100,10668800
20221121,09:56:54,18200.55,350,10668800
20221121,09:56:55,18200.05,200,10668800
20221121,09:56:56,18198.50,50,10668800
20221121,09:56:58,18198.45,100,10668800
20221121,09:57:00,18199.75,50,10668800
20221121,09:57:01,18199.55,100,10668800
20221121,09:57:02,18199.90,350,10668800
20221121,09:57:04,18198.45,500,10668800
20221121,09:57:05,18198.50,50,10668800
20221121,09:57:06,18198.45,200,10668800
20221121,09:57:07,18199.00,50,10668800
20221121,09:57:09,18199.80,100,10668800
20221121,09:57:10,18199.70,150,10668800
20221121,09:57:11,18199.70,50,10668800
20221121,09:57:12,18200.00,250,10668800
20221121,09:57:13,18200.80,100,10668800
20221121,09:57:14,18202.00,100,10668800
20221121,09:57:15,18201.05,200,10668800
20221121,09:57:16,18202.40,200,10668800
20221121,09:57:17,18201.80,1400,10668800
20221121,09:57:18,18201.65,150,10668800
20221121,09:57:19,18200.85,500,10668800
20221121,09:57:20,18200.70,1650,10668800
20221121,09:57:22,18201.10,50,10668800
20221121,09:57:23,18200.05,200,10668800
20221121,09:57:24,18201.45,350,10668800
20221121,09:57:26,18201.80,450,10668800
20221121,09:57:27,18201.15,300,10668800
20221121,09:57:28,18201.05,200,10668800
20221121,09:57:29,18200.00,1400,10668800
20221121,09:57:30,18200.00,1500,10668800
20221121,09:57:31,18200.00,300,10668800
20221121,09:57:32,18200.85,200,10668800
20221121,09:57:33,18200.15,50,10668800
20221121,09:57:37,18201.70,200,10668800
20221121,09:57:38,18201.75,100,10668800
20221121,09:57:39,18200.95,50,10668800
20221121,09:57:40,18201.95,50,10668800
20221121,09:57:42,18201.95,200,10668800
20221121,09:57:43,18203.10,1050,10668800
20221121,09:57:44,18201.25,1550,10668800
20221121,09:57:45,18201.00,1100,10668800
20221121,09:57:46,18200.55,2650,10668800
20221121,09:57:47,18200.15,750,10668800
20221121,09:57:48,18200.05,550,10668800
20221121,09:57:49,18201.10,50,10668800
20221121,09:57:51,18201.95,1450,10668800
20221121,09:57:52,18201.70,50,10668800
20221121,09:57:53,18200.50,50,10668800
20221121,09:57:54,18200.50,150,10668800
20221121,09:57:55,18200.20,100,10668800
20221121,09:57:56,18200.80,400,10668800
20221121,09:57:57,18200.10,850,10668800
20221121,09:57:58,18200.00,350,10668800
20221121,09:57:59,18200.00,1000,10668800
20221121,09:58:01,18199.05,200,10668800
20221121,09:58:03,18199.90,250,10668800
20221121,09:58:04,18200.20,1200,10668800
20221121,09:58:05,18200.70,50,10668800
20221121,09:58:07,18199.50,800,10668800
20221121,09:58:08,18200.20,150,10668800
20221121,09:58:09,18200.25,350,10668800
20221121,09:58:10,18200.75,1250,10668800
20221121,09:58:11,18199.05,150,10668800
20221121,09:58:12,18200.20,750,10668800
20221121,09:58:14,18199.00,250,10668800
20221121,09:58:15,18200.15,50,10668800
20221121,09:58:16,18200.05,150,10668800
20221121,09:58:17,18200.10,700,10668800
20221121,09:58:18,18200.10,150,10668800
20221121,09:58:19,18199.50,400,10668800
20221121,09:58:20,18199.50,150,10668800
20221121,09:58:21,18199.50,250,10668800
20221121,09:58:22,18200.00,150,10668800
20221121,09:58:23,18199.55,300,10668800
20221121,09:58:24,18199.95,300,10668800
20221121,09:58:26,18200.00,500,10668800
20221121,09:58:27,18199.90,50,10668800
20221121,09:58:28,18199.90,50,10668800
20221121,09:58:29,18200.00,250,10668800
20221121,09:58:30,18199.05,100,10668800
20221121,09:58:31,18199.05,100,10668800
20221121,09:58:32,18199.05,150,10668800
20221121,09:58:34,18199.45,500,10668800
20221121,09:58:35,18199.00,100,10668800
20221121,09:58:36,18198.45,700,10668800
20221121,09:58:37,18198.75,100,10668800
20221121,09:58:39,18197.90,1600,10668800
20221121,09:58:40,18198.35,600,10668800
20221121,09:58:41,18197.55,750,10668800
20221121,09:58:42,18197.95,300,10668800
20221121,09:58:43,18197.50,750,10668800
20221121,09:58:44,18197.50,300,10668800
20221121,09:58:46,18197.50,300,10668800
20221121,09:58:47,18197.50,300,10668800
20221121,09:58:48,18197.50,200,10668800
20221121,09:58:50,18197.30,550,10668800
20221121,09:58:51,18197.50,50,10668800
20221121,09:58:52,18197.50,950,10668800
20221121,09:58:53,18197.30,250,10668800
20221121,09:58:54,18199.35,200,10668800
20221121,09:58:55,18199.00,300,10668800
20221121,09:58:56,18198.05,150,10668800
20221121,09:58:57,18198.75,100,10668800
20221121,09:58:58,18198.90,1100,10668800
20221121,09:58:59,18198.75,50,10668800
20221121,09:59:00,18200.00,250,10668800
20221121,09:59:01,18199.10,350,10668800
20221121,09:59:02,18199.00,550,10668800
20221121,09:59:03,18198.05,200,10668800
20221121,09:59:04,18198.75,50,10668800
20221121,09:59:05,18199.50,350,10668800
20221121,09:59:06,18199.50,100,10668800
20221121,09:59:07,18198.75,300,10668800
20221121,09:59:08,18198.05,200,10668800
20221121,09:59:09,18198.00,150,10668800
20221121,09:59:10,18198.90,200,10668800
20221121,09:59:11,18198.00,400,10668800
20221121,09:59:12,18197.85,50,10668800
20221121,09:59:13,18197.50,850,10668800
20221121,09:59:14,18197.55,400,10668800
20221121,09:59:15,18197.55,100,10668800
20221121,09:59:16,18197.50,850,10668800
20221121,09:59:17,18197.50,750,10668800
20221121,09:59:18,18197.50,1750,10668800
20221121,09:59:19,18197.50,550,10668800
20221121,09:59:20,18197.55,400,10668800
20221121,09:59:21,18198.60,1600,10668800
20221121,09:59:22,18197.55,50,10668800
20221121,09:59:23,18198.30,50,10668800
20221121,09:59:24,18197.50,550,10668800
20221121,09:59:25,18197.00,550,10668800
20221121,09:59:28,18197.50,250,10668800
20221121,09:59:29,18198.70,50,10668800
20221121,09:59:31,18197.20,50,10672500
20221121,09:59:33,18197.15,400,10672500
20221121,09:59:35,18198.00,200,10672500
20221121,09:59:36,18198.00,900,10672500
20221121,09:59:39,18198.15,150,10672500
20221121,09:59:42,18198.10,250,10672500
20221121,09:59:43,18198.05,200,10672500
20221121,09:59:44,18198.90,50,10672500
20221121,09:59:45,18198.05,300,10672500
20221121,09:59:47,18198.45,50,10672500
20221121,09:59:49,18198.00,400,10672500
20221121,09:59:50,18198.05,100,10672500
20221121,09:59:51,18198.00,650,10672500
20221121,09:59:52,18197.55,1350,10672500
20221121,09:59:53,18197.15,250,10672500
20221121,09:59:54,18197.45,450,10672500
20221121,09:59:56,18197.10,200,10672500
20221121,09:59:57,18197.10,350,10672500
20221121,09:59:58,18197.50,450,10672500
20221121,09:59:59,18196.60,900,10672500
20221121,10:00:00,18196.35,350,10672500
20221121,10:00:01,18196.05,250,10672500
20221121,10:00:03,18196.05,50,10672500
20221121,10:00:03,18196.40,450,10672500
20221121,10:00:04,18196.00,1200,10672500
20221121,10:00:05,18195.55,250,10672500
20221121,10:00:06,18195.00,800,10672500
20221121,10:00:07,18195.00,450,10672500
20221121,10:00:08,18195.00,550,10672500
20221121,10:00:10,18195.20,150,10672500
20221121,10:00:11,18194.30,750,10672500
20221121,10:00:12,18193.05,400,10672500
20221121,10:00:13,18192.15,600,10672500
20221121,10:00:16,18194.20,300,10672500
20221121,10:00:17,18194.70,50,10672500
20221121,10:00:18,18192.95,50,10672500
20221121,10:00:19,18194.70,400,10672500
20221121,10:00:20,18194.00,100,10672500
20221121,10:00:22,18194.45,50,10672500
20221121,10:00:23,18193.10,600,10672500
20221121,10:00:24,18194.45,350,10672500
20221121,10:00:26,18194.45,250,10672500
20221121,10:00:28,18195.00,150,10672500
20221121,10:00:29,18195.00,100,10672500
20221121,10:00:30,18195.00,50,10672500
20221121,10:00:31,18196.00,650,10672500
20221121,10:00:32,18194.50,200,10672500
20221121,10:00:35,18195.20,400,10672500
20221121,10:00:37,18195.00,300,10672500
20221121,10:00:38,18195.00,100,10672500
20221121,10:00:40,18195.05,150,10672500
20221121,10:00:40,18195.00,150,10672500
20221121,10:00:41,18195.00,250,10672500
20221121,10:00:42,18194.85,450,10672500
20221121,10:00:43,18194.70,300,10672500
20221121,10:00:45,18195.00,250,10672500
