20221121,09:15:01,18460.00,1,513950
20221121,09:15:01,18427.95,100,513950
20221121,09:15:03,18442.60,200,513950
20221121,09:15:04,18446.60,200,513950
20221121,09:15:06,18449.95,100,513950
20221121,09:15:09,18440.00,500,513950
20221121,09:15:10,18435.00,50,513950
20221121,09:15:14,18444.25,100,513950
20221121,09:15:17,18431.00,50,513950
20221121,09:15:18,18430.00,100,513950
20221121,09:15:21,18425.10,50,513950
20221121,09:15:22,18424.25,500,513950
20221121,09:15:23,18424.25,50,513950
20221121,09:15:24,18430.00,50,513950
20221121,09:15:26,18430.00,50,513950
20221121,09:15:28,18424.00,100,513950
20221121,09:15:30,18428.05,100,513950
20221121,09:15:34,18427.05,50,513950
20221121,09:15:39,18427.05,50,513950
20221121,09:15:40,18427.05,50,513950
20221121,09:15:41,18427.05,50,513950
20221121,09:15:49,18425.00,50,513950
20221121,09:15:50,18422.20,100,513950
20221121,09:15:53,18424.15,200,513950
20221121,09:15:57,18425.00,50,513950
20221121,09:16:00,18425.05,200,513950
20221121,09:16:04,18430.00,50,513950
20221121,09:16:09,18429.75,50,513950
20221121,09:16:10,18429.95,50,513950
20221121,09:16:11,18429.95,50,513950
20221121,09:16:14,18429.95,50,513950
20221121,09:16:15,18429.95,50,513950
20221121,09:16:17,18428.05,50,513950
20221121,09:16:19,18429.95,150,513950
20221121,09:16:22,18429.25,150,513950
20221121,09:16:23,18425.45,500,513950
20221121,09:16:24,18425.00,650,513950
20221121,09:16:34,18425.00,150,513950
20221121,09:16:36,18427.95,50,513950
20221121,09:16:47,18427.75,50,513950
20221121,09:16:48,18427.55,50,513950
20221121,09:16:50,18427.00,50,513950
20221121,09:16:51,18426.85,50,513950
20221121,09:16:55,18425.15,200,513950
20221121,09:16:56,18425.00,150,513950
20221121,09:16:57,18425.00,700,513950
20221121,09:17:00,18424.15,100,513950
20221121,09:17:00,18424.00,50,513950
20221121,09:17:01,18422.00,1300,513950
20221121,09:17:02,18421.00,100,513950
20221121,09:17:03,18421.00,50,513950
20221121,09:17:06,18417.55,200,513950
20221121,09:17:08,18415.55,150,513950
20221121,09:17:18,18415.50,50,513950
20221121,09:17:19,18415.00,150,513950
20221121,09:17:26,18415.00,50,514450
20221121,09:17:27,18419.95,100,514450
20221121,09:17:30,18417.50,50,514450
20221121,09:17:31,18418.00,50,514450
20221121,09:17:34,18420.00,100,514450
20221121,09:17:40,18420.00,50,514450
20221121,09:17:43,18421.35,100,514450
20221121,09:17:44,18421.90,100,514450
20221121,09:17:49,18422.25,200,514450
20221121,09:17:55,18423.25,100,514450
20221121,09:17:57,18423.20,100,514450
20221121,09:17:58,18422.25,100,514450
20221121,09:18:02,18420.85,100,514450
20221121,09:18:03,18421.70,150,514450
20221121,09:18:04,18422.65,300,514450
20221121,09:18:07,18423.10,50,514450
20221121,09:18:09,18426.05,50,514450
20221121,09:18:13,18424.65,300,514450
20221121,09:18:16,18425.35,50,514450
20221121,09:18:19,18425.55,300,514450
20221121,09:18:21,18425.85,100,514450
20221121,09:18:24,18421.05,100,514450
20221121,09:18:25,18425.00,50,514450
20221121,09:18:27,18421.00,100,514450
20221121,09:18:28,18423.15,150,514450
20221121,09:18:30,18421.00,100,514450
20221121,09:18:33,18420.00,250,514450
20221121,09:18:38,18421.05,50,514450
20221121,09:18:40,18421.05,50,514450
20221121,09:18:44,18420.00,50,514450
20221121,09:18:49,18417.50,100,514450
20221121,09:18:58,18418.00,450,514450
20221121,09:19:00,18417.50,50,514450
20221121,09:19:01,18418.00,50,514450
20221121,09:19:07,18418.05,50,514450
20221121,09:19:15,18418.90,200,514450
20221121,09:19:16,18418.90,150,514450
20221121,09:19:21,18422.85,50,514450
20221121,09:19:22,18419.95,150,514450
20221121,09:19:25,18425.40,50,514450
20221121,09:19:29,18420.40,50,514450
20221121,09:19:32,18420.40,50,514450
20221121,09:19:35,18425.05,50,514450
20221121,09:19:37,18424.80,50,514450
20221121,09:19:40,18423.65,350,514450
20221121,09:19:44,18423.45,50,514450
20221121,09:19:45,18423.65,50,514450
20221121,09:19:47,18421.00,50,514450
20221121,09:19:56,18422.90,50,514450
20221121,09:20:01,18420.00,350,514450
20221121,09:20:03,18420.55,50,514450
20221121,09:20:07,18417.00,200,514450
20221121,09:20:08,18417.00,50,514450
20221121,09:20:10,18419.20,100,514450
20221121,09:20:11,18417.00,50,514450
20221121,09:20:12,18417.00,50,514450
20221121,09:20:13,18417.00,150,514450
20221121,09:20:20,18420.00,50,514450
20221121,09:20:26,18421.90,150,515250
20221121,09:20:31,18420.00,150,515250
20221121,09:20:32,18417.00,50,515250
20221121,09:20:37,18423.30,50,515250
20221121,09:20:40,18423.45,50,515250
20221121,09:20:44,18417.80,50,515250
20221121,09:20:48,18422.45,50,515250
20221121,09:20:57,18422.10,150,515250
20221121,09:20:58,18422.00,50,515250
20221121,09:21:08,18422.00,50,515250
20221121,09:21:09,18424.05,100,515250
20221121,09:21:14,18423.25,50,515250
20221121,09:21:17,18422.00,50,515250
20221121,09:21:19,18420.00,50,515250
20221121,09:21:26,18420.00,500,515250
20221121,09:21:28,18419.00,100,515250
20221121,09:21:31,18417.00,350,515250
20221121,09:21:33,18416.00,50,515250
20221121,09:21:34,18416.00,50,515250
20221121,09:21:35,18414.00,1750,515250
20221121,09:21:36,18412.00,150,515250
20221121,09:21:37,18409.00,350,515250
20221121,09:21:40,18408.00,100,515250
20221121,09:21:44,18409.40,50,515250
20221121,09:21:50,18405.85,50,515250
20221121,09:21:51,18405.10,50,515250
20221121,09:21:52,18405.10,50,515250
20221121,09:21:55,18403.05,150,515250
20221121,09:21:57,18403.00,50,515250
20221121,09:21:59,18402.05,50,515250
20221121,09:22:04,18402.00,50,515250
20221121,09:22:05,18402.00,50,515250
20221121,09:22:07,18401.50,50,515250
20221121,09:22:14,18401.50,50,515250
20221121,09:22:17,18401.00,100,515250
20221121,09:22:18,18401.00,50,515250
20221121,09:22:19,18400.85,50,515250
20221121,09:22:21,18400.00,100,515250
20221121,09:22:23,18400.00,50,515250
20221121,09:22:24,18400.00,150,515250
20221121,09:22:25,18402.00,50,515250
20221121,09:22:27,18400.00,300,515250
20221121,09:22:28,18400.60,2000,515250
20221121,09:22:29,18401.00,50,515250
20221121,09:22:30,18401.60,50,515250
20221121,09:22:31,18400.85,50,515250
20221121,09:22:33,18400.05,50,515250
20221121,09:22:35,18400.00,50,515250
20221121,09:22:39,18400.00,600,515250
20221121,09:22:40,18400.00,100,515250
20221121,09:22:41,18401.55,50,515250
20221121,09:22:44,18400.00,1900,515250
20221121,09:22:46,18398.00,50,515250
20221121,09:22:47,18398.00,50,515250
20221121,09:22:49,18392.35,50,515250
20221121,09:22:50,18391.55,50,515250
20221121,09:22:53,18391.55,50,515250
20221121,09:23:16,18396.85,50,515250
20221121,09:23:18,18398.00,150,515250
20221121,09:23:25,18397.00,50,519300
20221121,09:23:26,18396.15,100,519300
20221121,09:23:29,18396.10,50,519300
20221121,09:23:34,18396.00,150,519300
20221121,09:23:39,18396.00,50,519300
20221121,09:23:41,18396.80,200,519300
20221121,09:23:43,18395.00,50,519300
20221121,09:23:47,18395.00,50,519300
20221121,09:23:49,18392.00,500,519300
20221121,09:23:52,18392.35,50,519300
20221121,09:24:01,18395.00,50,519300
20221121,09:24:06,18392.35,50,519300
20221121,09:24:07,18391.70,350,519300
20221121,09:24:08,18391.35,50,519300
20221121,09:24:12,18391.35,50,519300
20221121,09:24:15,18394.95,50,519300
20221121,09:24:17,18391.00,150,519300
20221121,09:24:18,18391.00,150,519300
20221121,09:24:19,18391.00,400,519300
20221121,09:24:20,18390.00,100,519300
20221121,09:24:25,18390.00,100,519300
20221121,09:24:31,18390.00,50,519300
20221121,09:24:33,18392.00,850,519300
20221121,09:24:43,18393.45,50,519300
20221121,09:24:48,18390.60,150,519300
20221121,09:24:51,18392.00,50,519300
20221121,09:24:53,18394.00,50,519300
20221121,09:25:03,18392.90,50,519300
20221121,09:25:05,18390.00,150,519300
20221121,09:25:09,18390.60,50,519300
20221121,09:25:16,18394.00,50,519300
20221121,09:25:35,18393.00,50,519300
20221121,09:25:42,18394.00,50,519300
20221121,09:25:57,18394.00,50,519300
20221121,09:26:01,18393.95,150,519300
20221121,09:26:08,18392.00,50,519300
20221121,09:26:09,18392.00,50,519300
20221121,09:26:10,18391.60,50,519300
20221121,09:26:12,18392.00,50,519300
20221121,09:26:15,18394.00,150,519300
20221121,09:26:20,18390.55,50,519300
20221121,09:26:22,18393.90,50,519300
20221121,09:26:24,18394.20,50,520100
20221121,09:26:32,18393.45,50,520100
20221121,09:26:35,18395.00,50,520100
20221121,09:26:36,18392.25,100,520100
20221121,09:26:51,18394.95,50,520100
20221121,09:26:57,18392.45,50,520100
20221121,09:27:29,18394.35,150,520100
20221121,09:27:30,18392.45,100,520100
20221121,09:27:31,18392.00,150,520100
20221121,09:27:34,18392.50,50,520100
20221121,09:27:41,18391.00,50,520100
20221121,09:27:47,18391.00,50,520100
20221121,09:27:58,18391.40,50,520100
20221121,09:28:00,18392.05,50,520100
20221121,09:28:05,18391.00,150,520100
20221121,09:28:06,18390.00,100,520100
20221121,09:28:10,18390.00,50,520100
20221121,09:28:11,18392.35,50,520100
20221121,09:28:13,18387.00,850,520100
20221121,09:28:18,18387.00,200,520100
20221121,09:28:29,18385.00,100,520100
20221121,09:28:30,18385.00,50,520100
20221121,09:28:32,18385.00,300,520100
20221121,09:28:40,18383.00,50,520100
20221121,09:28:51,18383.00,50,520100
20221121,09:28:52,18383.00,50,520100
20221121,09:28:56,18382.10,50,520100
20221121,09:28:57,18381.60,50,520100
20221121,09:28:58,18381.60,50,520100
20221121,09:29:05,18381.00,50,520100
20221121,09:29:06,18380.00,350,520100
20221121,09:29:08,18380.00,50,520100
20221121,09:29:11,18380.00,500,520100
20221121,09:29:18,18377.05,100,520100
20221121,09:29:19,18377.10,50,520100
20221121,09:29:21,18377.05,50,520100
20221121,09:29:27,18377.05,500,520100
20221121,09:29:35,18380.00,100,521500
20221121,09:29:39,18379.95,50,521500
20221121,09:29:52,18379.85,50,521500
20221121,09:29:54,18381.00,1500,521500
20221121,09:29:57,18377.20,50,521500
20221121,09:29:58,18379.85,50,521500
20221121,09:30:06,18377.80,50,521500
20221121,09:30:12,18381.60,50,521500
20221121,09:30:15,18379.70,50,521500
20221121,09:30:18,18378.20,50,521500
20221121,09:30:19,18380.00,50,521500
20221121,09:30:28,18378.00,50,521500
20221121,09:30:32,18377.00,750,521500
20221121,09:30:33,18376.00,100,521500
20221121,09:30:34,18375.00,450,521500
20221121,09:30:39,18373.00,100,521500
20221121,09:30:41,18372.60,100,521500
20221121,09:30:42,18370.00,100,521500
20221121,09:30:50,18370.00,50,521500
20221121,09:30:53,18370.20,50,521500
20221121,09:30:58,18370.05,200,521500
20221121,09:31:18,18370.55,50,521500
20221121,09:31:20,18372.00,100,521500
20221121,09:31:21,18370.90,50,521500
20221121,09:31:22,18374.85,100,521500
20221121,09:31:28,18375.00,50,521500
20221121,09:31:32,18374.85,50,521500
20221121,09:31:36,18371.00,50,521500
20221121,09:31:39,18371.05,50,521500
20221121,09:31:49,18375.00,50,521500
20221121,09:32:09,18374.95,50,521500
20221121,09:32:11,18374.95,50,521500
20221121,09:32:15,18372.15,100,521500
20221121,09:32:18,18372.00,100,521500
20221121,09:32:19,18372.00,50,521500
20221121,09:32:24,18372.15,50,522100
20221121,09:32:25,18372.05,100,522100
20221121,09:32:39,18372.05,50,522100
20221121,09:32:40,18372.25,50,522100
20221121,09:32:43,18375.00,50,522100
20221121,09:32:44,18375.00,50,522100
20221121,09:32:54,18375.00,100,522100
20221121,09:33:03,18372.90,100,522100
20221121,09:33:04,18375.00,50,522100
20221121,09:33:20,18372.95,50,522100
20221121,09:33:21,18374.95,50,522100
20221121,09:33:23,18375.00,50,522100
20221121,09:33:30,18375.00,200,522100
20221121,09:33:34,18375.00,50,522100
20221121,09:33:37,18375.45,50,522100
20221121,09:33:55,18379.85,50,522100
20221121,09:33:57,18375.50,50,522100
20221121,09:34:02,18377.85,50,522100
20221121,09:34:04,18375.00,350,522100
20221121,09:34:05,18375.00,50,522100
20221121,09:34:07,18375.00,50,522100
20221121,09:34:10,18375.00,50,522100
20221121,09:34:11,18372.00,300,522100
20221121,09:34:13,18373.05,50,522100
20221121,09:34:14,18375.50,100,522100
20221121,09:34:18,18378.30,50,522100
20221121,09:34:21,18374.00,150,522100
20221121,09:34:22,18375.50,50,522100
20221121,09:34:24,18375.50,50,522100
20221121,09:34:40,18377.15,50,522100
20221121,09:34:45,18375.00,100,522100
20221121,09:34:50,18375.50,50,522100
20221121,09:34:57,18376.60,50,522100
20221121,09:35:01,18375.50,50,522100
20221121,09:35:15,18375.00,300,522100
20221121,09:35:19,18376.60,50,522100
20221121,09:35:24,18376.10,50,523250
20221121,09:35:51,18379.40,50,523250
20221121,09:36:08,18379.35,100,523250
20221121,09:36:19,18379.70,50,523250
20221121,09:36:35,18379.35,50,523250
20221121,09:36:39,18377.00,50,523250
20221121,09:36:44,18375.10,250,523250
20221121,09:36:52,18375.00,200,523250
20221121,09:37:01,18372.00,250,523250
20221121,09:37:03,18372.20,200,523250
20221121,09:37:04,18370.00,150,523250
20221121,09:37:05,18367.25,400,523250
20221121,09:37:14,18367.25,100,523250
20221121,09:37:31,18369.60,50,523250
20221121,09:37:36,18367.55,50,523250
20221121,09:37:46,18369.80,50,523250
20221121,09:37:49,18370.00,50,523250
20221121,09:37:57,18370.00,50,523250
20221121,09:37:59,18370.00,300,523250
20221121,09:38:09,18369.85,100,523250
20221121,09:38:15,18369.55,300,523250
20221121,09:38:34,18369.55,50,524000
20221121,09:38:39,18369.55,50,524000
20221121,09:39:28,18368.00,150,524000
20221121,09:39:53,18370.00,1250,524000
20221121,09:39:55,18370.00,250,524000
20221121,09:40:04,18367.30,50,524000
20221121,09:40:04,18366.00,100,524000
20221121,09:40:05,18366.00,150,524000
20221121,09:40:07,18365.00,50,524000
20221121,09:40:08,18365.00,50,524000
20221121,09:40:10,18365.00,250,524000
20221121,09:40:14,18365.00,50,524000
20221121,09:40:18,18365.00,350,524000
20221121,09:40:20,18365.00,100,524000
20221121,09:40:21,18365.00,650,524000
20221121,09:40:22,18365.00,200,524000
20221121,09:40:24,18365.00,300,524000
20221121,09:40:34,18363.90,100,524000
20221121,09:40:35,18365.00,350,524000
20221121,09:40:37,18365.00,300,524000
20221121,09:40:41,18365.00,200,524000
20221121,09:40:43,18366.00,50,524000
20221121,09:40:48,18366.00,50,524000
20221121,09:40:49,18365.00,50,524000
20221121,09:40:54,18366.00,50,524000
20221121,09:40:59,18365.00,250,524000
20221121,09:41:04,18365.00,50,524000
20221121,09:41:13,18366.00,100,524000
20221121,09:41:15,18365.00,100,524000
20221121,09:41:16,18364.00,500,524000
20221121,09:41:29,18363.80,50,528200
20221121,09:42:02,18362.00,150,528200
20221121,09:42:05,18361.35,50,528200
20221121,09:42:15,18360.05,50,528200
20221121,09:42:21,18360.05,50,528200
20221121,09:42:30,18363.00,50,528200
20221121,09:42:55,18360.15,50,528200
20221121,09:43:03,18363.00,50,528200
20221121,09:43:07,18363.75,150,528200
20221121,09:43:08,18363.55,50,528200
20221121,09:43:25,18364.30,50,528200
20221121,09:43:28,18363.80,250,528200
20221121,09:43:31,18368.55,50,528200
20221121,09:43:35,18368.55,50,528200
20221121,09:43:48,18365.05,150,528200
20221121,09:43:53,18365.00,250,528200
20221121,09:44:14,18367.10,50,528200
20221121,09:44:34,18367.60,100,528300
20221121,09:44:41,18367.80,50,528300
20221121,09:44:51,18367.00,50,528300
20221121,09:45:13,18364.85,250,528300
20221121,09:45:15,18367.80,150,528300
20221121,09:45:16,18368.00,600,528300
20221121,09:45:18,18370.00,50,528300
20221121,09:45:24,18370.50,50,528300
20221121,09:45:39,18374.55,50,528300
20221121,09:45:51,18374.55,150,528300
20221121,09:46:02,18375.00,100,528300
20221121,09:46:04,18378.75,50,528300
20221121,09:46:12,18375.00,50,528300
20221121,09:46:13,18377.00,50,528300
20221121,09:46:23,18378.35,50,528300
20221121,09:46:29,18378.00,100,528300
20221121,09:46:31,18375.00,200,528300
20221121,09:46:38,18378.00,300,528300
20221121,09:46:39,18375.00,50,528300
20221121,09:46:45,18372.00,150,528300
20221121,09:46:46,18375.00,50,528300
20221121,09:46:47,18375.00,350,528300
20221121,09:46:54,18375.00,150,528300
20221121,09:46:57,18375.00,50,528300
20221121,09:47:01,18375.00,50,528300
20221121,09:47:03,18375.00,50,528300
20221121,09:47:12,18370.75,50,528300
20221121,09:47:35,18374.90,50,529950
20221121,09:47:36,18374.90,50,529950
20221121,09:47:47,18377.10,50,529950
20221121,09:48:05,18375.45,50,529950
20221121,09:48:07,18376.15,50,529950
20221121,09:48:16,18374.80,50,529950
20221121,09:48:24,18373.90,50,529950
20221121,09:48:38,18374.90,50,529950
20221121,09:48:52,18374.90,50,529950
20221121,09:49:16,18375.00,50,529950
20221121,09:49:21,18375.00,200,529950
20221121,09:49:23,18375.00,150,529950
20221121,09:49:32,18378.40,50,529950
20221121,09:49:40,18376.00,50,529950
20221121,09:49:43,18376.00,50,529950
20221121,09:49:44,18378.00,50,529950
20221121,09:49:52,18376.00,150,529950
20221121,09:49:57,18375.05,250,529950
20221121,09:50:01,18375.80,50,529950
20221121,09:50:31,18374.90,450,530450
20221121,09:50:48,18372.50,100,530450
20221121,09:50:50,18372.50,150,530450
20221121,09:50:53,18371.40,50,530450
20221121,09:50:56,18370.00,50,530450
20221121,09:51:00,18370.10,200,530450
20221121,09:51:05,18370.00,50,530450
20221121,09:51:21,18370.00,250,530450
20221121,09:51:27,18369.15,100,530450
20221121,09:51:48,18365.00,50,530450
20221121,09:51:58,18369.75,50,530450
20221121,09:52:07,18367.60,50,530450
20221121,09:52:33,18365.05,100,530450
20221121,09:52:38,18367.60,100,530450
20221121,09:52:46,18365.00,150,530450
20221121,09:52:47,18365.00,50,530450
20221121,09:53:14,18367.00,50,530450
20221121,09:53:52,18368.00,100,531350
20221121,09:54:01,18368.00,50,531350
20221121,09:54:07,18369.50,50,531350
20221121,09:54:22,18367.10,50,531350
20221121,09:54:29,18368.25,50,531350
20221121,09:54:32,18369.75,100,531350
20221121,09:54:34,18369.90,100,531350
20221121,09:54:36,18370.90,150,531350
20221121,09:54:39,18375.05,100,531350
20221121,09:54:43,18374.65,100,531350
20221121,09:55:02,18376.55,50,531350
20221121,09:55:27,18376.40,50,531350
20221121,09:55:35,18378.30,50,531350
20221121,09:55:36,18376.55,50,531350
20221121,09:55:40,18374.65,100,531350
20221121,09:55:41,18371.60,50,531350
20221121,09:55:51,18372.70,50,531350
20221121,09:56:00,18379.45,50,531350
20221121,09:56:06,18375.05,50,531350
20221121,09:56:17,18380.00,300,531350
20221121,09:56:18,18380.00,200,531350
20221121,09:56:19,18380.00,300,531350
20221121,09:56:23,18380.45,50,531350
20221121,09:56:24,18378.00,100,531350
20221121,09:56:47,18377.70,200,531850
20221121,09:56:47,18375.00,100,531850
20221121,09:57:06,18378.30,50,531850
20221121,09:57:07,18375.20,50,531850
20221121,09:57:17,18374.70,750,531850
20221121,09:57:27,18375.55,50,531850
20221121,09:58:21,18375.80,50,531850
20221121,09:58:39,18375.80,50,531850
20221121,09:58:40,18376.45,50,531850
20221121,09:58:42,18376.90,50,531850
20221121,09:58:55,18375.55,50,531850
20221121,09:59:18,18375.00,50,531850
20221121,09:59:22,18375.00,150,531850
20221121,09:59:40,18372.30,50,531900
20221121,10:00:02,18373.95,50,531900
20221121,10:00:38,18373.90,200,531900
20221121,10:00:46,18373.35,50,531900
20221121,10:00:59,18371.15,100,531900
20221121,10:01:05,18370.00,50,531900
20221121,10:01:08,18370.95,50,531900
20221121,10:01:10,18369.00,100,531900
20221121,10:01:16,18368.00,50,531900
20221121,10:01:25,18365.00,50,531900
20221121,10:01:27,18365.00,50,531900
20221121,10:01:38,18365.15,50,531900
20221121,10:01:44,18368.00,100,531900
20221121,10:01:45,18366.25,50,531900
20221121,10:02:43,18371.55,200,532150
20221121,10:02:45,18368.95,150,532150
20221121,10:03:30,18368.00,300,532150
20221121,10:03:47,18372.40,50,532150
20221121,10:04:18,18372.40,50,532150
20221121,10:04:24,18372.80,50,532150
20221121,10:05:13,18374.80,50,532150
20221121,10:05:25,18373.00,50,532150
20221121,10:05:27,18374.80,50,532150
20221121,10:05:39,18374.70,50,532000
20221121,10:05:42,18374.70,700,532000
20221121,10:05:56,18370.00,100,532000
20221121,10:06:07,18368.25,250,532000
20221121,10:06:16,18368.30,150,532000
20221121,10:06:18,18368.20,50,532000
20221121,10:06:25,18371.65,50,532000
20221121,10:06:37,18367.25,100,532000
20221121,10:06:46,18368.00,150,532000
20221121,10:06:46,18366.05,50,532000
20221121,10:06:49,18366.05,50,532000
20221121,10:07:04,18370.00,50,532000
20221121,10:07:09,18366.50,100,532000
20221121,10:07:32,18371.05,50,532000
20221121,10:07:37,18367.10,200,532000
20221121,10:07:43,18367.05,50,532000
20221121,10:08:10,18370.05,100,532000
20221121,10:08:36,18372.00,50,533000
20221121,10:08:49,18370.05,100,533000
20221121,10:09:23,18370.05,50,533000
20221121,10:09:47,18373.45,50,533000
20221121,10:09:55,18370.00,50,533000
20221121,10:09:56,18370.00,50,533000
20221121,10:09:57,18373.75,1000,533000
20221121,10:10:57,18373.75,50,533000
20221121,10:11:02,18373.10,50,533000
20221121,10:11:15,18373.50,50,533000
20221121,10:11:17,18373.80,50,533000
20221121,10:11:21,18374.00,50,533000
20221121,10:11:30,18375.00,50,533000
20221121,10:11:35,18375.00,300,532950
20221121,10:11:55,18379.15,50,532950
20221121,10:12:10,18378.50,50,532950
20221121,10:12:27,18377.45,50,532950
20221121,10:12:47,18375.45,50,532950
20221121,10:12:52,18375.65,50,532950
20221121,10:13:35,18375.65,50,532950
20221121,10:13:40,18375.65,50,532950
20221121,10:14:37,18379.00,50,533050
20221121,10:14:51,18380.00,50,533050
20221121,10:15:01,18377.00,50,533050
20221121,10:15:03,18380.00,200,533050
20221121,10:15:12,18380.70,50,533050
20221121,10:15:20,18383.95,350,533050
20221121,10:15:52,18384.05,100,533050
20221121,10:15:54,18384.05,50,533050
20221121,10:16:01,18382.95,50,533050
20221121,10:16:06,18381.00,50,533050
20221121,10:16:08,18380.00,50,533050
20221121,10:16:17,18380.00,50,533050
20221121,10:16:22,18380.00,50,533050
20221121,10:16:23,18380.00,50,533050
20221121,10:16:50,18376.60,50,533050
20221121,10:17:07,18378.75,100,533050
20221121,10:17:23,18379.25,100,533050
20221121,10:17:58,18379.75,50,533750
20221121,10:18:02,18382.00,50,533750
20221121,10:18:10,18380.40,150,533750
20221121,10:18:26,18382.30,150,533750
20221121,10:18:40,18380.35,50,533750
20221121,10:18:43,18382.30,200,533750
20221121,10:19:04,18385.00,50,533750
20221121,10:19:16,18383.10,50,533750
20221121,10:19:17,18385.00,150,533750
20221121,10:19:26,18384.65,100,533750
20221121,10:19:27,18385.60,50,533750
20221121,10:19:35,18383.00,50,533750
20221121,10:19:43,18382.05,50,533750
20221121,10:19:50,18384.65,50,533750
20221121,10:20:04,18384.40,50,533750
20221121,10:20:08,18380.40,50,533750
20221121,10:20:17,18382.95,50,533750
20221121,10:20:24,18384.15,50,533750
20221121,10:20:28,18383.80,50,533750
20221121,10:20:29,18380.00,50,533750
20221121,10:20:31,18380.05,50,533750
20221121,10:20:48,18380.10,50,534250
20221121,10:20:57,18383.60,100,534250
20221121,10:21:16,18377.70,50,534250
20221121,10:21:34,18375.00,150,534250
20221121,10:21:44,18374.00,50,534250
20221121,10:21:45,18373.00,50,534250
20221121,10:21:51,18373.00,100,534250
20221121,10:21:52,18373.00,50,534250
20221121,10:22:11,18373.00,50,534250
20221121,10:22:12,18370.40,50,534250
20221121,10:22:43,18370.40,50,534250
20221121,10:22:45,18373.00,50,534250
20221121,10:22:55,18373.00,100,534250
20221121,10:23:21,18370.30,50,534250
20221121,10:23:29,18369.70,100,534250
20221121,10:23:35,18370.15,100,534650
20221121,10:23:37,18368.75,100,534650
20221121,10:23:41,18368.70,100,534650
20221121,10:24:15,18368.00,50,534650
20221121,10:24:18,18368.00,50,534650
20221121,10:24:56,18368.00,50,534650
20221121,10:25:20,18366.00,50,534650
20221121,10:25:34,18367.00,50,534650
20221121,10:25:44,18368.00,100,534650
20221121,10:25:47,18366.85,150,534650
20221121,10:25:56,18369.15,100,534650
20221121,10:26:15,18370.00,50,534650
20221121,10:26:15,18366.30,100,534650
20221121,10:26:50,18370.55,100,534650
20221121,10:28:24,18370.30,50,534850
20221121,10:28:46,18374.20,100,534850
20221121,10:29:02,18372.00,50,534850
20221121,10:29:02,18370.30,50,534850
20221121,10:29:21,18370.30,100,534850
20221121,10:29:44,18370.30,50,534950
20221121,10:29:45,18370.00,50,534950
20221121,10:31:10,18373.90,50,534950
20221121,10:31:20,18374.90,100,534950
20221121,10:31:25,18373.75,50,534950
20221121,10:31:29,18374.10,150,534950
20221121,10:32:09,18375.00,50,534950
20221121,10:32:16,18375.00,50,534950
20221121,10:32:25,18376.10,150,534950
20221121,10:32:50,18377.95,300,535150
20221121,10:33:01,18377.60,250,535150
20221121,10:33:02,18376.00,50,535150
20221121,10:33:32,18376.00,50,535150
20221121,10:33:39,18376.00,50,535150
20221121,10:33:59,18376.00,50,535150
20221121,10:34:19,18378.00,500,535150
20221121,10:34:28,18374.15,50,535150
20221121,10:35:17,18370.10,50,535150
20221121,10:35:28,18370.00,50,535150
20221121,10:36:00,18372.05,50,535150
20221121,10:36:28,18372.00,50,535150
20221121,10:36:31,18372.00,50,535150
20221121,10:36:41,18370.00,150,535150
20221121,10:37:09,18370.00,50,535150
20221121,10:37:27,18370.05,100,535150
20221121,10:37:50,18370.00,50,535150
20221121,10:38:01,18370.00,50,535150
20221121,10:38:03,18370.00,150,535150
20221121,10:38:14,18370.00,50,535150
20221121,10:38:36,18370.00,50,535450
20221121,10:38:39,18368.00,100,535450
20221121,10:38:59,18367.05,50,535450
20221121,10:39:09,18370.00,150,535450
20221121,10:39:21,18370.00,50,535450
20221121,10:39:27,18370.00,50,535450
20221121,10:39:42,18372.75,100,535450
20221121,10:40:41,18371.90,100,535450
20221121,10:40:42,18371.75,50,535450
20221121,10:40:52,18367.00,50,535450
20221121,10:41:05,18366.00,100,535450
20221121,10:41:07,18363.00,1000,535450
20221121,10:41:08,18361.15,150,535450
20221121,10:41:11,18363.80,50,535450
20221121,10:41:11,18360.00,1750,535450
20221121,10:41:12,18360.00,450,535450
20221121,10:41:14,18360.00,100,535450
20221121,10:41:17,18358.00,50,535450
20221121,10:41:20,18357.45,50,535450
20221121,10:41:24,18356.20,100,535450
20221121,10:41:27,18358.00,50,535450
20221121,10:41:28,18361.25,100,535450
20221121,10:41:40,18361.30,50,536950
20221121,10:41:44,18361.25,50,536950
20221121,10:42:02,18357.95,150,536950
20221121,10:42:56,18365.00,50,536950
20221121,10:43:19,18365.00,50,536950
20221121,10:43:21,18362.50,50,536950
20221121,10:43:23,18365.95,50,536950
20221121,10:43:36,18364.35,450,536950
20221121,10:43:37,18364.25,250,536950
20221121,10:43:38,18364.20,100,536950
20221121,10:43:39,18365.05,150,536950
20221121,10:43:40,18364.65,850,536950
20221121,10:43:41,18366.00,50,536950
20221121,10:43:44,18365.85,50,536950
20221121,10:43:45,18365.55,50,536950
20221121,10:43:47,18366.75,50,536950
20221121,10:43:48,18365.85,50,536950
20221121,10:43:49,18365.15,100,536950
20221121,10:43:52,18367.90,50,536950
20221121,10:44:04,18367.25,50,536950
20221121,10:44:06,18368.10,150,536950
20221121,10:44:08,18367.95,50,536950
20221121,10:44:11,18366.70,100,536950
20221121,10:44:13,18366.20,100,536950
20221121,10:44:17,18365.00,50,536950
20221121,10:44:20,18365.00,400,536950
20221121,10:44:21,18364.25,100,536950
20221121,10:44:34,18364.90,300,536950
20221121,10:44:35,18365.00,50,536950
20221121,10:44:36,18364.25,50,536950
20221121,10:44:37,18364.25,100,536950
20221121,10:44:41,18364.90,50,540200
20221121,10:44:42,18364.45,150,540200
20221121,10:44:44,18364.45,50,540200
20221121,10:44:45,18363.70,750,540200
20221121,10:44:46,18363.20,1650,540200
20221121,10:44:47,18361.70,200,540200
20221121,10:44:51,18362.45,100,540200
20221121,10:44:54,18361.45,50,540200
20221121,10:44:56,18363.15,400,540200
20221121,10:44:58,18362.15,50,540200
20221121,10:44:59,18361.50,150,540200
20221121,10:45:01,18362.80,200,540200
20221121,10:45:02,18362.80,100,540200
20221121,10:45:04,18361.65,50,540200
20221121,10:45:05,18361.20,50,540200
20221121,10:45:10,18362.00,50,540200
20221121,10:45:13,18364.10,50,540200
20221121,10:45:26,18363.45,50,540200
20221121,10:45:31,18363.45,50,540200
20221121,10:45:34,18362.25,100,540200
20221121,10:45:36,18363.40,100,540200
20221121,10:45:47,18363.85,150,540200
20221121,10:45:48,18364.05,100,540200
20221121,10:46:00,18365.00,100,540200
20221121,10:46:02,18364.85,50,540200
20221121,10:46:04,18365.25,50,540200
20221121,10:46:08,18364.90,100,540200
20221121,10:46:10,18364.90,50,540200
20221121,10:46:11,18364.90,50,540200
20221121,10:46:14,18364.90,50,540200
20221121,10:46:18,18365.45,100,540200
20221121,10:46:30,18366.15,50,540200
20221121,10:46:31,18366.20,150,540200
20221121,10:46:36,18366.25,50,540200
20221121,10:46:37,18364.65,450,540200
20221121,10:46:38,18366.00,50,540200
20221121,10:46:41,18366.00,150,540200
20221121,10:46:49,18366.00,100,540200
20221121,10:46:56,18366.00,300,540200
20221121,10:47:04,18366.00,50,540200
20221121,10:47:13,18364.00,50,540200
20221121,10:47:29,18364.50,400,540200
20221121,10:47:31,18364.50,50,540200
20221121,10:47:33,18364.50,100,540200
20221121,10:47:35,18365.00,100,540200
20221121,10:47:38,18364.00,100,546400
20221121,10:48:03,18366.00,50,546400
20221121,10:48:04,18367.35,100,546400
20221121,10:48:08,18365.25,50,546400
20221121,10:48:10,18365.35,50,546400
20221121,10:48:10,18365.45,50,546400
20221121,10:48:12,18365.35,100,546400
20221121,10:48:15,18365.30,100,546400
20221121,10:48:18,18365.45,350,546400
20221121,10:48:19,18365.40,50,546400
20221121,10:48:21,18364.85,200,546400
20221121,10:48:22,18368.75,50,546400
20221121,10:48:37,18368.00,50,546400
20221121,10:49:03,18366.00,150,546400
20221121,10:49:04,18365.25,100,546400
20221121,10:49:06,18364.80,400,546400
20221121,10:49:16,18365.70,50,546400
20221121,10:49:18,18363.60,350,546400
20221121,10:49:19,18364.00,200,546400
20221121,10:49:21,18365.70,200,546400
20221121,10:49:32,18365.00,50,546400
20221121,10:49:48,18365.00,50,546400
20221121,10:50:05,18367.80,100,546400
20221121,10:50:07,18367.80,100,546400
20221121,10:50:27,18367.50,50,546400
20221121,10:50:31,18368.50,150,546400
20221121,10:50:38,18366.30,100,549400
20221121,10:50:47,18365.00,150,549400
20221121,10:50:49,18364.70,100,549400
20221121,10:50:52,18365.00,50,549400
20221121,10:50:53,18366.00,50,549400
20221121,10:50:54,18364.25,100,549400
20221121,10:50:55,18364.25,250,549400
20221121,10:50:57,18365.35,50,549400
20221121,10:51:03,18364.75,50,549400
20221121,10:51:27,18364.75,200,549400
20221121,10:51:28,18366.05,50,549400
20221121,10:51:33,18363.40,100,549400
20221121,10:51:34,18363.40,200,549400
20221121,10:51:35,18363.25,100,549400
20221121,10:51:45,18362.15,300,549400
20221121,10:52:15,18363.00,150,549400
20221121,10:52:18,18363.00,250,549400
20221121,10:52:21,18362.95,50,549400
20221121,10:52:22,18363.00,50,549400
20221121,10:52:23,18363.00,100,549400
20221121,10:52:24,18363.00,50,549400
20221121,10:52:26,18363.00,100,549400
20221121,10:52:28,18363.00,1400,549400
20221121,10:52:29,18362.95,50,549400
20221121,10:52:30,18363.00,100,549400
20221121,10:52:37,18363.00,100,549400
20221121,10:52:40,18365.00,50,549400
20221121,10:53:10,18365.15,50,549400
20221121,10:53:18,18367.30,50,549400
20221121,10:53:39,18367.20,50,553250
20221121,10:53:43,18370.00,150,553250
20221121,10:53:44,18370.00,50,553250
20221121,10:53:46,18370.00,50,553250
20221121,10:53:49,18370.00,200,553250
20221121,10:53:51,18370.00,50,553250
20221121,10:53:58,18370.00,100,553250
20221121,10:54:00,18370.00,50,553250
20221121,10:54:06,18370.00,50,553250
20221121,10:54:09,18370.00,50,553250
20221121,10:54:11,18370.00,300,553250
20221121,10:54:13,18370.00,550,553250
20221121,10:54:14,18370.00,1550,553250
20221121,10:54:17,18370.00,500,553250
20221121,10:54:19,18370.00,600,553250
20221121,10:54:20,18370.00,50,553250
20221121,10:54:21,18370.00,50,553250
20221121,10:54:23,18370.00,100,553250
20221121,10:54:27,18369.75,150,553250
20221121,10:54:29,18369.95,100,553250
20221121,10:54:31,18369.95,800,553250
20221121,10:54:33,18369.95,200,553250
20221121,10:54:35,18369.95,50,553250
20221121,10:54:36,18370.00,50,553250
20221121,10:54:37,18370.00,200,553250
20221121,10:54:39,18369.00,500,553250
20221121,10:54:41,18370.00,50,553250
20221121,10:54:46,18370.00,100,553250
20221121,10:54:52,18370.00,450,553250
20221121,10:54:55,18370.00,50,553250
20221121,10:54:59,18370.00,50,553250
20221121,10:55:01,18370.00,50,553250
20221121,10:55:05,18370.00,100,553250
20221121,10:55:08,18370.00,200,553250
20221121,10:55:10,18370.00,100,553250
20221121,10:55:11,18370.00,150,553250
20221121,10:55:12,18370.00,1350,553250
20221121,10:55:13,18370.00,350,553250
20221121,10:55:16,18370.00,200,553250
20221121,10:55:17,18370.00,300,553250
20221121,10:55:18,18370.00,1000,553250
20221121,10:55:20,18370.00,2400,553250
20221121,10:55:22,18370.00,50,553250
20221121,10:55:27,18370.00,50,553250
20221121,10:55:32,18370.00,200,553250
20221121,10:55:34,18370.00,100,553250
20221121,10:55:38,18370.00,50,553250
20221121,10:55:39,18370.00,50,553250
20221121,10:55:43,18370.00,250,553250
20221121,10:55:44,18370.00,50,553250
20221121,10:55:55,18373.50,50,553250
20221121,10:55:56,18370.15,300,553250
20221121,10:56:08,18373.60,50,553250
20221121,10:56:48,18372.00,50,567650
20221121,10:57:04,18372.00,200,567650
20221121,10:57:14,18372.00,200,567650
20221121,10:58:23,18373.00,50,567650
20221121,10:58:24,18372.50,50,567650
20221121,10:58:35,18374.80,100,567650
20221121,10:58:39,18373.40,50,567650
20221121,10:59:09,18370.00,100,567650
20221121,10:59:15,18370.00,150,567650
20221121,10:59:32,18370.00,250,567650
20221121,10:59:58,18370.00,300,567850
20221121,11:00:16,18370.00,200,567850
20221121,11:00:18,18370.00,50,567850
20221121,11:00:42,18372.25,100,567850
20221121,11:01:02,18371.85,50,567850
20221121,11:01:15,18373.75,150,567850
20221121,11:01:16,18373.75,50,567850
20221121,11:01:19,18374.25,100,567850
20221121,11:01:20,18374.25,300,567850
20221121,11:01:21,18373.25,200,567850
20221121,11:01:25,18375.00,50,567850
20221121,11:01:28,18374.50,50,567850
20221121,11:01:31,18375.00,50,567850
20221121,11:01:34,18375.25,100,567850
20221121,11:01:36,18375.00,200,567850
20221121,11:01:37,18375.00,300,567850
20221121,11:01:48,18376.50,50,567850
20221121,11:01:49,18375.00,100,567850
20221121,11:01:51,18376.40,300,567850
20221121,11:01:57,18375.00,100,567850
20221121,11:02:02,18374.25,300,567850
20221121,11:02:16,18374.30,50,567850
20221121,11:02:24,18377.05,100,567850
20221121,11:02:47,18375.30,50,568850
20221121,11:02:51,18375.30,50,568850
20221121,11:02:56,18376.10,100,568850
20221121,11:02:59,18376.10,50,568850
20221121,11:03:00,18376.10,100,568850
20221121,11:03:02,18376.10,100,568850
20221121,11:03:05,18376.10,50,568850
20221121,11:03:31,18378.40,50,568850
20221121,11:03:39,18377.00,100,568850
20221121,11:03:52,18377.00,200,568850
20221121,11:03:53,18377.00,300,568850
20221121,11:04:06,18376.25,100,568850
20221121,11:04:07,18376.25,100,568850
20221121,11:04:19,18376.65,200,568850
20221121,11:04:23,18376.25,100,568850
20221121,11:04:26,18375.85,100,568850
20221121,11:04:27,18375.00,50,568850
20221121,11:04:40,18374.70,50,568850
20221121,11:04:42,18377.55,50,568850
20221121,11:04:50,18378.50,150,568850
20221121,11:05:15,18378.80,50,568850
20221121,11:05:30,18378.00,50,568850
20221121,11:05:56,18378.65,50,569650
20221121,11:06:00,18378.70,50,569650
20221121,11:06:04,18380.00,1000,569650
20221121,11:06:05,18380.50,100,569650
20221121,11:06:33,18379.25,150,569650
20221121,11:06:42,18376.70,50,569650
20221121,11:06:43,18376.70,50,569650
20221121,11:07:52,18376.70,50,569650
20221121,11:08:35,18376.70,100,569650
20221121,11:09:10,18381.20,50,569650
20221121,11:09:50,18380.95,50,570450
20221121,11:10:15,18380.30,50,570450
20221121,11:10:44,18381.00,50,570450
20221121,11:10:52,18381.20,50,570450
20221121,11:10:59,18381.20,50,570450
20221121,11:11:00,18381.20,50,570450
20221121,11:11:13,18384.00,50,570450
20221121,11:11:27,18384.00,50,570450
20221121,11:11:32,18384.50,50,570450
20221121,11:11:38,18384.00,50,570450
20221121,11:12:06,18384.95,100,570700
20221121,11:12:10,18384.95,100,570700
20221121,11:12:25,18384.80,50,570700
20221121,11:12:30,18382.00,100,570700
20221121,11:12:33,18382.00,100,570700
20221121,11:12:56,18382.85,400,570700
20221121,11:13:01,18380.05,50,570700
20221121,11:13:37,18380.00,100,570700
20221121,11:14:14,18380.00,100,570700
20221121,11:15:33,18375.00,100,570800
20221121,11:15:49,18375.00,50,570800
20221121,11:16:14,18374.35,50,570800
20221121,11:16:24,18375.90,50,570800
20221121,11:16:48,18374.65,50,570800
20221121,11:16:51,18374.65,50,570800
20221121,11:16:59,18375.95,50,570800
20221121,11:17:05,18375.95,50,570800
20221121,11:17:08,18376.00,50,570800
20221121,11:17:51,18372.00,100,571150
20221121,11:17:53,18375.40,50,571150
20221121,11:17:55,18375.90,50,571150
20221121,11:17:58,18371.60,250,571150
20221121,11:18:03,18372.00,250,571150
20221121,11:18:07,18375.20,50,571150
20221121,11:18:08,18371.75,250,571150
20221121,11:18:12,18375.15,100,571150
20221121,11:18:20,18370.05,200,571150
20221121,11:18:57,18373.50,50,571150
20221121,11:18:58,18373.50,50,571150
20221121,11:19:03,18373.50,50,571150
20221121,11:19:13,18378.55,50,571150
20221121,11:19:32,18379.60,100,571150
20221121,11:19:57,18383.30,50,571150
20221121,11:20:20,18381.00,50,571150
20221121,11:20:22,18381.30,100,571150
20221121,11:20:25,18384.00,50,571150
20221121,11:20:26,18384.90,50,571150
20221121,11:20:28,18384.90,50,571150
20221121,11:20:57,18381.70,150,571150
20221121,11:20:58,18381.70,50,571050
20221121,11:21:00,18385.00,150,571050
20221121,11:21:01,18388.00,200,571050
20221121,11:21:12,18392.10,50,571050
20221121,11:21:23,18392.10,50,571050
20221121,11:21:41,18387.10,50,571050
20221121,11:22:10,18387.10,50,571050
20221121,11:22:13,18384.45,50,571050
20221121,11:22:47,18386.00,50,571050
20221121,11:23:03,18381.55,200,571050
20221121,11:23:31,18380.00,50,571050
20221121,11:23:32,18380.00,50,571050
20221121,11:24:00,18377.00,50,571200
20221121,11:24:06,18377.00,50,571200
20221121,11:24:43,18380.65,50,571200
20221121,11:25:14,18382.80,150,571200
20221121,11:25:32,18385.95,700,571200
20221121,11:25:50,18380.95,50,571200
20221121,11:26:40,18381.80,50,571200
20221121,11:27:18,18381.85,50,571650
20221121,11:27:27,18381.80,50,571650
20221121,11:28:00,18382.05,50,571650
20221121,11:28:05,18384.35,50,571650
20221121,11:28:06,18386.00,100,571650
20221121,11:28:15,18387.30,200,571650
20221121,11:28:18,18387.05,50,571650
20221121,11:28:22,18382.95,50,571650
20221121,11:29:21,18382.50,50,571650
20221121,11:29:24,18383.35,50,571650
20221121,11:29:32,18382.45,50,571650
20221121,11:29:47,18384.00,50,571750
20221121,11:30:34,18383.65,50,571750
20221121,11:30:39,18383.90,50,571750
20221121,11:30:41,18384.20,50,571750
20221121,11:30:43,18384.30,150,571750
20221121,11:30:47,18385.00,50,571750
20221121,11:31:11,18385.75,50,571750
20221121,11:31:14,18385.00,50,571750
20221121,11:31:17,18383.45,50,571750
20221121,11:31:18,18383.45,50,571750
20221121,11:31:51,18383.10,100,571750
20221121,11:32:06,18381.20,50,571750
20221121,11:32:10,18382.95,50,571750
20221121,11:33:26,18381.95,50,572000
20221121,11:33:28,18381.95,50,572000
20221121,11:33:30,18381.95,50,572000
20221121,11:33:33,18381.95,50,572000
20221121,11:33:34,18381.95,50,572000
20221121,11:33:37,18380.00,50,572000
20221121,11:33:39,18380.00,50,572000
20221121,11:33:43,18380.00,50,572000
20221121,11:34:34,18382.60,50,572000
20221121,11:34:56,18382.60,50,572000
20221121,11:35:13,18383.45,100,572000
20221121,11:35:57,18379.35,50,572450
20221121,11:36:07,18379.30,50,572450
20221121,11:36:19,18376.90,100,572450
20221121,11:36:41,18374.00,150,572450
20221121,11:36:57,18374.45,50,572450
20221121,11:37:09,18374.50,50,572450
20221121,11:37:11,18372.80,50,572450
20221121,11:37:34,18375.35,50,572450
20221121,11:38:13,18374.00,50,572450
20221121,11:38:37,18377.90,50,572450
20221121,11:38:58,18377.90,50,572550
20221121,11:39:15,18374.15,100,572550
20221121,11:39:48,18374.15,250,572550
20221121,11:40:22,18379.45,50,572550
20221121,11:40:25,18379.00,250,572550
20221121,11:40:34,18379.00,50,572550
20221121,11:41:00,18374.40,50,572550
20221121,11:42:57,18378.00,50,572700
20221121,11:43:20,18380.00,50,572700
20221121,11:45:56,18379.00,100,572800
20221121,11:46:36,18374.05,50,572800
20221121,11:46:53,18376.45,50,572800
20221121,11:47:27,18374.00,50,572800
20221121,11:47:51,18373.70,50,572800
20221121,11:48:10,18370.60,50,572750
20221121,11:48:15,18374.35,50,572750
20221121,11:48:44,18374.35,100,572750
20221121,11:49:24,18375.20,50,572750
20221121,11:49:45,18375.80,50,572750
20221121,11:50:09,18374.20,50,572750
20221121,11:50:48,18374.20,100,572750
20221121,11:50:50,18375.20,100,572700
20221121,11:51:59,18373.00,50,572700
20221121,11:54:55,18373.05,50,572750
20221121,11:55:40,18373.00,50,572750
20221121,11:55:41,18372.90,50,572750
20221121,11:55:45,18371.45,50,572750
20221121,11:56:06,18374.40,50,572750
20221121,11:56:07,18374.45,50,572750
20221121,11:56:14,18373.95,150,572750
20221121,11:57:03,18371.00,100,573050
20221121,11:57:03,18370.10,100,573050
20221121,11:58:07,18375.15,50,573050
20221121,11:59:20,18375.45,50,573050
20221121,12:00:05,18370.00,50,573100
20221121,12:00:10,18370.90,50,573100
20221121,12:00:25,18369.00,50,573100
20221121,12:02:10,18369.00,50,573100
20221121,12:02:11,18372.45,50,573100
20221121,12:03:55,18371.55,50,573200
20221121,12:04:10,18366.60,50,573200
20221121,12:05:48,18368.00,50,573200
20221121,12:06:00,18368.00,50,573250
20221121,12:06:25,18366.90,100,573250
20221121,12:07:06,18369.00,50,573250
20221121,12:07:09,18370.90,50,573250
20221121,12:07:56,18371.20,100,573250
20221121,12:08:07,18371.20,50,573250
20221121,12:08:34,18367.50,50,573250
20221121,12:08:46,18370.90,50,573250
20221121,12:09:37,18366.60,100,573300
20221121,12:10:10,18369.60,50,573300
20221121,12:10:14,18366.70,100,573300
20221121,12:10:38,18368.60,50,573300
20221121,12:10:43,18369.95,50,573300
20221121,12:10:44,18369.95,50,573300
20221121,12:10:46,18368.60,50,573300
20221121,12:11:08,18369.15,600,573300
20221121,12:11:09,18366.60,50,573300
20221121,12:11:12,18369.05,50,573300
20221121,12:11:23,18369.05,50,573300
20221121,12:12:12,18369.05,50,573450
20221121,12:12:13,18369.05,50,573450
20221121,12:12:24,18369.05,100,573450
20221121,12:12:39,18369.10,50,573450
20221121,12:12:45,18369.10,50,573450
20221121,12:12:52,18369.10,50,573450
20221121,12:13:05,18370.00,50,573450
20221121,12:13:08,18371.55,50,573450
20221121,12:15:05,18370.70,50,573450
20221121,12:15:30,18369.10,50,573450
20221121,12:15:57,18371.55,50,573450
20221121,12:16:39,18371.15,50,573450
20221121,12:16:51,18372.45,50,573450
20221121,12:17:45,18375.05,50,573450
20221121,12:17:46,18375.05,50,573450
20221121,12:17:47,18375.05,50,573450
20221121,12:18:26,18377.05,50,573550
20221121,12:18:52,18373.55,100,573550
20221121,12:20:16,18373.55,50,573550
20221121,12:20:32,18374.00,50,573550
20221121,12:20:44,18371.05,50,573550
20221121,12:20:50,18370.00,50,573550
20221121,12:21:30,18367.15,100,573900
20221121,12:21:31,18365.75,50,573900
20221121,12:21:32,18365.00,50,573900
20221121,12:21:33,18365.00,350,573900
20221121,12:21:39,18363.00,50,573900
20221121,12:21:53,18366.40,150,573900
20221121,12:21:56,18366.40,100,573900
20221121,12:23:08,18365.00,50,573900
20221121,12:23:11,18366.90,100,573900
20221121,12:23:16,18365.00,50,573900
20221121,12:23:34,18364.00,50,573900
20221121,12:23:35,18363.45,100,573900
20221121,12:24:03,18361.75,1700,574250
20221121,12:24:19,18363.10,50,574250
20221121,12:24:35,18361.00,100,574250
20221121,12:24:39,18361.00,50,574250
20221121,12:24:42,18363.15,100,574250
20221121,12:24:43,18363.25,150,574250
20221121,12:24:44,18363.35,50,574250
20221121,12:24:45,18363.35,50,574250
20221121,12:26:52,18365.00,100,574250
20221121,12:26:53,18363.00,50,574250
20221121,12:27:24,18362.85,50,574550
20221121,12:28:00,18361.55,50,574550
20221121,12:29:38,18363.00,50,574550
20221121,12:30:04,18363.00,50,574550
20221121,12:30:15,18363.00,50,574550
20221121,12:30:38,18363.05,50,574550
20221121,12:30:59,18363.00,100,574550
20221121,12:31:33,18363.00,300,574550
20221121,12:32:38,18365.55,100,574550
20221121,12:32:52,18365.55,50,574550
20221121,12:33:00,18365.15,50,575000
20221121,12:33:11,18363.00,50,575000
20221121,12:33:24,18363.00,50,575000
20221121,12:33:29,18361.30,250,575000
20221121,12:33:30,18355.00,650,575000
20221121,12:33:32,18352.00,200,575000
20221121,12:33:33,18351.00,150,575000
20221121,12:33:38,18350.25,50,575000
20221121,12:33:52,18350.25,50,575000
20221121,12:34:02,18356.35,100,575000
20221121,12:34:25,18359.50,50,575000
20221121,12:34:27,18358.65,100,575000
20221121,12:35:04,18359.30,100,575000
20221121,12:35:16,18359.60,300,575000
20221121,12:35:17,18360.50,50,575000
20221121,12:35:19,18360.50,250,575000
20221121,12:36:17,18364.65,50,576100
20221121,12:36:19,18365.40,50,576100
20221121,12:37:42,18360.05,100,576100
20221121,12:37:54,18360.10,50,576100
20221121,12:37:58,18360.10,50,576100
20221121,12:38:04,18360.50,50,576100
20221121,12:38:09,18360.10,50,576100
20221121,12:39:07,18360.00,50,576250
20221121,12:39:35,18361.00,50,576250
20221121,12:40:05,18360.00,50,576250
20221121,12:40:33,18360.00,50,576250
20221121,12:40:36,18360.00,50,576250
20221121,12:40:42,18360.00,50,576250
20221121,12:41:33,18358.40,50,576250
20221121,12:41:56,18355.95,300,576250
20221121,12:42:31,18360.00,50,576450
20221121,12:42:37,18359.00,300,576450
20221121,12:43:06,18361.00,50,576450
20221121,12:43:15,18365.60,50,576450
20221121,12:43:18,18366.30,200,576450
20221121,12:43:30,18363.30,50,576450
20221121,12:45:16,18360.00,50,576350
20221121,12:45:38,18360.00,50,576350
20221121,12:45:45,18360.00,50,576350
20221121,12:45:47,18360.00,100,576350
20221121,12:45:51,18361.40,50,576350
20221121,12:46:13,18364.60,100,576350
20221121,12:46:34,18360.50,50,576350
20221121,12:46:43,18360.25,100,576350
20221121,12:46:50,18363.50,50,576350
20221121,12:47:26,18360.30,50,576350
20221121,12:48:11,18360.00,450,576550
20221121,12:48:19,18355.95,50,576550
20221121,12:48:43,18355.95,50,576550
20221121,12:50:38,18360.25,50,576550
20221121,12:51:52,18362.75,100,576150
20221121,12:52:04,18360.00,50,576150
20221121,12:53:21,18360.15,50,576150
20221121,12:54:13,18365.00,50,576250
20221121,12:54:32,18367.60,50,576250
20221121,12:55:22,18368.00,50,576250
20221121,12:55:31,18370.00,50,576250
20221121,12:55:33,18370.00,250,576250
20221121,12:55:40,18370.00,50,576250
20221121,12:55:55,18368.80,50,576250
20221121,12:55:59,18370.00,50,576250
20221121,12:56:41,18365.75,50,576250
20221121,12:57:06,18365.10,50,576400
20221121,12:57:08,18365.30,50,576400
20221121,12:57:42,18363.05,50,576400
20221121,12:57:55,18366.05,50,576400
20221121,12:57:59,18369.95,50,576400
20221121,12:58:15,18366.65,50,576400
20221121,12:58:52,18369.95,50,576400
20221121,12:59:09,18369.30,50,576400
20221121,12:59:10,18369.30,50,576400
20221121,12:59:29,18369.20,50,576400
20221121,12:59:51,18369.00,100,576400
20221121,13:00:10,18369.00,100,576350
20221121,13:00:49,18369.00,200,576350
20221121,13:00:51,18366.65,50,576350
20221121,13:00:58,18360.90,150,576350
20221121,13:01:02,18361.80,50,576350
20221121,13:01:37,18361.80,50,576350
20221121,13:01:39,18362.35,50,576350
20221121,13:05:10,18369.55,100,576550
20221121,13:05:13,18370.00,300,576550
20221121,13:05:26,18370.00,200,576550
20221121,13:05:27,18370.00,100,576550
20221121,13:05:30,18370.00,50,576550
20221121,13:05:31,18370.00,50,576550
20221121,13:05:42,18370.00,50,576550
20221121,13:05:43,18370.00,50,576550
20221121,13:05:44,18370.00,50,576550
20221121,13:07:23,18368.80,50,577350
20221121,13:08:12,18370.00,100,577350
20221121,13:08:20,18370.00,50,577350
20221121,13:08:34,18369.95,150,577350
20221121,13:08:46,18370.00,500,577350
20221121,13:09:26,18370.00,50,578050
20221121,13:09:28,18370.00,150,578050
20221121,13:09:37,18370.00,200,578050
20221121,13:09:39,18367.65,200,578050
20221121,13:09:51,18368.70,200,578050
20221121,13:09:56,18369.40,100,578050
20221121,13:12:34,18365.00,50,578650
20221121,13:12:40,18362.35,50,578650
20221121,13:12:48,18362.35,50,578650
20221121,13:12:56,18360.00,50,578650
20221121,13:13:08,18357.65,50,578650
20221121,13:13:11,18355.30,50,578650
20221121,13:13:31,18358.40,200,578650
20221121,13:13:44,18355.25,50,578650
20221121,13:13:51,18356.00,100,578650
20221121,13:14:41,18360.95,50,578650
20221121,13:14:43,18360.95,150,578650
20221121,13:14:44,18358.00,50,578650
20221121,13:14:57,18359.10,50,578650
20221121,13:15:14,18358.15,100,578750
20221121,13:15:59,18358.00,50,578750
20221121,13:16:05,18358.50,100,578750
20221121,13:16:23,18355.00,250,578750
20221121,13:16:29,18351.00,50,578750
20221121,13:17:03,18353.90,150,578750
20221121,13:17:14,18355.20,50,578750
20221121,13:18:53,18350.00,1400,578750
20221121,13:18:55,18342.00,300,578850
20221121,13:19:10,18342.00,50,578850
20221121,13:19:14,18344.00,50,578850
20221121,13:19:17,18345.60,50,578850
20221121,13:19:19,18343.70,300,578850
20221121,13:19:34,18343.85,100,578850
20221121,13:19:47,18343.85,50,578850
20221121,13:20:26,18350.00,50,578850
20221121,13:21:06,18350.00,50,578850
20221121,13:21:14,18350.00,50,579750
20221121,13:23:03,18348.95,250,579750
20221121,13:23:07,18345.05,50,579750
20221121,13:23:32,18345.05,50,579750
20221121,13:23:35,18345.00,50,579750
20221121,13:23:41,18345.05,50,579750
20221121,13:23:54,18345.05,300,579750
20221121,13:24:19,18349.10,50,580100
20221121,13:24:27,18345.05,100,580100
20221121,13:24:47,18345.05,50,580100
20221121,13:24:51,18349.90,50,580100
20221121,13:24:52,18345.65,50,580100
20221121,13:25:14,18346.40,50,580100
20221121,13:26:08,18350.00,50,580100
20221121,13:26:12,18349.70,200,580100
20221121,13:26:22,18352.30,50,580100
20221121,13:28:23,18352.55,50,580350
20221121,13:28:45,18357.00,50,580350
20221121,13:28:49,18354.00,50,580350
20221121,13:28:51,18353.00,50,580350
20221121,13:29:01,18354.00,50,580350
20221121,13:29:26,18355.00,50,580350
20221121,13:29:39,18356.60,50,580350
20221121,13:29:55,18357.15,50,580350
20221121,13:30:01,18358.00,100,580350
20221121,13:30:03,18358.90,100,580350
20221121,13:30:10,18364.80,250,580500
20221121,13:32:14,18363.90,50,580500
20221121,13:32:58,18360.15,50,580500
20221121,13:33:01,18360.15,50,580500
20221121,13:33:38,18365.00,100,580700
20221121,13:33:45,18366.50,50,580700
20221121,13:33:59,18368.00,50,580700
20221121,13:34:22,18368.25,150,580700
20221121,13:34:23,18368.75,50,580700
20221121,13:35:10,18368.15,100,580700
20221121,13:35:11,18369.00,50,580700
20221121,13:35:12,18370.00,300,580700
20221121,13:35:20,18368.00,50,580700
20221121,13:35:40,18368.20,50,580700
20221121,13:35:42,18370.00,200,580700
20221121,13:35:48,18370.00,100,580700
20221121,13:35:49,18370.00,150,580700
20221121,13:35:51,18370.00,250,580700
20221121,13:35:52,18370.00,150,580700
20221121,13:35:55,18370.00,50,580700
20221121,13:35:58,18370.00,50,580700
20221121,13:36:00,18370.00,50,580700
20221121,13:36:06,18370.00,250,580700
20221121,13:36:08,18370.00,2700,581450
20221121,13:36:09,18370.00,50,581450
20221121,13:36:10,18370.00,100,581450
20221121,13:36:11,18370.00,50,581450
20221121,13:36:12,18370.00,100,581450
20221121,13:36:13,18370.00,50,581450
20221121,13:36:15,18370.00,50,581450
20221121,13:37:16,18367.00,150,581450
20221121,13:38:29,18367.00,50,581450
20221121,13:38:40,18364.80,50,581450
20221121,13:39:00,18364.00,100,581450
20221121,13:39:01,18363.70,100,581450
20221121,13:39:19,18366.80,50,582550
20221121,13:39:22,18366.80,200,582550
20221121,13:39:38,18364.00,50,582550
20221121,13:39:44,18365.15,50,582550
20221121,13:40:18,18368.00,100,582550
20221121,13:40:34,18366.05,50,582550
20221121,13:40:42,18363.85,50,582550
20221121,13:40:51,18363.85,100,582550
20221121,13:40:52,18365.00,50,582550
20221121,13:41:11,18363.85,100,582550
20221121,13:41:43,18361.60,50,582550
20221121,13:41:47,18362.00,50,582550
20221121,13:41:48,18364.00,50,582550
20221121,13:41:56,18362.15,100,582550
20221121,13:42:06,18362.00,50,582550
20221121,13:42:43,18363.10,50,582550
20221121,13:42:45,18363.40,50,583100
20221121,13:42:48,18365.00,150,583100
20221121,13:42:57,18367.80,50,583100
20221121,13:43:00,18364.10,150,583100
20221121,13:43:10,18363.10,50,583100
20221121,13:43:21,18362.60,50,583100
20221121,13:43:22,18363.00,100,583100
20221121,13:43:34,18362.90,50,583100
20221121,13:43:50,18363.90,50,583100
20221121,13:43:51,18363.90,50,583100
20221121,13:44:10,18363.95,100,583100
20221121,13:44:54,18366.85,50,583100
20221121,13:44:56,18366.85,50,583100
20221121,13:46:26,18360.00,150,583800
20221121,13:46:52,18357.00,50,583800
20221121,13:47:48,18358.00,100,583800
20221121,13:48:01,18359.45,50,583800
20221121,13:48:12,18362.00,50,584000
20221121,13:48:45,18363.85,50,584000
20221121,13:49:25,18362.15,50,584000
20221121,13:49:43,18364.00,1200,584000
20221121,13:50:23,18365.55,100,584000
20221121,13:50:24,18365.00,100,584000
20221121,13:50:39,18366.00,50,584000
20221121,13:51:09,18367.90,500,584000
20221121,13:53:36,18367.90,50,585050
20221121,13:53:46,18362.95,100,585050
20221121,13:54:00,18363.00,100,585050
20221121,13:54:39,18364.60,50,585150
20221121,13:54:41,18365.00,50,585150
20221121,13:54:45,18365.00,100,585150
20221121,13:55:23,18367.90,50,585150
20221121,13:55:24,18367.90,50,585150
20221121,13:55:25,18368.75,50,585150
20221121,13:55:27,18368.75,50,585150
20221121,13:55:55,18365.35,50,585150
20221121,13:56:10,18365.40,50,585150
20221121,13:56:27,18366.65,50,585150
20221121,13:57:08,18368.75,100,585150
20221121,13:57:18,18365.40,100,585200
20221121,13:57:20,18369.00,50,585200
20221121,13:57:56,18367.85,50,585200
20221121,13:58:26,18367.85,50,585200
20221121,13:59:46,18365.00,150,585200
20221121,13:59:56,18364.55,50,585200
20221121,14:00:12,18364.55,50,585300
20221121,14:00:50,18370.00,5700,585300
20221121,14:00:51,18370.00,1550,585300
20221121,14:00:52,18370.00,350,585300
20221121,14:00:53,18370.00,150,585300
20221121,14:00:54,18370.00,50,585300
20221121,14:00:55,18370.00,50,585300
20221121,14:01:00,18371.00,50,585300
20221121,14:01:03,18376.95,250,585300
20221121,14:01:04,18377.00,50,585300
20221121,14:01:06,18377.00,50,585300
20221121,14:01:08,18377.00,100,585300
20221121,14:01:19,18378.90,50,585300
20221121,14:01:21,18377.90,100,585300
20221121,14:01:22,18377.95,50,585300
20221121,14:01:27,18377.95,50,585300
20221121,14:01:33,18377.95,100,585300
20221121,14:01:34,18375.35,50,585300
20221121,14:01:43,18377.55,150,585300
20221121,14:01:46,18375.10,50,585300
20221121,14:01:52,18375.15,200,585300
20221121,14:01:53,18375.15,100,585300
20221121,14:02:05,18379.00,250,585300
20221121,14:03:05,18377.00,150,585300
20221121,14:03:26,18375.00,100,590000
20221121,14:04:06,18373.90,50,590000
20221121,14:05:16,18368.30,50,590000
20221121,14:05:22,18366.40,450,590000
20221121,14:06:21,18360.00,250,589800
20221121,14:06:55,18360.00,50,589800
20221121,14:06:56,18363.65,50,589800
20221121,14:07:12,18360.00,250,589800
20221121,14:07:14,18357.65,50,589800
20221121,14:07:52,18360.00,50,589800
20221121,14:07:56,18360.00,50,589800
20221121,14:08:31,18360.00,100,589800
20221121,14:08:35,18360.00,100,589800
20221121,14:08:47,18360.00,50,589800
20221121,14:08:58,18360.00,50,589800
20221121,14:10:19,18355.20,50,590550
20221121,14:10:28,18355.65,50,590550
20221121,14:10:31,18356.55,50,590550
20221121,14:11:08,18361.40,1800,590550
20221121,14:11:39,18360.90,100,590550
20221121,14:12:10,18363.15,200,590550
20221121,14:12:42,18364.25,50,589900
20221121,14:13:25,18361.00,50,589900
20221121,14:14:22,18361.05,200,589900
20221121,14:14:51,18365.05,50,589900
20221121,14:15:00,18365.00,50,589900
20221121,14:15:36,18365.00,750,590050
20221121,14:15:39,18364.45,50,590050
20221121,14:16:21,18363.25,50,590050
20221121,14:16:26,18363.35,50,590050
20221121,14:17:54,18359.90,50,590050
20221121,14:18:25,18359.90,50,590550
20221121,14:18:54,18359.50,150,590550
20221121,14:19:05,18360.35,350,590550
20221121,14:19:41,18356.60,150,590550
20221121,14:20:09,18356.40,50,590550
20221121,14:20:16,18355.00,50,590550
20221121,14:21:36,18357.90,50,590550
20221121,14:21:39,18357.90,100,590550
20221121,14:22:01,18360.00,100,590550
20221121,14:22:13,18360.60,100,590550
20221121,14:22:17,18360.00,50,590550
20221121,14:22:18,18360.00,50,590550
20221121,14:22:20,18360.00,100,590550
20221121,14:22:26,18359.90,200,590550
20221121,14:22:50,18355.00,50,590550
20221121,14:23:38,18356.00,150,590550
20221121,14:23:49,18355.00,50,590550
20221121,14:23:51,18356.00,150,590550
20221121,14:23:51,18358.00,50,590550
20221121,14:24:34,18354.00,50,591050
20221121,14:25:13,18352.00,300,591050
20221121,14:25:31,18352.00,100,591050
20221121,14:25:43,18354.00,50,591050
20221121,14:25:48,18354.00,50,591050
20221121,14:25:50,18354.00,250,591050
20221121,14:26:12,18354.00,50,591050
20221121,14:26:13,18357.20,50,591050
20221121,14:26:16,18353.00,50,591050
20221121,14:26:24,18356.95,50,591050
20221121,14:26:42,18353.85,50,591050
20221121,14:27:02,18360.00,300,591050
20221121,14:27:03,18357.05,150,591050
20221121,14:27:16,18357.05,50,591050
20221121,14:27:17,18358.10,50,591450
20221121,14:27:30,18357.75,50,591450
20221121,14:27:33,18354.35,50,591450
20221121,14:27:57,18354.85,100,591450
20221121,14:28:10,18354.00,50,591450
20221121,14:28:22,18353.85,50,591450
20221121,14:28:26,18352.00,200,591450
20221121,14:28:28,18351.00,50,591450
20221121,14:29:04,18351.00,50,591450
20221121,14:29:13,18351.00,100,591450
20221121,14:29:29,18350.00,500,591450
20221121,14:29:33,18350.00,100,591450
20221121,14:29:34,18351.00,50,591450
20221121,14:29:41,18351.00,200,591450
20221121,14:29:41,18351.00,100,591450
20221121,14:30:13,18348.65,150,591450
20221121,14:30:46,18354.00,100,592350
20221121,14:30:52,18356.65,100,592350
20221121,14:31:27,18354.00,50,592350
20221121,14:31:28,18354.00,50,592350
20221121,14:31:49,18355.00,50,592350
20221121,14:32:23,18352.85,50,592350
20221121,14:32:29,18354.40,100,592350
20221121,14:32:44,18357.30,50,592350
20221121,14:33:33,18354.40,50,592650
20221121,14:34:21,18350.00,100,592650
20221121,14:34:39,18347.30,50,592650
20221121,14:35:01,18345.00,100,592650
20221121,14:35:02,18346.70,50,592650
20221121,14:35:20,18350.00,50,592650
20221121,14:35:21,18353.80,50,592650
20221121,14:35:22,18354.15,50,592650
20221121,14:35:28,18350.25,50,592650
20221121,14:35:31,18350.00,50,592650
20221121,14:36:03,18350.00,100,592650
20221121,14:36:23,18350.00,100,592900
20221121,14:36:44,18350.00,50,592900
20221121,14:37:09,18356.35,50,592900
20221121,14:37:19,18357.00,250,592900
20221121,14:37:47,18357.00,50,592900
20221121,14:38:20,18358.65,100,592900
20221121,14:38:57,18360.00,200,592900
20221121,14:39:16,18358.75,100,592900
20221121,14:39:36,18357.00,50,593600
20221121,14:39:59,18356.00,50,593600
20221121,14:40:02,18356.00,50,593600
20221121,14:40:09,18355.05,50,593600
20221121,14:40:26,18356.90,50,593600
20221121,14:40:30,18355.00,200,593600
20221121,14:40:34,18353.70,50,593600
20221121,14:40:40,18354.60,50,593600
20221121,14:41:07,18354.25,50,593600
20221121,14:41:44,18353.75,50,593600
20221121,14:42:27,18357.00,50,593900
20221121,14:42:43,18357.00,50,593900
20221121,14:42:52,18357.00,50,593900
20221121,14:42:54,18357.00,50,593900
20221121,14:43:11,18357.00,50,593900
20221121,14:43:30,18354.00,150,593900
20221121,14:43:31,18354.00,50,593900
20221121,14:45:02,18352.05,50,593900
20221121,14:45:28,18353.05,50,594100
20221121,14:46:44,18353.00,100,594100
20221121,14:47:06,18348.05,50,594100
20221121,14:47:28,18350.00,50,594100
20221121,14:47:32,18350.70,50,594100
20221121,14:47:40,18353.00,50,594100
20221121,14:47:42,18353.00,50,594100
20221121,14:47:44,18352.35,50,594100
20221121,14:47:52,18356.95,50,594100
20221121,14:48:00,18357.00,100,594100
20221121,14:48:01,18358.10,50,594100
20221121,14:48:07,18367.30,50,594100
20221121,14:48:09,18369.00,50,594100
20221121,14:48:10,18370.00,1400,594100
20221121,14:48:13,18370.00,2000,594100
20221121,14:48:14,18370.00,1500,594100
20221121,14:48:14,18370.00,100,594100
20221121,14:48:15,18370.00,950,594100
20221121,14:48:16,18369.35,50,594100
20221121,14:48:19,18370.00,100,594100
20221121,14:48:19,18370.00,50,594100
20221121,14:48:21,18370.00,50,598200
20221121,14:48:22,18370.00,50,598200
20221121,14:48:24,18370.00,50,598200
20221121,14:48:25,18370.00,50,598200
20221121,14:48:26,18370.00,50,598200
20221121,14:48:31,18369.95,100,598200
20221121,14:49:04,18368.00,50,598200
20221121,14:49:06,18370.00,700,598200
20221121,14:49:08,18370.00,800,598200
20221121,14:49:09,18370.00,900,598200
20221121,14:49:09,18370.00,50,598200
20221121,14:49:10,18370.00,3400,598200
20221121,14:49:13,18370.00,200,598200
20221121,14:49:26,18370.00,50,598200
20221121,14:49:27,18370.00,500,598200
20221121,14:49:28,18370.00,4050,598200
20221121,14:49:29,18370.00,450,598200
20221121,14:49:30,18370.00,100,598200
20221121,14:49:33,18372.00,50,598200
20221121,14:49:40,18373.60,50,598200
20221121,14:49:56,18373.90,50,598200
20221121,14:49:58,18375.00,100,598200
20221121,14:50:01,18377.00,50,598200
20221121,14:50:06,18377.20,100,598200
20221121,14:50:11,18375.00,50,598200
20221121,14:50:21,18371.85,50,598200
20221121,14:50:57,18369.45,50,598200
20221121,14:51:07,18366.95,300,598200
20221121,14:51:33,18360.00,50,600950
20221121,14:52:14,18359.15,500,600950
20221121,14:52:40,18362.00,350,600950
20221121,14:52:42,18361.00,50,600950
20221121,14:52:57,18365.95,100,600950
20221121,14:53:01,18363.60,100,600950
20221121,14:53:02,18363.60,50,600950
20221121,14:53:05,18361.60,350,600950
20221121,14:53:09,18362.60,450,600950
20221121,14:53:10,18362.60,50,600950
20221121,14:53:19,18363.05,50,600950
20221121,14:53:37,18367.55,50,600950
20221121,14:53:47,18368.05,50,600950
20221121,14:54:02,18367.15,500,600950
20221121,14:54:06,18367.05,700,600950
20221121,14:54:07,18367.00,200,600950
20221121,14:54:13,18368.10,50,600950
20221121,14:54:14,18367.90,150,600950
20221121,14:54:15,18369.15,50,600950
20221121,14:54:18,18368.65,50,600950
20221121,14:54:22,18368.55,50,600450
20221121,14:54:23,18367.85,200,600450
20221121,14:54:24,18367.85,150,600450
20221121,14:54:27,18369.90,50,600450
20221121,14:54:40,18367.70,50,600450
20221121,14:54:50,18373.65,150,600450
20221121,14:55:04,18372.05,150,600450
20221121,14:55:06,18370.00,50,600450
20221121,14:55:23,18372.75,50,600450
20221121,14:55:24,18372.85,50,600450
20221121,14:55:33,18369.95,50,600450
20221121,14:55:41,18371.00,300,600450
20221121,14:55:42,18373.60,100,600450
20221121,14:55:44,18373.90,100,600450
20221121,14:55:45,18373.40,50,600450
20221121,14:55:46,18370.20,50,600450
20221121,14:55:56,18370.85,50,600450
20221121,14:55:59,18371.60,50,600450
20221121,14:56:01,18372.40,200,600450
20221121,14:56:22,18371.65,50,600450
20221121,14:56:28,18370.00,50,600450
20221121,14:56:54,18366.30,50,600450
20221121,14:57:26,18369.00,100,601450
20221121,14:57:28,18370.00,50,601450
20221121,14:57:29,18369.60,100,601450
20221121,14:57:46,18368.00,50,601450
20221121,14:57:50,18368.00,50,601450
20221121,14:57:51,18368.00,50,601450
20221121,14:58:11,18372.40,600,601450
20221121,14:58:49,18370.20,300,601450
20221121,14:58:57,18372.40,50,601450
20221121,14:58:58,18372.40,200,601450
20221121,14:59:00,18375.00,300,601450
20221121,14:59:01,18378.90,50,601450
20221121,14:59:35,18370.80,100,601450
20221121,14:59:44,18370.00,100,601450
20221121,14:59:47,18370.00,150,601450
20221121,15:00:01,18375.00,50,601450
20221121,15:00:02,18377.70,50,601450
20221121,15:00:05,18376.25,50,601450
20221121,15:00:06,18375.90,50,601450
20221121,15:00:13,18370.00,600,601450
20221121,15:00:14,18373.95,50,601450
20221121,15:00:24,18368.00,50,603350
20221121,15:00:25,18363.10,200,603350
20221121,15:00:26,18360.00,300,603350
20221121,15:00:28,18352.35,250,603350
20221121,15:00:29,18343.60,750,603350
20221121,15:00:30,18350.25,50,603350
20221121,15:00:31,18347.40,100,603350
20221121,15:00:32,18342.00,100,603350
20221121,15:00:34,18340.00,550,603350
20221121,15:00:35,18335.10,100,603350
20221121,15:00:37,18334.45,100,603350
20221121,15:00:38,18338.55,100,603350
20221121,15:00:57,18349.25,50,603350
20221121,15:01:04,18350.30,250,603350
20221121,15:01:19,18357.00,50,603350
20221121,15:02:00,18355.85,500,603350
20221121,15:02:05,18359.50,100,603350
20221121,15:02:15,18354.60,150,603350
20221121,15:02:17,18355.00,50,603350
20221121,15:02:18,18354.95,50,603350
20221121,15:02:20,18355.00,50,603350
20221121,15:02:39,18355.40,150,603350
20221121,15:02:40,18354.60,100,603350
20221121,15:02:44,18353.25,150,603350
20221121,15:02:45,18354.25,100,603350
20221121,15:02:46,18357.05,50,603350
20221121,15:02:58,18357.05,50,603350
20221121,15:03:03,18357.00,50,603350
20221121,15:03:11,18359.45,50,603350
20221121,15:03:34,18365.00,100,605150
20221121,15:04:01,18367.60,100,605150
20221121,15:04:04,18369.80,50,605150
20221121,15:04:08,18370.10,300,605150
20221121,15:05:01,18370.10,100,605150
20221121,15:05:12,18369.85,50,605150
20221121,15:05:19,18366.50,50,605150
20221121,15:05:40,18366.60,50,605150
20221121,15:05:45,18368.20,100,605150
20221121,15:06:38,18365.00,100,605450
20221121,15:07:01,18365.00,50,605450
20221121,15:07:25,18365.00,100,605450
20221121,15:07:31,18367.20,100,605450
20221121,15:07:33,18369.55,50,605450
20221121,15:07:57,18365.25,50,605450
20221121,15:08:00,18369.50,100,605450
20221121,15:08:29,18369.45,50,605450
20221121,15:08:30,18369.50,400,605450
20221121,15:08:44,18365.10,250,605450
20221121,15:08:58,18364.90,200,605450
20221121,15:09:00,18364.90,100,605450
20221121,15:09:06,18369.45,50,605450
20221121,15:09:18,18368.20,50,605450
20221121,15:09:22,18369.50,200,605450
20221121,15:09:23,18369.50,100,605450
20221121,15:09:25,18369.80,300,606500
20221121,15:09:33,18368.60,50,606500
20221121,15:09:38,18366.30,250,606500
20221121,15:10:00,18370.00,700,606500
20221121,15:10:01,18370.00,300,606500
20221121,15:10:02,18370.75,50,606500
20221121,15:10:30,18373.00,100,606500
20221121,15:10:49,18373.00,50,606500
20221121,15:11:20,18373.00,100,606500
20221121,15:11:21,18373.00,150,606500
20221121,15:11:23,18373.00,50,606500
20221121,15:11:59,18373.00,200,606500
20221121,15:13:00,18373.00,50,607750
20221121,15:13:02,18373.00,50,607750
20221121,15:13:03,18375.00,300,607750
20221121,15:13:18,18375.00,50,607750
20221121,15:13:19,18375.00,100,607750
20221121,15:13:20,18375.00,150,607750
20221121,15:13:21,18376.00,50,607750
20221121,15:13:25,18376.00,50,607750
20221121,15:13:26,18376.00,450,607750
20221121,15:13:27,18379.00,200,607750
20221121,15:13:28,18380.00,50,607750
20221121,15:13:32,18380.00,150,607750
20221121,15:13:33,18381.00,100,607750
20221121,15:13:34,18383.00,50,607750
20221121,15:13:35,18383.00,150,607750
20221121,15:13:36,18383.00,250,607750
20221121,15:13:37,18383.00,800,607750
20221121,15:13:38,18384.40,50,607750
20221121,15:13:50,18383.45,50,607750
20221121,15:13:58,18382.30,50,607750
20221121,15:14:00,18382.30,50,607750
20221121,15:14:08,18378.25,50,607750
20221121,15:14:09,18378.70,50,607750
20221121,15:14:15,18379.45,50,607750
20221121,15:14:16,18382.00,50,607750
20221121,15:14:19,18381.50,100,607750
20221121,15:14:25,18382.75,50,607750
20221121,15:14:31,18379.00,50,607750
20221121,15:14:36,18378.80,50,607750
20221121,15:14:37,18381.15,50,607750
20221121,15:14:41,18378.70,100,607750
20221121,15:14:42,18381.85,50,607750
20221121,15:15:00,18381.85,50,607750
20221121,15:15:11,18382.60,50,607750
20221121,15:15:24,18380.95,50,607750
20221121,15:15:29,18379.05,50,609350
20221121,15:15:30,18379.05,50,609350
20221121,15:15:34,18379.80,50,609350
20221121,15:15:35,18380.30,50,609350
20221121,15:16:20,18378.00,50,609350
20221121,15:16:47,18373.35,50,609350
20221121,15:16:50,18371.30,50,609350
20221121,15:16:56,18369.65,100,609350
20221121,15:17:08,18370.95,300,609350
20221121,15:17:52,18372.60,200,609350
20221121,15:17:54,18372.60,50,609350
20221121,15:17:55,18372.60,50,609350
20221121,15:17:56,18372.60,100,609350
20221121,15:17:57,18372.60,150,609350
20221121,15:18:04,18375.00,50,609350
20221121,15:18:15,18372.60,250,609350
20221121,15:18:16,18374.85,50,609350
20221121,15:18:18,18372.60,250,609350
20221121,15:18:19,18374.05,50,609350
20221121,15:18:20,18373.60,50,609350
20221121,15:18:23,18371.20,300,609350
20221121,15:18:28,18369.40,100,610050
20221121,15:18:29,18370.00,250,610050
20221121,15:18:30,18372.65,50,610050
20221121,15:18:39,18371.20,100,610050
20221121,15:18:45,18371.15,50,610050
20221121,15:19:22,18367.00,500,610050
20221121,15:19:23,18369.65,100,610050
20221121,15:19:26,18366.50,50,610050
20221121,15:19:31,18366.50,150,610050
20221121,15:19:33,18365.00,200,610050
20221121,15:19:34,18364.00,300,610050
20221121,15:19:38,18366.35,50,610050
20221121,15:19:43,18363.60,50,610050
20221121,15:19:48,18363.60,100,610050
20221121,15:19:53,18360.75,100,610050
20221121,15:20:05,18360.00,50,610050
20221121,15:20:11,18361.10,200,610050
20221121,15:20:13,18360.00,500,610050
20221121,15:20:15,18362.80,50,610050
20221121,15:20:39,18358.70,150,610050
20221121,15:20:40,18358.70,50,610050
20221121,15:20:42,18358.60,50,610050
20221121,15:20:45,18358.95,250,610050
20221121,15:20:50,18359.70,250,610050
20221121,15:21:28,18363.85,100,610250
20221121,15:21:35,18364.60,50,610250
20221121,15:21:36,18363.80,100,610250
20221121,15:21:56,18368.30,50,610250
20221121,15:22:00,18367.00,50,610250
20221121,15:22:05,18369.95,600,610250
20221121,15:22:13,18368.45,50,610250
20221121,15:22:28,18369.30,350,610250
20221121,15:22:31,18365.30,50,610250
20221121,15:22:32,18366.80,150,610250
20221121,15:22:33,18364.95,100,610250
20221121,15:22:34,18367.45,50,610250
20221121,15:22:39,18363.65,250,610250
20221121,15:22:41,18365.30,100,610250
20221121,15:22:56,18366.15,50,610250
20221121,15:22:58,18366.55,50,610250
20221121,15:23:18,18366.55,50,610250
20221121,15:23:29,18365.75,100,610250
20221121,15:23:36,18366.50,50,610250
20221121,15:23:37,18365.75,50,610250
20221121,15:23:39,18365.75,550,610250
20221121,15:23:41,18368.05,250,610250
20221121,15:23:42,18365.80,50,610250
20221121,15:23:48,18366.15,50,610250
20221121,15:23:51,18365.80,50,610250
20221121,15:23:52,18367.70,150,610250
20221121,15:24:03,18367.70,50,610250
20221121,15:24:09,18368.00,50,610250
20221121,15:24:10,18366.60,50,610250
20221121,15:24:13,18367.75,100,610250
20221121,15:24:15,18368.20,50,610250
20221121,15:24:16,18368.10,50,610250
20221121,15:24:18,18368.30,100,610250
20221121,15:24:20,18366.60,50,610250
20221121,15:24:21,18368.15,50,610250
20221121,15:24:22,18368.20,150,610250
20221121,15:24:26,18367.80,100,610250
20221121,15:24:47,18368.15,50,611400
20221121,15:24:52,18368.10,100,611400
20221121,15:25:01,18371.60,350,611400
20221121,15:25:06,18369.80,100,611400
20221121,15:25:07,18372.30,50,611400
20221121,15:25:10,18372.00,50,611400
20221121,15:25:14,18372.05,850,611400
20221121,15:25:17,18371.60,100,611400
20221121,15:25:18,18371.55,50,611400
20221121,15:25:19,18368.35,50,611400
20221121,15:25:21,18371.45,100,611400
20221121,15:25:22,18371.50,150,611400
20221121,15:25:23,18367.75,50,611400
20221121,15:25:32,18367.10,50,611400
20221121,15:25:34,18368.15,50,611400
20221121,15:25:38,18370.00,50,611400
20221121,15:25:41,18369.35,100,611400
20221121,15:25:46,18370.00,100,611400
20221121,15:25:48,18370.00,50,611400
20221121,15:25:53,18369.80,50,611400
20221121,15:25:58,18372.35,100,611400
20221121,15:26:12,18370.35,50,611400
20221121,15:26:27,18370.40,50,611400
20221121,15:26:28,18372.50,50,611400
20221121,15:26:33,18370.05,50,611400
20221121,15:26:49,18370.10,50,611400
20221121,15:27:01,18372.00,50,611400
20221121,15:27:02,18370.00,50,611400
20221121,15:27:05,18371.40,50,611400
20221121,15:27:16,18371.00,50,611400
20221121,15:27:23,18370.00,100,611400
20221121,15:27:26,18371.00,200,611400
20221121,15:27:27,18371.00,100,611600
20221121,15:27:28,18370.00,50,611600
20221121,15:27:46,18367.60,50,611600
20221121,15:27:47,18367.60,50,611600
20221121,15:27:52,18367.10,150,611600
20221121,15:27:57,18366.80,50,611600
20221121,15:28:03,18370.00,200,611600
20221121,15:28:04,18371.40,50,611600
20221121,15:28:05,18371.45,550,611600
20221121,15:28:05,18372.00,50,611600
20221121,15:28:09,18374.50,300,611600
20221121,15:28:15,18370.95,50,611600
20221121,15:28:33,18370.95,50,611600
20221121,15:28:34,18372.55,50,611600
20221121,15:28:54,18370.00,50,611600
20221121,15:28:58,18367.10,50,611600
20221121,15:28:59,18370.15,100,611600
20221121,15:29:02,18370.15,100,611600
20221121,15:29:07,18370.15,150,611600
20221121,15:29:09,18370.15,50,611600
20221121,15:29:10,18368.60,50,611600
20221121,15:29:11,18370.00,50,611600
20221121,15:29:13,18370.00,50,611600
20221121,15:29:15,18370.00,100,611600
20221121,15:29:16,18370.00,50,611600
20221121,15:29:19,18370.00,50,611600
20221121,15:29:22,18370.00,50,611600
20221121,15:29:26,18370.00,50,611600
20221121,15:29:28,18370.00,50,611600
20221121,15:29:30,18369.95,50,611600
20221121,15:29:31,18368.90,50,611600
20221121,15:29:35,18368.60,50,611600
20221121,15:29:43,18368.60,50,611600
20221121,15:29:44,18368.00,50,611600
20221121,15:29:45,18368.60,50,611600
20221121,15:29:47,18368.00,100,611600
20221121,15:29:50,18368.00,50,611600
20221121,15:29:53,18370.00,400,611600
20221121,15:29:54,18368.00,50,611600
20221121,15:29:56,18370.00,100,611600
20221121,15:29:58,18370.15,150,611600
20221121,15:30:00,18370.95,50,611600
