20221121,09:15:00,18385.10,1,2409200
20221121,09:15:00,18355.55,1,2409200
20221121,09:15:00,18385.10,200,2409200
20221121,09:15:00,18367.95,500,2409200
20221121,09:15:01,18367.95,450,2409200
20221121,09:15:02,18352.55,800,2409200
20221121,09:15:03,18352.35,550,2409200
20221121,09:15:04,18353.85,750,2409200
20221121,09:15:05,18358.80,1700,2409200
20221121,09:15:06,18363.85,950,2409200
20221121,09:15:07,18366.25,400,2409200
20221121,09:15:08,18363.95,250,2409200
20221121,09:15:09,18353.50,950,2409200
20221121,09:15:11,18351.00,1450,2409200
20221121,09:15:11,18350.35,1200,2409200
20221121,09:15:12,18350.35,1500,2409200
20221121,09:15:13,18358.30,150,2409200
20221121,09:15:14,18359.80,200,2409200
20221121,09:15:15,18351.00,450,2409200
20221121,09:15:16,18350.30,250,2409200
20221121,09:15:18,18348.00,850,2409200
20221121,09:15:18,18348.70,300,2409200
20221121,09:15:19,18344.00,350,2409200
20221121,09:15:20,18346.70,700,2409200
20221121,09:15:21,18346.85,450,2409200
20221121,09:15:22,18342.05,300,2409200
20221121,09:15:24,18341.05,350,2409200
20221121,09:15:24,18343.55,250,2409200
20221121,09:15:25,18342.00,800,2409200
20221121,09:15:26,18345.50,400,2409200
20221121,09:15:27,18341.00,750,2409200
20221121,09:15:28,18340.00,850,2409200
20221121,09:15:30,18338.35,300,2409200
20221121,09:15:30,18336.90,150,2409200
20221121,09:15:31,18336.90,1100,2409200
20221121,09:15:32,18341.40,300,2409200
20221121,09:15:34,18342.00,200,2409200
20221121,09:15:36,18343.30,350,2409200
20221121,09:15:36,18343.30,50,2409200
20221121,09:15:37,18345.85,150,2409200
20221121,09:15:38,18346.10,150,2409200
20221121,09:15:39,18348.60,800,2409200
20221121,09:15:40,18347.70,150,2409200
20221121,09:15:42,18343.70,350,2409200
20221121,09:15:43,18347.05,450,2409200
20221121,09:15:44,18346.25,200,2409200
20221121,09:15:45,18343.80,1350,2409200
20221121,09:15:47,18345.70,150,2409200
20221121,09:15:48,18346.25,50,2409200
20221121,09:15:49,18344.30,150,2409200
20221121,09:15:50,18344.20,50,2409200
20221121,09:15:51,18346.25,150,2409200
20221121,09:15:52,18347.00,250,2409200
20221121,09:15:54,18345.40,300,2409200
20221121,09:15:55,18345.65,550,2409200
20221121,09:15:55,18344.30,50,2409200
20221121,09:15:56,18345.65,200,2409200
20221121,09:15:57,18346.55,100,2409200
20221121,09:15:58,18344.55,100,2409200
20221121,09:16:00,18346.75,1600,2409200
20221121,09:16:01,18344.55,2450,2409200
20221121,09:16:01,18344.30,550,2409200
20221121,09:16:02,18344.55,2750,2409200
20221121,09:16:03,18345.50,1050,2409200
20221121,09:16:04,18350.00,150,2409200
20221121,09:16:06,18350.95,100,2409200
20221121,09:16:07,18346.00,550,2409200
20221121,09:16:08,18344.75,1200,2409200
20221121,09:16:09,18350.00,1600,2409200
20221121,09:16:10,18349.70,300,2409200
20221121,09:16:12,18350.00,850,2409200
20221121,09:16:13,18350.00,1500,2409200
20221121,09:16:14,18350.70,200,2409200
20221121,09:16:16,18350.00,4750,2409200
20221121,09:16:18,18348.25,4350,2409200
20221121,09:16:19,18348.65,150,2409200
20221121,09:16:20,18350.00,50,2409200
20221121,09:16:20,18349.20,100,2409200
20221121,09:16:21,18347.10,1650,2409200
20221121,09:16:25,18344.60,1850,2409200
20221121,09:16:26,18344.40,1600,2409200
20221121,09:16:26,18343.65,50,2409200
20221121,09:16:27,18345.95,1550,2409200
20221121,09:16:28,18344.00,200,2409200
20221121,09:16:29,18345.90,350,2409200
20221121,09:16:31,18342.25,250,2409200
20221121,09:16:32,18341.65,2000,2409200
20221121,09:16:32,18341.00,750,2409200
20221121,09:16:33,18341.95,100,2409200
20221121,09:16:34,18341.60,100,2409200
20221121,09:16:35,18341.45,150,2409200
20221121,09:16:37,18344.95,900,2409200
20221121,09:16:38,18344.95,500,2409200
20221121,09:16:38,18345.70,50,2409200
20221121,09:16:39,18344.95,150,2409200
20221121,09:16:40,18345.00,50,2409200
20221121,09:16:41,18345.90,200,2409200
20221121,09:16:44,18345.90,100,2409200
20221121,09:16:45,18345.90,50,2409200
20221121,09:16:46,18345.65,200,2409200
20221121,09:16:47,18345.10,450,2409200
20221121,09:16:48,18344.95,900,2409200
20221121,09:16:50,18342.05,500,2409200
20221121,09:16:51,18344.15,450,2409200
20221121,09:16:51,18343.25,200,2409200
20221121,09:16:52,18343.40,350,2409200
20221121,09:16:53,18343.40,100,2409200
20221121,09:16:54,18342.00,100,2409200
20221121,09:16:56,18341.95,100,2409200
20221121,09:16:57,18341.00,950,2409200
20221121,09:16:57,18341.00,150,2409200
20221121,09:16:58,18340.80,1300,2409200
20221121,09:16:59,18340.00,1750,2409200
20221121,09:17:00,18339.30,1650,2409200
20221121,09:17:02,18338.85,850,2409200
20221121,09:17:04,18339.10,150,2409200
20221121,09:17:05,18335.55,350,2409200
20221121,09:17:06,18332.50,250,2409200
20221121,09:17:07,18335.10,150,2409200
20221121,09:17:09,18335.00,100,2409200
20221121,09:17:10,18332.00,100,2409200
20221121,09:17:11,18331.40,100,2409200
20221121,09:17:13,18331.00,300,2409200
20221121,09:17:16,18331.00,100,2409200
20221121,09:17:16,18331.00,150,2409200
20221121,09:17:17,18330.30,150,2409200
20221121,09:17:18,18330.20,200,2409200
20221121,09:17:19,18330.35,50,2409200
20221121,09:17:21,18332.00,450,2409200
20221121,09:17:22,18332.00,400,2409200
20221121,09:17:23,18335.00,500,2409200
20221121,09:17:24,18336.15,450,2409200
20221121,09:17:27,18332.85,100,2409200
20221121,09:17:28,18336.80,1650,2409200
20221121,09:17:28,18333.65,50,2409200
20221121,09:17:29,18335.15,400,2423200
20221121,09:17:30,18333.30,550,2423200
20221121,09:17:31,18336.00,400,2423200
20221121,09:17:33,18336.00,600,2423200
20221121,09:17:34,18334.10,200,2423200
20221121,09:17:35,18334.80,350,2423200
20221121,09:17:36,18337.95,150,2423200
20221121,09:17:37,18336.50,100,2423200
20221121,09:17:39,18336.50,250,2423200
20221121,09:17:40,18336.50,50,2423200
20221121,09:17:41,18336.50,50,2423200
20221121,09:17:42,18337.80,1100,2423200
20221121,09:17:43,18337.85,350,2423200
20221121,09:17:44,18337.80,50,2423200
20221121,09:17:46,18337.80,200,2423200
20221121,09:17:47,18337.45,200,2423200
20221121,09:17:48,18336.65,50,2423200
20221121,09:17:49,18337.60,350,2423200
20221121,09:17:50,18336.00,600,2423200
20221121,09:17:52,18336.00,50,2423200
20221121,09:17:53,18335.15,150,2423200
20221121,09:17:54,18336.50,250,2423200
20221121,09:17:55,18337.45,250,2423200
20221121,09:17:56,18336.50,150,2423200
20221121,09:17:58,18338.05,250,2423200
20221121,09:17:59,18336.85,300,2423200
20221121,09:18:00,18336.70,50,2423200
20221121,09:18:01,18336.95,500,2423200
20221121,09:18:02,18336.10,200,2423200
20221121,09:18:04,18336.70,150,2423200
20221121,09:18:06,18337.35,600,2423200
20221121,09:18:06,18337.60,50,2423200
20221121,09:18:07,18341.35,700,2423200
20221121,09:18:09,18341.00,50,2423200
20221121,09:18:10,18341.00,150,2423200
20221121,09:18:11,18340.10,250,2423200
20221121,09:18:12,18339.90,350,2423200
20221121,09:18:13,18339.90,100,2423200
20221121,09:18:14,18339.95,350,2423200
20221121,09:18:15,18339.95,50,2423200
20221121,09:18:17,18339.95,50,2423200
20221121,09:18:18,18339.95,50,2423200
20221121,09:18:19,18339.90,50,2423200
20221121,09:18:20,18338.00,100,2423200
20221121,09:18:21,18340.00,1050,2423200
20221121,09:18:22,18340.00,50,2423200
20221121,09:18:24,18340.00,1150,2423200
20221121,09:18:25,18340.00,50,2423200
20221121,09:18:26,18337.80,200,2423200
20221121,09:18:27,18336.70,450,2423200
20221121,09:18:28,18337.65,350,2423200
20221121,09:18:29,18337.60,150,2423200
20221121,09:18:30,18337.10,100,2423200
20221121,09:18:31,18337.00,150,2423200
20221121,09:18:32,18336.90,150,2423200
20221121,09:18:33,18336.40,100,2423200
20221121,09:18:34,18336.30,500,2423200
20221121,09:18:35,18336.30,150,2423200
20221121,09:18:36,18335.00,50,2423200
20221121,09:18:38,18335.00,300,2423200
20221121,09:18:39,18335.00,100,2423200
20221121,09:18:40,18335.00,50,2423200
20221121,09:18:41,18336.40,400,2423200
20221121,09:18:43,18335.00,400,2423200
20221121,09:18:44,18335.60,500,2423200
20221121,09:18:45,18335.00,450,2423200
20221121,09:18:46,18335.00,100,2423200
20221121,09:18:47,18335.00,150,2423200
20221121,09:18:48,18335.00,700,2423200
20221121,09:18:49,18335.00,200,2423200
20221121,09:18:49,18335.00,50,2423200
20221121,09:18:51,18334.10,1550,2423200
20221121,09:18:52,18334.10,400,2423200
20221121,09:18:53,18334.00,1550,2423200
20221121,09:18:54,18334.10,850,2423200
20221121,09:18:55,18334.10,1300,2423200
20221121,09:18:56,18333.75,150,2423200
20221121,09:18:57,18334.00,350,2423200
20221121,09:18:58,18334.00,200,2423200
20221121,09:18:59,18334.00,500,2423200
20221121,09:19:00,18333.90,50,2423200
20221121,09:19:01,18332.50,250,2423200
20221121,09:19:02,18333.00,50,2423200
20221121,09:19:03,18333.20,100,2423200
20221121,09:19:04,18334.30,2400,2423200
20221121,09:19:05,18336.50,100,2423200
20221121,09:19:06,18337.05,100,2423200
20221121,09:19:07,18335.05,50,2423200
20221121,09:19:09,18334.90,50,2423200
20221121,09:19:09,18334.15,50,2423200
20221121,09:19:12,18334.90,150,2423200
20221121,09:19:13,18334.70,150,2423200
20221121,09:19:14,18334.90,350,2423200
20221121,09:19:15,18335.05,650,2423200
20221121,09:19:18,18335.50,400,2423200
20221121,09:19:23,18340.00,850,2423200
20221121,09:19:24,18339.75,250,2423200
20221121,09:19:25,18339.95,150,2423200
20221121,09:19:27,18339.95,300,2423200
20221121,09:19:28,18337.05,350,2423200
20221121,09:19:29,18338.85,50,2423200
20221121,09:19:30,18338.00,150,2423200
20221121,09:19:32,18338.00,50,2423200
20221121,09:19:32,18337.95,50,2423200
20221121,09:19:35,18337.95,50,2423200
20221121,09:19:36,18338.00,50,2423200
20221121,09:19:37,18338.00,150,2423200
20221121,09:19:38,18337.85,150,2423200
20221121,09:19:40,18337.85,50,2423200
20221121,09:19:41,18337.80,800,2423200
20221121,09:19:43,18338.60,100,2423200
20221121,09:19:44,18339.95,100,2423200
20221121,09:19:46,18339.25,200,2423200
20221121,09:19:47,18339.10,150,2423200
20221121,09:19:48,18336.20,650,2423200
20221121,09:19:48,18336.25,50,2423200
20221121,09:19:49,18336.60,100,2423200
20221121,09:19:52,18338.25,200,2423200
20221121,09:19:53,18338.50,350,2423200
20221121,09:19:54,18337.00,50,2423200
20221121,09:19:55,18337.40,100,2423200
20221121,09:19:57,18337.40,150,2423200
20221121,09:19:58,18337.85,100,2423200
20221121,09:19:59,18337.65,200,2423200
20221121,09:20:00,18337.75,200,2423200
20221121,09:20:00,18337.05,50,2423200
20221121,09:20:01,18335.90,600,2423200
20221121,09:20:03,18335.00,150,2423200
20221121,09:20:04,18335.00,150,2423200
20221121,09:20:05,18335.25,400,2423200
20221121,09:20:06,18334.20,150,2423200
20221121,09:20:07,18332.00,550,2423200
20221121,09:20:09,18333.85,50,2423200
20221121,09:20:11,18333.80,100,2423200
20221121,09:20:12,18333.85,250,2423200
20221121,09:20:13,18334.15,400,2423200
20221121,09:20:15,18336.50,150,2423200
20221121,09:20:16,18339.40,150,2423200
20221121,09:20:17,18338.00,100,2423200
20221121,09:20:18,18338.75,250,2423200
20221121,09:20:20,18336.35,100,2423200
20221121,09:20:23,18338.75,50,2423200
20221121,09:20:25,18341.85,50,2423200
20221121,09:20:27,18342.00,250,2423200
20221121,09:20:28,18341.45,50,2423200
20221121,09:20:29,18336.60,200,2423200
20221121,09:20:30,18336.35,50,2437250
20221121,09:20:30,18336.35,200,2437250
20221121,09:20:32,18334.00,2050,2437250
20221121,09:20:33,18334.95,150,2437250
20221121,09:20:34,18335.70,50,2437250
20221121,09:20:38,18338.55,550,2437250
20221121,09:20:40,18339.80,100,2437250
20221121,09:20:41,18339.60,250,2437250
20221121,09:20:43,18337.40,100,2437250
20221121,09:20:50,18341.80,50,2437250
20221121,09:20:52,18340.40,300,2437250
20221121,09:20:53,18340.35,50,2437250
20221121,09:20:55,18341.55,350,2437250
20221121,09:20:55,18340.40,50,2437250
20221121,09:20:57,18341.00,100,2437250
20221121,09:20:58,18340.00,50,2437250
20221121,09:21:00,18340.15,300,2437250
20221121,09:21:00,18338.95,100,2437250
20221121,09:21:05,18338.15,100,2437250
20221121,09:21:07,18338.10,50,2437250
20221121,09:21:08,18338.95,200,2437250
20221121,09:21:09,18338.95,150,2437250
20221121,09:21:11,18338.20,100,2437250
20221121,09:21:12,18338.20,150,2437250
20221121,09:21:14,18338.20,200,2437250
20221121,09:21:16,18338.20,100,2437250
20221121,09:21:17,18337.85,350,2437250
20221121,09:21:18,18335.95,150,2437250
20221121,09:21:19,18338.00,550,2437250
20221121,09:21:20,18337.85,150,2437250
20221121,09:21:21,18337.00,100,2437250
20221121,09:21:22,18337.45,100,2437250
20221121,09:21:24,18337.40,250,2437250
20221121,09:21:25,18335.30,350,2437250
20221121,09:21:26,18335.25,350,2437250
20221121,09:21:27,18334.00,1050,2437250
20221121,09:21:28,18334.45,300,2437250
20221121,09:21:29,18334.20,250,2437250
20221121,09:21:31,18333.05,500,2437250
20221121,09:21:32,18332.00,300,2437250
20221121,09:21:33,18331.40,600,2437250
20221121,09:21:34,18330.00,3550,2437250
20221121,09:21:34,18330.00,300,2437250
20221121,09:21:36,18327.00,1400,2437250
20221121,09:21:37,18323.25,2050,2437250
20221121,09:21:38,18322.75,200,2437250
20221121,09:21:39,18322.75,1450,2437250
20221121,09:21:42,18323.90,200,2437250
20221121,09:21:43,18325.55,300,2437250
20221121,09:21:44,18326.15,50,2437250
20221121,09:21:45,18326.80,100,2437250
20221121,09:21:47,18323.85,50,2437250
20221121,09:21:48,18322.95,400,2437250
20221121,09:21:49,18322.75,50,2437250
20221121,09:21:50,18324.40,100,2437250
20221121,09:21:50,18324.40,150,2437250
20221121,09:21:52,18322.10,50,2437250
20221121,09:21:53,18320.15,800,2437250
20221121,09:21:54,18323.80,500,2437250
20221121,09:21:55,18320.10,550,2437250
20221121,09:21:55,18322.15,100,2437250
20221121,09:21:57,18322.15,1150,2437250
20221121,09:21:58,18320.00,1200,2437250
20221121,09:21:59,18320.00,350,2437250
20221121,09:22:00,18320.00,400,2437250
20221121,09:22:00,18320.00,350,2437250
20221121,09:22:02,18319.10,450,2437250
20221121,09:22:03,18320.85,1850,2437250
20221121,09:22:04,18319.35,650,2437250
20221121,09:22:05,18318.15,100,2437250
20221121,09:22:05,18318.15,50,2437250
20221121,09:22:07,18320.10,350,2437250
20221121,09:22:08,18318.70,200,2437250
20221121,09:22:09,18318.60,100,2437250
20221121,09:22:10,18318.15,50,2437250
20221121,09:22:11,18319.05,200,2437250
20221121,09:22:12,18318.15,350,2437250
20221121,09:22:13,18318.15,1150,2437250
20221121,09:22:14,18316.35,250,2437250
20221121,09:22:15,18318.40,300,2437250
20221121,09:22:16,18315.00,100,2437250
20221121,09:22:17,18315.00,100,2437250
20221121,09:22:18,18316.90,100,2437250
20221121,09:22:19,18318.15,50,2437250
20221121,09:22:20,18316.35,100,2437250
20221121,09:22:24,18315.95,100,2437250
20221121,09:22:25,18315.00,250,2437250
20221121,09:22:27,18316.00,200,2437250
20221121,09:22:28,18315.00,550,2437250
20221121,09:22:29,18316.30,50,2437250
20221121,09:22:30,18316.35,350,2437250
20221121,09:22:31,18315.00,100,2437250
20221121,09:22:32,18317.05,50,2437250
20221121,09:22:33,18315.65,550,2437250
20221121,09:22:34,18317.95,50,2437250
20221121,09:22:37,18315.00,50,2437250
20221121,09:22:38,18317.30,150,2437250
20221121,09:22:40,18315.00,700,2437250
20221121,09:22:41,18316.75,100,2437250
20221121,09:22:42,18316.40,100,2437250
20221121,09:22:43,18316.25,100,2437250
20221121,09:22:44,18315.55,1900,2437250
20221121,09:22:45,18315.40,350,2437250
20221121,09:22:46,18315.00,150,2437250
20221121,09:22:47,18313.00,150,2437250
20221121,09:22:48,18312.00,250,2437250
20221121,09:22:49,18310.40,300,2437250
20221121,09:22:50,18310.00,450,2437250
20221121,09:22:51,18310.00,300,2437250
20221121,09:22:52,18312.00,50,2437250
20221121,09:22:53,18310.00,400,2437250
20221121,09:22:54,18310.00,250,2437250
20221121,09:22:55,18310.00,100,2437250
20221121,09:22:57,18310.00,50,2437250
20221121,09:22:58,18310.00,350,2437250
20221121,09:23:00,18310.00,400,2437250
20221121,09:23:01,18310.00,150,2437250
20221121,09:23:02,18310.00,50,2437250
20221121,09:23:04,18308.00,400,2437250
20221121,09:23:05,18308.00,350,2437250
20221121,09:23:06,18310.00,250,2437250
20221121,09:23:07,18310.00,500,2437250
20221121,09:23:08,18310.00,300,2437250
20221121,09:23:09,18309.15,500,2437250
20221121,09:23:10,18309.50,250,2437250
20221121,09:23:11,18311.30,50,2437250
20221121,09:23:12,18309.05,300,2437250
20221121,09:23:13,18310.00,350,2437250
20221121,09:23:14,18309.60,50,2437250
20221121,09:23:15,18309.75,550,2437250
20221121,09:23:16,18311.00,150,2437250
20221121,09:23:17,18310.10,150,2437250
20221121,09:23:18,18311.10,100,2437250
20221121,09:23:19,18312.35,150,2437250
20221121,09:23:24,18312.85,100,2437250
20221121,09:23:26,18311.10,450,2437250
20221121,09:23:27,18312.00,150,2437250
20221121,09:23:31,18312.85,100,2443750
20221121,09:23:34,18311.65,100,2443750
20221121,09:23:35,18311.90,50,2443750
20221121,09:23:36,18312.35,100,2443750
20221121,09:23:40,18310.00,550,2443750
20221121,09:23:41,18311.90,50,2443750
20221121,09:23:42,18311.90,50,2443750
20221121,09:23:43,18309.00,800,2443750
20221121,09:23:44,18308.85,50,2443750
20221121,09:23:45,18311.70,50,2443750
20221121,09:23:46,18311.85,150,2443750
20221121,09:23:47,18311.70,100,2443750
20221121,09:23:48,18311.70,50,2443750
20221121,09:23:49,18311.90,100,2443750
20221121,09:23:51,18311.60,200,2443750
20221121,09:23:52,18310.95,100,2443750
20221121,09:23:53,18310.00,100,2443750
20221121,09:23:56,18310.25,500,2443750
20221121,09:23:57,18308.00,50,2443750
20221121,09:24:00,18309.40,200,2443750
20221121,09:24:01,18309.35,300,2443750
20221121,09:24:02,18308.65,150,2443750
20221121,09:24:03,18308.00,300,2443750
20221121,09:24:05,18308.65,50,2443750
20221121,09:24:06,18308.35,100,2443750
20221121,09:24:07,18309.40,100,2443750
20221121,09:24:08,18308.65,50,2443750
20221121,09:24:09,18307.25,400,2443750
20221121,09:24:10,18307.25,50,2443750
20221121,09:24:11,18306.00,1800,2443750
20221121,09:24:13,18304.20,10050,2443750
20221121,09:24:14,18304.20,100,2443750
20221121,09:24:16,18309.00,50,2443750
20221121,09:24:17,18307.70,250,2443750
20221121,09:24:18,18304.10,100,2443750
20221121,09:24:19,18306.70,400,2443750
20221121,09:24:22,18306.00,350,2443750
20221121,09:24:23,18308.60,100,2443750
20221121,09:24:24,18305.50,150,2443750
20221121,09:24:25,18305.20,100,2443750
20221121,09:24:26,18305.15,50,2443750
20221121,09:24:28,18308.35,100,2443750
20221121,09:24:29,18303.45,6050,2443750
20221121,09:24:30,18303.45,50,2443750
20221121,09:24:31,18308.70,50,2443750
20221121,09:24:32,18307.60,600,2443750
20221121,09:24:33,18308.80,650,2443750
20221121,09:24:34,18308.60,300,2443750
20221121,09:24:36,18306.10,250,2443750
20221121,09:24:37,18306.10,50,2443750
20221121,09:24:38,18307.35,150,2443750
20221121,09:24:39,18307.35,50,2443750
20221121,09:24:40,18307.35,100,2443750
20221121,09:24:41,18306.10,50,2443750
20221121,09:24:42,18307.55,300,2443750
20221121,09:24:43,18307.90,100,2443750
20221121,09:24:44,18308.25,200,2443750
20221121,09:24:45,18308.50,50,2443750
20221121,09:24:47,18307.90,150,2443750
20221121,09:24:48,18307.00,150,2443750
20221121,09:24:49,18305.55,550,2443750
20221121,09:24:50,18307.15,100,2443750
20221121,09:24:52,18307.70,150,2443750
20221121,09:24:53,18307.95,200,2443750
20221121,09:24:54,18306.10,100,2443750
20221121,09:24:55,18307.90,250,2443750
20221121,09:24:56,18307.90,50,2443750
20221121,09:24:57,18307.90,150,2443750
20221121,09:24:58,18307.95,200,2443750
20221121,09:24:59,18306.05,250,2443750
20221121,09:25:00,18306.10,50,2443750
20221121,09:25:01,18305.00,250,2443750
20221121,09:25:02,18306.85,50,2443750
20221121,09:25:03,18305.00,300,2443750
20221121,09:25:04,18305.00,300,2443750
20221121,09:25:06,18306.75,500,2443750
20221121,09:25:07,18306.75,50,2443750
20221121,09:25:10,18307.40,100,2443750
20221121,09:25:11,18307.95,50,2443750
20221121,09:25:12,18308.00,100,2443750
20221121,09:25:14,18308.00,100,2443750
20221121,09:25:15,18310.00,100,2443750
20221121,09:25:17,18307.00,250,2443750
20221121,09:25:18,18307.00,50,2443750
20221121,09:25:19,18309.05,50,2443750
20221121,09:25:20,18307.00,300,2443750
20221121,09:25:21,18308.00,50,2443750
20221121,09:25:22,18307.55,50,2443750
20221121,09:25:23,18307.45,150,2443750
20221121,09:25:24,18307.00,200,2443750
20221121,09:25:25,18307.00,50,2443750
20221121,09:25:26,18307.45,50,2443750
20221121,09:25:27,18307.00,200,2443750
20221121,09:25:28,18307.00,50,2443750
20221121,09:25:32,18311.30,100,2443750
20221121,09:25:34,18307.85,50,2443750
20221121,09:25:35,18311.30,50,2443750
20221121,09:25:36,18311.50,100,2443750
20221121,09:25:37,18308.65,250,2443750
20221121,09:25:40,18309.60,50,2443750
20221121,09:25:42,18309.00,50,2443750
20221121,09:25:44,18308.65,350,2443750
20221121,09:25:44,18309.60,50,2443750
20221121,09:25:45,18310.60,350,2443750
20221121,09:25:46,18308.85,50,2443750
20221121,09:25:47,18311.75,900,2443750
20221121,09:25:48,18310.00,200,2443750
20221121,09:25:50,18309.75,50,2443750
20221121,09:25:51,18308.65,200,2443750
20221121,09:25:52,18308.00,1350,2443750
20221121,09:25:53,18306.75,300,2443750
20221121,09:25:54,18309.15,50,2443750
20221121,09:25:55,18309.00,50,2443750
20221121,09:25:56,18309.40,150,2443750
20221121,09:25:57,18308.50,150,2443750
20221121,09:25:58,18308.00,100,2443750
20221121,09:26:00,18307.95,50,2443750
20221121,09:26:01,18308.45,100,2443750
20221121,09:26:02,18308.85,500,2443750
20221121,09:26:04,18307.90,250,2443750
20221121,09:26:05,18307.90,50,2443750
20221121,09:26:06,18307.80,300,2443750
20221121,09:26:07,18306.25,50,2443750
20221121,09:26:08,18307.25,150,2443750
20221121,09:26:09,18307.25,250,2443750
20221121,09:26:10,18306.00,100,2443750
20221121,09:26:11,18307.85,1000,2443750
20221121,09:26:12,18307.60,150,2443750
20221121,09:26:13,18307.60,50,2443750
20221121,09:26:14,18308.90,100,2443750
20221121,09:26:15,18308.90,150,2443750
20221121,09:26:19,18308.25,50,2443750
20221121,09:26:19,18307.60,50,2443750
20221121,09:26:20,18308.65,200,2443750
20221121,09:26:25,18308.90,50,2443750
20221121,09:26:27,18308.65,200,2443750
20221121,09:26:29,18309.35,150,2443750
20221121,09:26:30,18309.40,150,2443750
20221121,09:26:31,18308.00,200,2443750
20221121,09:26:32,18307.90,50,2453950
20221121,09:26:33,18308.20,150,2453950
20221121,09:26:33,18307.10,50,2453950
20221121,09:26:34,18307.90,100,2453950
20221121,09:26:35,18307.90,150,2453950
20221121,09:26:37,18308.00,200,2453950
20221121,09:26:38,18308.30,50,2453950
20221121,09:26:39,18308.25,100,2453950
20221121,09:26:40,18309.20,50,2453950
20221121,09:26:41,18309.00,50,2453950
20221121,09:26:42,18309.70,150,2453950
20221121,09:26:43,18310.00,50,2453950
20221121,09:26:44,18308.25,50,2453950
20221121,09:26:46,18309.00,150,2453950
20221121,09:26:47,18308.90,100,2453950
20221121,09:26:49,18310.00,150,2453950
20221121,09:26:50,18310.00,300,2453950
20221121,09:26:51,18311.65,400,2453950
20221121,09:26:52,18309.00,350,2453950
20221121,09:26:53,18311.65,350,2453950
20221121,09:26:54,18311.45,150,2453950
20221121,09:26:56,18311.70,150,2453950
20221121,09:26:58,18311.65,100,2453950
20221121,09:26:59,18311.90,100,2453950
20221121,09:27:03,18312.00,50,2453950
20221121,09:27:04,18312.00,50,2453950
20221121,09:27:06,18312.35,50,2453950
20221121,09:27:06,18311.85,50,2453950
20221121,09:27:07,18310.00,100,2453950
20221121,09:27:09,18311.60,50,2453950
20221121,09:27:12,18311.65,50,2453950
20221121,09:27:13,18311.60,100,2453950
20221121,09:27:14,18310.00,100,2453950
20221121,09:27:15,18311.20,50,2453950
20221121,09:27:19,18310.00,50,2453950
20221121,09:27:22,18310.00,150,2453950
20221121,09:27:24,18309.75,50,2453950
20221121,09:27:25,18308.25,250,2453950
20221121,09:27:26,18308.25,50,2453950
20221121,09:27:27,18309.25,100,2453950
20221121,09:27:29,18308.75,300,2453950
20221121,09:27:30,18308.05,350,2453950
20221121,09:27:31,18307.60,100,2453950
20221121,09:27:32,18307.75,100,2453950
20221121,09:27:35,18307.80,100,2453950
20221121,09:27:36,18307.10,50,2453950
20221121,09:27:38,18307.60,50,2453950
20221121,09:27:39,18306.00,250,2453950
20221121,09:27:40,18307.45,50,2453950
20221121,09:27:44,18306.00,300,2453950
20221121,09:27:45,18306.00,250,2453950
20221121,09:27:46,18308.05,450,2453950
20221121,09:27:49,18305.70,200,2453950
20221121,09:27:51,18305.80,50,2453950
20221121,09:27:52,18308.65,50,2453950
20221121,09:27:53,18308.55,600,2453950
20221121,09:27:54,18306.10,200,2453950
20221121,09:27:56,18307.60,50,2453950
20221121,09:27:57,18307.60,50,2453950
20221121,09:28:02,18307.55,200,2453950
20221121,09:28:03,18307.85,100,2453950
20221121,09:28:05,18305.60,250,2453950
20221121,09:28:05,18305.00,300,2453950
20221121,09:28:06,18306.05,50,2453950
20221121,09:28:07,18305.00,100,2453950
20221121,09:28:09,18305.00,300,2453950
20221121,09:28:10,18305.75,50,2453950
20221121,09:28:12,18305.00,1150,2453950
20221121,09:28:13,18305.60,650,2453950
20221121,09:28:13,18304.80,250,2453950
20221121,09:28:14,18301.10,650,2453950
20221121,09:28:15,18301.00,500,2453950
20221121,09:28:16,18302.00,350,2453950
20221121,09:28:17,18301.00,250,2453950
20221121,09:28:19,18300.15,1900,2453950
20221121,09:28:20,18300.00,250,2453950
20221121,09:28:22,18300.60,50,2453950
20221121,09:28:23,18301.25,200,2453950
20221121,09:28:25,18300.00,150,2453950
20221121,09:28:26,18300.00,250,2453950
20221121,09:28:26,18301.00,100,2453950
20221121,09:28:28,18300.00,100,2453950
20221121,09:28:30,18300.00,1000,2453950
20221121,09:28:33,18300.00,50,2453950
20221121,09:28:34,18300.00,400,2453950
20221121,09:28:36,18300.00,50,2453950
20221121,09:28:37,18300.00,250,2453950
20221121,09:28:39,18300.00,650,2453950
20221121,09:28:41,18299.60,250,2453950
20221121,09:28:42,18299.00,200,2453950
20221121,09:28:42,18299.00,50,2453950
20221121,09:28:43,18298.05,150,2453950
20221121,09:28:44,18299.70,100,2453950
20221121,09:28:45,18299.20,50,2453950
20221121,09:28:47,18299.50,150,2453950
20221121,09:28:48,18297.40,100,2453950
20221121,09:28:49,18297.40,100,2453950
20221121,09:28:50,18300.55,150,2453950
20221121,09:28:52,18300.00,50,2453950
20221121,09:28:53,18300.00,100,2453950
20221121,09:28:54,18299.00,150,2453950
20221121,09:28:57,18298.00,50,2453950
20221121,09:28:58,18298.00,200,2453950
20221121,09:28:58,18298.00,50,2453950
20221121,09:29:00,18299.10,100,2453950
20221121,09:29:01,18298.05,300,2453950
20221121,09:29:02,18295.60,400,2453950
20221121,09:29:03,18295.60,200,2453950
20221121,09:29:04,18297.90,200,2453950
20221121,09:29:06,18297.20,100,2453950
20221121,09:29:07,18295.05,150,2453950
20221121,09:29:08,18297.75,50,2453950
20221121,09:29:09,18295.55,50,2453950
20221121,09:29:10,18295.00,1500,2453950
20221121,09:29:11,18295.00,300,2453950
20221121,09:29:14,18295.00,100,2453950
20221121,09:29:15,18295.00,100,2453950
20221121,09:29:16,18295.05,50,2453950
20221121,09:29:17,18295.00,50,2453950
20221121,09:29:18,18296.30,50,2453950
20221121,09:29:20,18295.00,50,2453950
20221121,09:29:21,18291.05,1900,2453950
20221121,09:29:22,18291.05,200,2453950
20221121,09:29:24,18295.00,350,2453950
20221121,09:29:26,18295.60,400,2453950
20221121,09:29:27,18293.75,100,2453950
20221121,09:29:29,18292.35,400,2453950
20221121,09:29:30,18295.00,100,2453950
20221121,09:29:32,18296.20,850,2453950
20221121,09:29:33,18296.10,350,2460000
20221121,09:29:33,18296.20,100,2460000
20221121,09:29:34,18296.50,150,2460000
20221121,09:29:35,18296.90,200,2460000
20221121,09:29:39,18295.45,250,2460000
20221121,09:29:40,18296.90,100,2460000
20221121,09:29:44,18297.00,250,2460000
20221121,09:29:46,18295.00,300,2460000
20221121,09:29:50,18296.00,300,2460000
20221121,09:29:51,18295.45,100,2460000
20221121,09:29:52,18291.80,1150,2460000
20221121,09:29:53,18294.95,250,2460000
20221121,09:29:57,18294.50,200,2460000
20221121,09:29:58,18294.90,100,2460000
20221121,09:29:59,18293.15,100,2460000
20221121,09:30:02,18294.90,100,2460000
20221121,09:30:04,18293.00,50,2460000
20221121,09:30:05,18295.00,50,2460000
20221121,09:30:07,18294.60,150,2460000
20221121,09:30:08,18295.00,50,2460000
20221121,09:30:09,18294.95,50,2460000
20221121,09:30:11,18294.95,200,2460000
20221121,09:30:11,18294.95,50,2460000
20221121,09:30:12,18295.45,450,2460000
20221121,09:30:13,18296.50,350,2460000
20221121,09:30:15,18295.50,100,2460000
20221121,09:30:17,18296.50,50,2460000
20221121,09:30:19,18295.00,50,2460000
20221121,09:30:20,18295.05,600,2460000
20221121,09:30:21,18295.00,1000,2460000
20221121,09:30:22,18293.80,1200,2460000
20221121,09:30:24,18293.95,50,2460000
20221121,09:30:25,18293.85,550,2460000
20221121,09:30:28,18293.60,100,2460000
20221121,09:30:29,18293.00,350,2460000
20221121,09:30:32,18291.00,1050,2460000
20221121,09:30:33,18291.45,200,2460000
20221121,09:30:34,18290.60,250,2460000
20221121,09:30:36,18287.65,1850,2460000
20221121,09:30:37,18287.00,200,2460000
20221121,09:30:38,18287.00,50,2460000
20221121,09:30:39,18286.65,100,2460000
20221121,09:30:40,18286.30,50,2460000
20221121,09:30:42,18285.00,200,2460000
20221121,09:30:43,18285.00,50,2460000
20221121,09:30:44,18285.30,150,2460000
20221121,09:30:45,18286.45,400,2460000
20221121,09:30:46,18288.90,100,2460000
20221121,09:30:47,18288.85,50,2460000
20221121,09:30:51,18288.85,50,2460000
20221121,09:30:54,18288.00,50,2460000
20221121,09:30:55,18288.00,50,2460000
20221121,09:30:56,18288.00,50,2460000
20221121,09:30:58,18288.00,600,2460000
20221121,09:31:00,18286.30,200,2460000
20221121,09:31:03,18287.10,50,2460000
20221121,09:31:04,18286.75,50,2460000
20221121,09:31:05,18287.25,250,2460000
20221121,09:31:07,18287.95,200,2460000
20221121,09:31:10,18286.00,1100,2460000
20221121,09:31:11,18287.90,850,2460000
20221121,09:31:12,18287.00,100,2460000
20221121,09:31:13,18286.25,50,2460000
20221121,09:31:15,18288.00,250,2460000
20221121,09:31:16,18288.85,250,2460000
20221121,09:31:17,18290.00,500,2460000
20221121,09:31:18,18290.00,100,2460000
20221121,09:31:20,18288.60,200,2460000
20221121,09:31:21,18290.00,200,2460000
20221121,09:31:24,18293.30,150,2460000
20221121,09:31:26,18291.75,100,2460000
20221121,09:31:27,18293.25,100,2460000
20221121,09:31:28,18293.35,100,2460000
20221121,09:31:29,18293.20,50,2460000
20221121,09:31:29,18290.00,1000,2460000
20221121,09:31:30,18293.20,150,2460000
20221121,09:31:33,18290.30,200,2460000
20221121,09:31:34,18288.00,50,2460000
20221121,09:31:35,18287.65,300,2460000
20221121,09:31:41,18290.00,50,2460000
20221121,09:31:42,18288.55,150,2460000
20221121,09:31:44,18290.00,150,2460000
20221121,09:31:46,18288.65,100,2460000
20221121,09:31:47,18288.65,1000,2460000
20221121,09:31:48,18288.65,1600,2460000
20221121,09:31:49,18288.65,3100,2460000
20221121,09:31:50,18290.00,300,2460000
20221121,09:31:51,18290.00,200,2460000
20221121,09:31:53,18290.00,50,2460000
20221121,09:31:54,18288.10,500,2460000
20221121,09:31:55,18289.05,100,2460000
20221121,09:31:56,18290.00,50,2460000
20221121,09:31:56,18290.00,100,2460000
20221121,09:31:58,18290.00,9350,2460000
20221121,09:31:59,18290.60,100,2460000
20221121,09:32:01,18289.90,100,2460000
20221121,09:32:02,18289.95,50,2460000
20221121,09:32:03,18289.95,50,2460000
20221121,09:32:05,18289.95,50,2460000
20221121,09:32:06,18289.95,50,2460000
20221121,09:32:09,18286.80,600,2460000
20221121,09:32:10,18286.95,50,2460000
20221121,09:32:11,18290.00,150,2460000
20221121,09:32:12,18290.00,50,2460000
20221121,09:32:13,18290.00,100,2460000
20221121,09:32:18,18291.70,850,2460000
20221121,09:32:22,18291.00,400,2460000
20221121,09:32:23,18290.00,100,2460000
20221121,09:32:24,18292.25,550,2460000
20221121,09:32:26,18292.15,100,2460000
20221121,09:32:28,18291.00,50,2460000
20221121,09:32:29,18289.40,700,2460000
20221121,09:32:31,18290.00,250,2460000
20221121,09:32:32,18292.70,100,2460000
20221121,09:32:36,18292.15,150,2470900
20221121,09:32:37,18292.00,300,2470900
20221121,09:32:38,18292.00,150,2470900
20221121,09:32:39,18290.80,50,2470900
20221121,09:32:44,18290.80,50,2470900
20221121,09:32:47,18291.85,50,2470900
20221121,09:32:48,18290.00,500,2470900
20221121,09:32:49,18292.00,50,2470900
20221121,09:32:49,18293.60,50,2470900
20221121,09:32:53,18294.05,100,2470900
20221121,09:32:55,18292.00,50,2470900
20221121,09:33:03,18291.00,100,2470900
20221121,09:33:07,18290.00,200,2470900
20221121,09:33:13,18290.25,300,2470900
20221121,09:33:14,18293.15,50,2470900
20221121,09:33:15,18293.40,50,2470900
20221121,09:33:18,18293.60,100,2470900
20221121,09:33:21,18293.40,100,2470900
20221121,09:33:23,18291.45,50,2470900
20221121,09:33:24,18292.00,50,2470900
20221121,09:33:26,18292.00,100,2470900
20221121,09:33:27,18292.00,50,2470900
20221121,09:33:28,18292.00,50,2470900
20221121,09:33:29,18291.60,100,2470900
20221121,09:33:30,18293.70,50,2470900
20221121,09:33:31,18291.00,150,2470900
20221121,09:33:32,18293.80,100,2470900
20221121,09:33:34,18293.85,50,2470900
20221121,09:33:35,18294.40,50,2470900
20221121,09:33:36,18294.45,50,2470900
20221121,09:33:37,18294.45,50,2470900
20221121,09:33:40,18294.45,550,2470900
20221121,09:33:42,18295.00,100,2470900
20221121,09:33:45,18294.00,100,2470900
20221121,09:33:45,18291.25,200,2470900
20221121,09:33:47,18293.00,150,2470900
20221121,09:33:48,18293.95,100,2470900
20221121,09:33:49,18293.95,150,2470900
20221121,09:33:50,18294.85,200,2470900
20221121,09:33:53,18295.75,50,2470900
20221121,09:33:54,18296.40,150,2470900
20221121,09:33:56,18296.40,200,2470900
20221121,09:33:58,18294.20,50,2470900
20221121,09:34:00,18294.00,200,2470900
20221121,09:34:02,18293.00,100,2470900
20221121,09:34:03,18292.00,150,2470900
20221121,09:34:04,18292.35,1000,2470900
20221121,09:34:05,18292.35,100,2470900
20221121,09:34:07,18291.00,50,2470900
20221121,09:34:09,18290.05,400,2470900
20221121,09:34:10,18290.00,50,2470900
20221121,09:34:12,18292.15,50,2470900
20221121,09:34:14,18290.55,100,2470900
20221121,09:34:15,18290.55,100,2470900
20221121,09:34:16,18292.00,250,2470900
20221121,09:34:19,18292.05,50,2470900
20221121,09:34:20,18290.85,50,2470900
20221121,09:34:21,18291.40,50,2470900
20221121,09:34:23,18293.00,100,2470900
20221121,09:34:25,18292.05,50,2470900
20221121,09:34:27,18293.00,100,2470900
20221121,09:34:31,18292.00,200,2470900
20221121,09:34:32,18292.00,500,2470900
20221121,09:34:33,18292.65,150,2470900
20221121,09:34:34,18292.00,50,2470900
20221121,09:34:36,18292.90,50,2470900
20221121,09:34:38,18292.65,200,2470900
20221121,09:34:39,18292.65,150,2470900
20221121,09:34:40,18292.50,350,2470900
20221121,09:34:41,18292.00,250,2470900
20221121,09:34:42,18292.90,50,2470900
20221121,09:34:44,18292.00,150,2470900
20221121,09:34:45,18292.00,100,2470900
20221121,09:34:46,18291.40,250,2470900
20221121,09:34:47,18291.35,100,2470900
20221121,09:34:48,18291.35,50,2470900
20221121,09:34:50,18290.35,100,2470900
20221121,09:34:54,18291.35,250,2470900
20221121,09:34:55,18290.35,50,2470900
20221121,09:34:56,18290.00,50,2470900
20221121,09:34:59,18291.00,50,2470900
20221121,09:35:00,18292.10,750,2470900
20221121,09:35:02,18291.15,650,2470900
20221121,09:35:03,18291.80,250,2470900
20221121,09:35:04,18290.35,750,2470900
20221121,09:35:08,18291.15,50,2470900
20221121,09:35:11,18291.15,50,2470900
20221121,09:35:12,18291.70,100,2470900
20221121,09:35:13,18292.00,100,2470900
20221121,09:35:14,18292.00,50,2470900
20221121,09:35:15,18292.50,50,2470900
20221121,09:35:16,18291.70,250,2470900
20221121,09:35:18,18292.00,50,2470900
20221121,09:35:20,18294.50,100,2470900
20221121,09:35:21,18293.90,150,2470900
20221121,09:35:23,18294.50,100,2470900
20221121,09:35:24,18294.50,150,2470900
20221121,09:35:26,18293.40,50,2470900
20221121,09:35:27,18293.70,50,2470900
20221121,09:35:29,18292.05,100,2470900
20221121,09:35:31,18292.05,200,2470900
20221121,09:35:34,18294.00,50,2471750
20221121,09:35:35,18294.00,2450,2471750
20221121,09:35:39,18294.00,800,2471750
20221121,09:35:40,18294.00,100,2471750
20221121,09:35:42,18293.20,200,2471750
20221121,09:35:46,18293.10,50,2471750
20221121,09:35:50,18294.00,100,2471750
20221121,09:35:51,18294.00,50,2471750
20221121,09:35:54,18294.00,50,2471750
20221121,09:35:55,18294.50,150,2471750
20221121,09:35:56,18294.00,50,2471750
20221121,09:35:58,18294.50,50,2471750
20221121,09:36:00,18294.00,50,2471750
20221121,09:36:01,18294.50,50,2471750
20221121,09:36:04,18294.50,50,2471750
20221121,09:36:09,18294.25,50,2471750
20221121,09:36:10,18294.00,250,2471750
20221121,09:36:11,18294.25,50,2471750
20221121,09:36:13,18294.25,50,2471750
20221121,09:36:14,18294.25,50,2471750
20221121,09:36:15,18294.25,600,2471750
20221121,09:36:16,18294.25,150,2471750
20221121,09:36:17,18294.00,100,2471750
20221121,09:36:18,18294.25,600,2471750
20221121,09:36:19,18294.25,50,2471750
20221121,09:36:21,18294.00,150,2471750
20221121,09:36:22,18294.25,150,2471750
20221121,09:36:26,18294.25,150,2471750
20221121,09:36:27,18294.50,1350,2471750
20221121,09:36:29,18294.00,250,2471750
20221121,09:36:30,18294.00,200,2471750
20221121,09:36:32,18293.25,50,2471750
20221121,09:36:34,18293.55,50,2471750
20221121,09:36:35,18294.00,100,2471750
20221121,09:36:36,18294.00,50,2471750
20221121,09:36:37,18294.00,250,2471750
20221121,09:36:38,18292.35,150,2471750
20221121,09:36:39,18292.35,150,2471750
20221121,09:36:40,18292.65,100,2471750
20221121,09:36:41,18293.80,50,2471750
20221121,09:36:42,18291.95,550,2471750
20221121,09:36:44,18293.95,100,2471750
20221121,09:36:45,18293.90,50,2471750
20221121,09:36:47,18293.80,50,2471750
20221121,09:36:49,18293.75,50,2471750
20221121,09:36:50,18290.45,300,2471750
20221121,09:36:51,18290.40,200,2471750
20221121,09:36:52,18292.65,1000,2471750
20221121,09:36:53,18292.60,800,2471750
20221121,09:36:54,18290.35,1200,2471750
20221121,09:36:56,18290.30,1050,2471750
20221121,09:36:56,18290.30,50,2471750
20221121,09:36:57,18290.25,100,2471750
20221121,09:36:59,18289.80,300,2471750
20221121,09:37:01,18287.90,1150,2471750
20221121,09:37:02,18287.85,50,2471750
20221121,09:37:03,18285.70,250,2471750
20221121,09:37:04,18285.00,600,2471750
20221121,09:37:04,18284.95,1000,2471750
20221121,09:37:05,18284.95,50,2471750
20221121,09:37:06,18283.30,850,2471750
20221121,09:37:07,18285.65,400,2471750
20221121,09:37:09,18282.90,300,2471750
20221121,09:37:10,18282.90,700,2471750
20221121,09:37:14,18287.15,1350,2471750
20221121,09:37:15,18284.00,600,2471750
20221121,09:37:20,18286.85,400,2471750
20221121,09:37:22,18287.70,400,2471750
20221121,09:37:25,18285.45,50,2471750
20221121,09:37:25,18285.30,50,2471750
20221121,09:37:26,18286.30,200,2471750
20221121,09:37:28,18288.20,50,2471750
20221121,09:37:29,18286.80,450,2471750
20221121,09:37:33,18285.10,50,2471750
20221121,09:37:34,18286.55,100,2471750
20221121,09:37:38,18284.05,400,2471750
20221121,09:37:39,18284.20,100,2471750
20221121,09:37:40,18284.35,100,2471750
20221121,09:37:43,18286.25,50,2471750
20221121,09:37:44,18284.70,450,2471750
20221121,09:37:45,18284.65,50,2471750
20221121,09:37:48,18285.80,100,2471750
20221121,09:37:50,18285.65,50,2471750
20221121,09:37:54,18285.00,150,2471750
20221121,09:37:55,18286.25,50,2471750
20221121,09:37:56,18286.25,50,2471750
20221121,09:37:57,18286.25,50,2471750
20221121,09:38:00,18286.25,100,2471750
20221121,09:38:01,18286.25,50,2471750
20221121,09:38:04,18283.40,550,2471750
20221121,09:38:06,18283.90,250,2471750
20221121,09:38:07,18283.20,100,2471750
20221121,09:38:08,18283.15,850,2471750
20221121,09:38:09,18283.45,150,2471750
20221121,09:38:14,18283.40,50,2471750
20221121,09:38:15,18283.40,50,2471750
20221121,09:38:17,18283.00,100,2471750
20221121,09:38:18,18283.40,100,2471750
20221121,09:38:19,18282.85,50,2471750
20221121,09:38:20,18282.85,400,2471750
20221121,09:38:22,18283.65,150,2471750
20221121,09:38:22,18283.75,150,2471750
20221121,09:38:23,18282.55,400,2471750
20221121,09:38:24,18282.55,150,2471750
20221121,09:38:25,18283.35,50,2471750
20221121,09:38:27,18283.90,150,2471750
20221121,09:38:30,18286.05,300,2471750
20221121,09:38:33,18286.10,150,2481900
20221121,09:38:35,18284.40,100,2481900
20221121,09:38:37,18285.95,100,2481900
20221121,09:38:38,18285.95,50,2481900
20221121,09:38:39,18284.10,50,2481900
20221121,09:38:40,18284.30,50,2481900
20221121,09:38:41,18286.00,400,2481900
20221121,09:38:44,18285.95,600,2481900
20221121,09:38:45,18286.00,50,2481900
20221121,09:38:47,18286.25,950,2481900
20221121,09:38:49,18286.25,50,2481900
20221121,09:38:50,18285.95,500,2481900
20221121,09:38:52,18285.95,900,2481900
20221121,09:38:53,18285.00,50,2481900
20221121,09:38:57,18284.00,150,2481900
20221121,09:38:58,18283.95,150,2481900
20221121,09:39:00,18283.95,150,2481900
20221121,09:39:03,18282.95,700,2481900
20221121,09:39:04,18282.90,200,2481900
20221121,09:39:05,18282.90,100,2481900
20221121,09:39:08,18283.90,50,2481900
20221121,09:39:09,18283.90,200,2481900
20221121,09:39:10,18284.00,100,2481900
20221121,09:39:11,18284.95,100,2481900
20221121,09:39:13,18284.50,50,2481900
20221121,09:39:14,18284.50,200,2481900
20221121,09:39:14,18284.00,550,2481900
20221121,09:39:16,18284.10,150,2481900
20221121,09:39:17,18284.95,50,2481900
20221121,09:39:19,18284.00,650,2481900
20221121,09:39:23,18284.95,50,2481900
20221121,09:39:23,18285.00,50,2481900
20221121,09:39:29,18285.00,150,2481900
20221121,09:39:30,18285.75,200,2481900
20221121,09:39:33,18284.00,350,2481900
20221121,09:39:34,18284.25,250,2481900
20221121,09:39:36,18284.20,100,2481900
20221121,09:39:37,18284.25,100,2481900
20221121,09:39:37,18285.40,100,2481900
20221121,09:39:38,18285.40,100,2481900
20221121,09:39:39,18285.40,100,2481900
20221121,09:39:40,18284.45,150,2481900
20221121,09:39:42,18285.00,50,2481900
20221121,09:39:44,18284.10,200,2481900
20221121,09:39:45,18284.65,50,2481900
20221121,09:39:46,18285.35,50,2481900
20221121,09:39:47,18285.35,150,2481900
20221121,09:39:50,18285.35,300,2481900
20221121,09:39:51,18284.65,50,2481900
20221121,09:39:52,18285.35,100,2481900
20221121,09:39:55,18284.10,100,2481900
20221121,09:39:56,18284.10,450,2481900
20221121,09:39:57,18284.00,250,2481900
20221121,09:39:58,18283.25,200,2481900
20221121,09:40:00,18283.25,100,2481900
20221121,09:40:01,18282.95,150,2481900
20221121,09:40:02,18282.00,100,2481900
20221121,09:40:05,18280.15,1600,2481900
20221121,09:40:06,18280.00,450,2481900
20221121,09:40:07,18280.00,1250,2481900
20221121,09:40:08,18279.95,450,2481900
20221121,09:40:09,18279.60,750,2481900
20221121,09:40:10,18279.00,1050,2481900
20221121,09:40:11,18280.70,450,2481900
20221121,09:40:12,18281.20,450,2481900
20221121,09:40:13,18281.20,150,2481900
20221121,09:40:14,18280.00,1600,2481900
20221121,09:40:17,18280.45,50,2481900
20221121,09:40:18,18280.15,900,2481900
20221121,09:40:19,18280.00,400,2481900
20221121,09:40:20,18279.70,1000,2481900
20221121,09:40:21,18280.00,200,2481900
20221121,09:40:22,18280.00,50,2481900
20221121,09:40:23,18278.10,1600,2481900
20221121,09:40:24,18278.10,100,2481900
20221121,09:40:27,18280.00,600,2481900
20221121,09:40:28,18279.45,300,2481900
20221121,09:40:30,18279.60,50,2481900
20221121,09:40:32,18280.00,200,2481900
20221121,09:40:33,18277.05,8050,2481900
20221121,09:40:34,18277.05,100,2481900
20221121,09:40:35,18279.80,2550,2481900
20221121,09:40:37,18280.00,300,2481900
20221121,09:40:38,18280.95,200,2481900
20221121,09:40:40,18280.95,200,2481900
20221121,09:40:42,18281.95,100,2481900
20221121,09:40:44,18280.95,50,2481900
20221121,09:40:45,18280.25,100,2481900
20221121,09:40:46,18281.65,50,2481900
20221121,09:40:48,18281.50,150,2481900
20221121,09:40:51,18281.00,50,2481900
20221121,09:40:52,18281.25,300,2481900
20221121,09:40:53,18281.00,450,2481900
20221121,09:40:54,18280.95,250,2481900
20221121,09:40:59,18279.90,650,2481900
20221121,09:41:00,18279.90,700,2481900
20221121,09:41:03,18280.75,50,2481900
20221121,09:41:04,18280.75,100,2481900
20221121,09:41:06,18280.75,150,2481900
20221121,09:41:07,18280.75,50,2481900
20221121,09:41:09,18280.10,50,2481900
20221121,09:41:14,18280.75,50,2481900
20221121,09:41:15,18280.05,700,2481900
20221121,09:41:17,18280.05,50,2481900
20221121,09:41:18,18280.05,100,2481900
20221121,09:41:19,18279.05,100,2481900
20221121,09:41:22,18280.10,50,2481900
20221121,09:41:24,18280.00,50,2481900
20221121,09:41:25,18280.10,50,2481900
20221121,09:41:26,18280.55,550,2481900
20221121,09:41:28,18279.00,300,2481900
20221121,09:41:29,18280.50,700,2481900
20221121,09:41:30,18278.00,550,2481900
20221121,09:41:31,18277.65,400,2481900
20221121,09:41:32,18277.80,500,2481900
20221121,09:41:32,18279.55,50,2481900
20221121,09:41:34,18279.60,200,2493700
20221121,09:41:35,18279.40,50,2493700
20221121,09:41:36,18279.75,300,2493700
20221121,09:41:37,18278.15,200,2493700
20221121,09:41:39,18277.65,600,2493700
20221121,09:41:40,18277.85,500,2493700
20221121,09:41:41,18279.55,200,2493700
20221121,09:41:42,18279.55,50,2493700
20221121,09:41:45,18279.55,50,2493700
20221121,09:41:47,18279.50,50,2493700
20221121,09:41:48,18278.05,200,2493700
20221121,09:41:49,18277.50,150,2493700
20221121,09:41:50,18278.65,100,2493700
20221121,09:41:51,18279.45,50,2493700
20221121,09:41:52,18278.05,50,2493700
20221121,09:41:57,18278.15,50,2493700
20221121,09:41:59,18279.30,50,2493700
20221121,09:42:01,18276.25,500,2493700
20221121,09:42:03,18276.00,300,2493700
20221121,09:42:04,18276.00,100,2493700
20221121,09:42:06,18276.00,700,2493700
20221121,09:42:08,18276.00,550,2493700
20221121,09:42:09,18276.00,100,2493700
20221121,09:42:09,18275.75,800,2493700
20221121,09:42:10,18275.75,150,2493700
20221121,09:42:12,18275.10,550,2493700
20221121,09:42:13,18277.95,350,2493700
20221121,09:42:16,18276.50,150,2493700
20221121,09:42:16,18276.50,50,2493700
20221121,09:42:17,18276.10,50,2493700
20221121,09:42:19,18276.00,50,2493700
20221121,09:42:22,18276.95,50,2493700
20221121,09:42:23,18276.95,50,2493700
20221121,09:42:25,18276.95,50,2493700
20221121,09:42:26,18275.00,700,2493700
20221121,09:42:27,18275.00,350,2493700
20221121,09:42:28,18276.95,450,2493700
20221121,09:42:30,18276.00,50,2493700
20221121,09:42:32,18275.95,150,2493700
20221121,09:42:33,18275.25,250,2493700
20221121,09:42:35,18275.95,550,2493700
20221121,09:42:36,18276.95,200,2493700
20221121,09:42:37,18276.00,50,2493700
20221121,09:42:38,18275.65,100,2493700
20221121,09:42:40,18276.90,50,2493700
20221121,09:42:42,18276.90,50,2493700
20221121,09:42:43,18276.95,300,2493700
20221121,09:42:46,18277.00,50,2493700
20221121,09:42:47,18276.55,50,2493700
20221121,09:42:48,18276.95,50,2493700
20221121,09:42:51,18276.00,50,2493700
20221121,09:42:52,18276.35,150,2493700
20221121,09:42:53,18276.00,150,2493700
20221121,09:42:54,18276.40,1150,2493700
20221121,09:42:56,18276.90,100,2493700
20221121,09:42:58,18277.00,350,2493700
20221121,09:42:59,18277.00,150,2493700
20221121,09:43:00,18277.00,100,2493700
20221121,09:43:02,18277.80,300,2493700
20221121,09:43:03,18279.90,400,2493700
20221121,09:43:04,18278.90,100,2493700
20221121,09:43:06,18280.00,50,2493700
20221121,09:43:07,18280.10,550,2493700
20221121,09:43:09,18279.75,150,2493700
20221121,09:43:09,18279.30,50,2493700
20221121,09:43:11,18281.00,100,2493700
20221121,09:43:13,18281.00,350,2493700
20221121,09:43:14,18282.60,250,2493700
20221121,09:43:16,18282.60,50,2493700
20221121,09:43:19,18282.60,50,2493700
20221121,09:43:21,18282.35,50,2493700
20221121,09:43:22,18282.35,50,2493700
20221121,09:43:23,18282.35,50,2493700
20221121,09:43:25,18282.55,150,2493700
20221121,09:43:29,18282.00,100,2493700
20221121,09:43:31,18282.00,300,2493700
20221121,09:43:36,18282.00,550,2493700
20221121,09:43:37,18280.25,350,2493700
20221121,09:43:39,18281.95,50,2493700
20221121,09:43:42,18281.90,50,2493700
20221121,09:43:44,18280.80,300,2493700
20221121,09:43:45,18281.00,900,2493700
20221121,09:43:46,18281.90,100,2493700
20221121,09:43:47,18281.90,100,2493700
20221121,09:43:48,18281.00,400,2493700
20221121,09:43:49,18281.30,300,2493700
20221121,09:43:50,18280.25,100,2493700
20221121,09:43:51,18280.00,200,2493700
20221121,09:43:52,18279.80,100,2493700
20221121,09:43:53,18280.25,1050,2493700
20221121,09:43:55,18279.65,250,2493700
20221121,09:43:56,18281.05,200,2493700
20221121,09:43:57,18279.85,350,2493700
20221121,09:44:00,18279.80,50,2493700
20221121,09:44:01,18280.00,200,2493700
20221121,09:44:03,18281.70,100,2493700
20221121,09:44:04,18281.70,50,2493700
20221121,09:44:07,18280.55,1100,2493700
20221121,09:44:08,18282.00,50,2493700
20221121,09:44:09,18282.00,200,2493700
20221121,09:44:10,18281.25,400,2493700
20221121,09:44:11,18282.00,750,2493700
20221121,09:44:12,18281.00,600,2493700
20221121,09:44:13,18281.00,50,2493700
20221121,09:44:14,18279.55,1750,2493700
20221121,09:44:16,18282.00,400,2493700
20221121,09:44:17,18282.05,50,2493700
20221121,09:44:19,18282.05,50,2493700
20221121,09:44:20,18282.10,100,2493700
20221121,09:44:22,18281.25,1300,2493700
20221121,09:44:23,18282.30,50,2493700
20221121,09:44:23,18280.90,500,2493700
20221121,09:44:25,18282.00,650,2493700
20221121,09:44:26,18282.35,50,2493700
20221121,09:44:28,18282.15,50,2493700
20221121,09:44:28,18282.10,50,2493700
20221121,09:44:30,18280.95,750,2493700
20221121,09:44:31,18281.40,300,2493700
20221121,09:44:32,18283.45,50,2493700
20221121,09:44:33,18283.15,700,2501200
20221121,09:44:34,18280.20,250,2501200
20221121,09:44:36,18280.65,300,2501200
20221121,09:44:38,18282.80,350,2501200
20221121,09:44:40,18283.00,1000,2501200
20221121,09:44:41,18283.00,300,2501200
20221121,09:44:45,18283.00,200,2501200
20221121,09:44:46,18283.40,100,2501200
20221121,09:44:48,18283.30,50,2501200
20221121,09:44:49,18280.45,50,2501200
20221121,09:44:51,18283.25,50,2501200
20221121,09:44:52,18282.95,50,2501200
20221121,09:44:54,18282.60,50,2501200
20221121,09:44:55,18280.50,50,2501200
20221121,09:44:57,18279.10,1350,2501200
20221121,09:44:58,18281.35,50,2501200
20221121,09:44:59,18281.35,50,2501200
20221121,09:45:00,18278.65,400,2501200
20221121,09:45:01,18281.85,400,2501200
20221121,09:45:04,18281.95,700,2501200
20221121,09:45:05,18282.35,550,2501200
20221121,09:45:06,18282.00,150,2501200
20221121,09:45:07,18282.70,450,2501200
20221121,09:45:08,18279.90,550,2501200
20221121,09:45:11,18282.50,850,2501200
20221121,09:45:12,18282.90,50,2501200
20221121,09:45:13,18283.65,1000,2501200
20221121,09:45:15,18285.90,350,2501200
20221121,09:45:17,18286.00,150,2501200
20221121,09:45:18,18287.75,300,2501200
20221121,09:45:19,18286.05,100,2501200
20221121,09:45:21,18286.05,50,2501200
20221121,09:45:22,18289.15,150,2501200
20221121,09:45:24,18288.85,50,2501200
20221121,09:45:25,18283.95,550,2501200
20221121,09:45:26,18283.50,300,2501200
20221121,09:45:27,18287.55,200,2501200
20221121,09:45:28,18287.85,100,2501200
20221121,09:45:29,18288.30,150,2501200
20221121,09:45:30,18288.90,100,2501200
20221121,09:45:30,18288.90,50,2501200
20221121,09:45:32,18286.80,550,2501200
20221121,09:45:34,18288.00,550,2501200
20221121,09:45:35,18288.05,50,2501200
20221121,09:45:36,18286.80,100,2501200
20221121,09:45:38,18288.70,50,2501200
20221121,09:45:39,18285.35,150,2501200
20221121,09:45:40,18288.50,200,2501200
20221121,09:45:41,18286.35,100,2501200
20221121,09:45:42,18289.00,100,2501200
20221121,09:45:44,18289.00,50,2501200
20221121,09:45:46,18289.00,50,2501200
20221121,09:45:47,18289.00,50,2501200
20221121,09:45:48,18289.40,100,2501200
20221121,09:45:49,18289.50,550,2501200
20221121,09:45:50,18288.25,400,2501200
20221121,09:45:52,18288.25,300,2501200
20221121,09:45:55,18288.25,50,2501200
20221121,09:45:56,18289.20,1750,2501200
20221121,09:45:59,18292.00,50,2501200
20221121,09:46:00,18289.90,50,2501200
20221121,09:46:03,18290.90,50,2501200
20221121,09:46:04,18294.00,100,2501200
20221121,09:46:06,18293.45,150,2501200
20221121,09:46:07,18292.80,100,2501200
20221121,09:46:08,18288.65,1100,2501200
20221121,09:46:09,18292.25,350,2501200
20221121,09:46:12,18289.10,600,2501200
20221121,09:46:13,18292.10,100,2501200
20221121,09:46:14,18292.10,150,2501200
20221121,09:46:16,18288.80,50,2501200
20221121,09:46:18,18292.00,100,2501200
20221121,09:46:19,18289.75,100,2501200
20221121,09:46:20,18292.10,50,2501200
20221121,09:46:22,18291.95,300,2501200
20221121,09:46:23,18289.30,200,2501200
20221121,09:46:25,18292.10,450,2501200
20221121,09:46:28,18293.15,50,2501200
20221121,09:46:29,18293.00,400,2501200
20221121,09:46:30,18289.05,250,2501200
20221121,09:46:31,18291.30,700,2501200
20221121,09:46:32,18292.40,350,2501200
20221121,09:46:33,18292.15,50,2501200
20221121,09:46:34,18292.00,50,2501200
20221121,09:46:35,18292.75,50,2501200
20221121,09:46:36,18293.00,300,2501200
20221121,09:46:38,18290.55,1300,2501200
20221121,09:46:39,18289.00,800,2501200
20221121,09:46:40,18289.00,750,2501200
20221121,09:46:41,18289.95,600,2501200
20221121,09:46:42,18289.35,700,2501200
20221121,09:46:43,18290.25,800,2501200
20221121,09:46:44,18290.45,50,2501200
20221121,09:46:45,18287.20,250,2501200
20221121,09:46:46,18286.45,1150,2501200
20221121,09:46:47,18289.00,450,2501200
20221121,09:46:52,18286.80,250,2501200
20221121,09:46:53,18288.45,550,2501200
20221121,09:46:54,18286.95,50,2501200
20221121,09:46:55,18289.70,100,2501200
20221121,09:46:57,18289.00,50,2501200
20221121,09:47:00,18290.30,50,2501200
20221121,09:47:02,18287.70,50,2501200
20221121,09:47:03,18291.00,550,2501200
20221121,09:47:04,18287.45,50,2501200
20221121,09:47:07,18290.00,100,2501200
20221121,09:47:08,18286.30,800,2501200
20221121,09:47:09,18286.30,50,2501200
20221121,09:47:10,18286.25,50,2501200
20221121,09:47:11,18289.50,100,2501200
20221121,09:47:14,18288.45,50,2501200
20221121,09:47:15,18289.00,100,2501200
20221121,09:47:17,18287.70,300,2501200
20221121,09:47:18,18289.95,250,2501200
20221121,09:47:19,18286.80,150,2501200
20221121,09:47:21,18289.00,50,2501200
20221121,09:47:24,18288.45,100,2501200
20221121,09:47:26,18288.25,250,2501200
20221121,09:47:29,18289.65,650,2501200
20221121,09:47:31,18289.90,200,2501200
20221121,09:47:34,18290.00,200,2501200
20221121,09:47:38,18290.00,500,2514500
20221121,09:47:39,18287.40,350,2514500
20221121,09:47:42,18286.80,300,2514500
20221121,09:47:45,18290.00,200,2514500
20221121,09:47:48,18288.20,100,2514500
20221121,09:47:49,18289.90,250,2514500
20221121,09:47:50,18289.90,50,2514500
20221121,09:47:51,18288.05,250,2514500
20221121,09:47:52,18289.25,150,2514500
20221121,09:47:54,18287.35,50,2514500
20221121,09:47:56,18289.25,50,2514500
20221121,09:47:58,18287.45,50,2514500
20221121,09:47:59,18289.25,50,2514500
20221121,09:48:00,18289.25,100,2514500
20221121,09:48:03,18289.25,50,2514500
20221121,09:48:04,18289.25,50,2514500
20221121,09:48:05,18290.70,400,2514500
20221121,09:48:06,18287.80,100,2514500
20221121,09:48:08,18287.80,50,2514500
20221121,09:48:10,18290.05,600,2514500
20221121,09:48:13,18290.05,50,2514500
20221121,09:48:14,18289.00,50,2514500
20221121,09:48:16,18289.35,50,2514500
20221121,09:48:19,18289.65,100,2514500
20221121,09:48:20,18286.30,250,2514500
20221121,09:48:22,18288.00,350,2514500
20221121,09:48:26,18287.05,50,2514500
20221121,09:48:27,18287.05,100,2514500
20221121,09:48:28,18287.05,50,2514500
20221121,09:48:31,18287.05,50,2514500
20221121,09:48:32,18286.85,50,2514500
20221121,09:48:33,18286.85,50,2514500
20221121,09:48:38,18287.05,50,2514500
20221121,09:48:39,18287.05,50,2514500
20221121,09:48:41,18286.05,250,2514500
20221121,09:48:45,18286.05,50,2514500
20221121,09:48:46,18288.85,100,2514500
20221121,09:48:48,18288.95,150,2514500
20221121,09:48:51,18286.30,250,2514500
20221121,09:48:51,18287.25,100,2514500
20221121,09:48:54,18287.25,150,2514500
20221121,09:48:58,18287.00,250,2514500
20221121,09:48:59,18287.40,500,2514500
20221121,09:49:00,18287.40,800,2514500
20221121,09:49:01,18287.40,450,2514500
20221121,09:49:02,18289.00,250,2514500
20221121,09:49:03,18291.05,1200,2514500
20221121,09:49:08,18292.30,200,2514500
20221121,09:49:12,18292.30,550,2514500
20221121,09:49:13,18291.35,100,2514500
20221121,09:49:17,18291.90,50,2514500
20221121,09:49:18,18289.25,250,2514500
20221121,09:49:20,18292.10,50,2514500
20221121,09:49:21,18293.35,250,2514500
20221121,09:49:23,18292.20,50,2514500
20221121,09:49:23,18292.30,50,2514500
20221121,09:49:24,18293.45,50,2514500
20221121,09:49:25,18289.45,250,2514500
20221121,09:49:29,18291.00,50,2514500
20221121,09:49:36,18293.50,350,2514500
20221121,09:49:37,18290.55,50,2514500
20221121,09:49:43,18293.05,100,2514500
20221121,09:49:44,18290.00,500,2514500
20221121,09:49:48,18291.95,600,2514500
20221121,09:49:49,18292.60,50,2514500
20221121,09:49:51,18293.00,200,2514500
20221121,09:49:54,18293.00,100,2514500
20221121,09:49:55,18293.40,50,2514500
20221121,09:49:56,18293.65,50,2514500
20221121,09:49:57,18293.45,50,2514500
20221121,09:49:58,18293.35,100,2514500
20221121,09:50:01,18290.60,300,2514500
20221121,09:50:03,18293.35,100,2514500
20221121,09:50:04,18293.45,800,2514500
20221121,09:50:06,18293.65,300,2514500
20221121,09:50:07,18293.45,100,2514500
20221121,09:50:08,18293.30,300,2514500
20221121,09:50:12,18292.50,50,2514500
20221121,09:50:13,18292.50,1000,2514500
20221121,09:50:15,18292.55,150,2514500
20221121,09:50:16,18292.45,50,2514500
20221121,09:50:20,18288.90,750,2514500
20221121,09:50:24,18288.05,250,2514500
20221121,09:50:29,18288.05,750,2514500
20221121,09:50:30,18290.95,50,2514500
20221121,09:50:31,18285.85,950,2514500
20221121,09:50:32,18285.85,300,2514500
20221121,09:50:33,18285.55,300,2514500
20221121,09:50:39,18285.90,50,2522550
20221121,09:50:44,18288.15,100,2522550
20221121,09:50:46,18285.55,50,2522550
20221121,09:50:48,18287.85,50,2522550
20221121,09:50:49,18286.70,600,2522550
20221121,09:50:51,18282.55,700,2522550
20221121,09:50:53,18285.45,50,2522550
20221121,09:50:53,18285.45,200,2522550
20221121,09:50:54,18285.20,50,2522550
20221121,09:50:56,18285.45,50,2522550
20221121,09:50:58,18285.45,100,2522550
20221121,09:51:05,18285.50,50,2522550
20221121,09:51:06,18285.50,50,2522550
20221121,09:51:06,18285.45,200,2522550
20221121,09:51:07,18285.70,200,2522550
20221121,09:51:09,18285.45,50,2522550
20221121,09:51:10,18284.70,300,2522550
20221121,09:51:12,18284.70,50,2522550
20221121,09:51:15,18284.40,100,2522550
20221121,09:51:23,18280.20,100,2522550
20221121,09:51:24,18282.90,50,2522550
20221121,09:51:25,18282.90,50,2522550
20221121,09:51:26,18283.90,150,2522550
20221121,09:51:27,18280.40,250,2522550
20221121,09:51:29,18283.15,50,2522550
20221121,09:51:30,18283.10,50,2522550
20221121,09:51:31,18280.40,50,2522550
20221121,09:51:32,18280.55,200,2522550
20221121,09:51:34,18283.75,100,2522550
20221121,09:51:41,18283.00,50,2522550
20221121,09:51:44,18283.00,50,2522550
20221121,09:51:45,18282.10,50,2522550
20221121,09:51:48,18282.00,250,2522550
20221121,09:51:49,18281.00,100,2522550
20221121,09:51:50,18281.85,200,2522550
20221121,09:51:52,18281.85,50,2522550
20221121,09:51:54,18283.90,100,2522550
20221121,09:51:56,18283.90,50,2522550
20221121,09:51:58,18281.85,50,2522550
20221121,09:51:59,18283.70,100,2522550
20221121,09:52:00,18283.00,50,2522550
20221121,09:52:01,18280.10,250,2522550
20221121,09:52:04,18280.00,400,2522550
20221121,09:52:06,18280.00,50,2522550
20221121,09:52:12,18280.00,50,2522550
20221121,09:52:15,18280.00,50,2522550
20221121,09:52:17,18280.00,150,2522550
20221121,09:52:18,18280.00,500,2522550
20221121,09:52:19,18281.75,50,2522550
20221121,09:52:23,18281.70,50,2522550
20221121,09:52:24,18281.70,50,2522550
20221121,09:52:26,18281.55,50,2522550
20221121,09:52:28,18282.55,550,2522550
20221121,09:52:29,18282.50,100,2522550
20221121,09:52:31,18280.05,2500,2522550
20221121,09:52:33,18282.45,50,2522550
20221121,09:52:34,18280.05,50,2522550
20221121,09:52:36,18280.05,50,2522550
20221121,09:52:38,18282.20,50,2522550
20221121,09:52:38,18282.20,100,2522550
20221121,09:52:41,18281.95,450,2522550
20221121,09:52:42,18280.20,850,2522550
20221121,09:52:43,18280.80,1800,2522550
20221121,09:52:44,18280.70,100,2522550
20221121,09:52:45,18278.10,100,2522550
20221121,09:52:47,18280.95,50,2522550
20221121,09:52:50,18280.65,150,2522550
20221121,09:52:52,18281.30,1950,2522550
20221121,09:52:53,18277.90,50,2522550
20221121,09:52:56,18277.85,50,2522550
20221121,09:52:59,18280.10,300,2522550
20221121,09:53:04,18280.50,50,2522550
20221121,09:53:07,18280.65,350,2522550
20221121,09:53:08,18279.25,100,2522550
20221121,09:53:09,18281.00,50,2522550
20221121,09:53:10,18280.80,50,2522550
20221121,09:53:11,18280.80,50,2522550
20221121,09:53:12,18280.80,50,2522550
20221121,09:53:13,18280.80,50,2522550
20221121,09:53:14,18280.80,50,2522550
20221121,09:53:16,18283.90,100,2522550
20221121,09:53:18,18283.90,200,2522550
20221121,09:53:20,18284.50,50,2522550
20221121,09:53:23,18284.50,100,2522550
20221121,09:53:24,18281.70,250,2522550
20221121,09:53:26,18281.70,500,2522550
20221121,09:53:31,18284.65,100,2522550
20221121,09:53:32,18284.70,50,2522550
20221121,09:53:34,18283.90,250,2522550
20221121,09:53:36,18283.90,500,2526000
20221121,09:53:37,18283.90,100,2526000
20221121,09:53:40,18283.90,500,2526000
20221121,09:53:41,18283.90,50,2526000
20221121,09:53:42,18283.90,1600,2526000
20221121,09:53:47,18282.85,50,2526000
20221121,09:53:52,18283.90,100,2526000
20221121,09:53:53,18284.70,100,2526000
20221121,09:53:54,18284.10,100,2526000
20221121,09:53:57,18285.00,50,2526000
20221121,09:54:01,18283.90,50,2526000
20221121,09:54:04,18283.05,600,2526000
20221121,09:54:11,18283.05,50,2526000
20221121,09:54:11,18283.05,300,2526000
20221121,09:54:21,18282.30,1000,2526000
20221121,09:54:22,18284.25,200,2526000
20221121,09:54:28,18285.00,150,2526000
20221121,09:54:32,18286.00,100,2526000
20221121,09:54:35,18286.00,50,2526000
20221121,09:54:36,18288.00,50,2526000
20221121,09:54:38,18288.00,300,2526000
20221121,09:54:39,18289.25,50,2526000
20221121,09:54:40,18288.00,50,2526000
20221121,09:54:42,18287.25,500,2526000
20221121,09:54:43,18289.25,100,2526000
20221121,09:54:46,18289.05,50,2526000
20221121,09:54:48,18289.25,100,2526000
20221121,09:54:50,18290.00,200,2526000
20221121,09:54:53,18287.60,50,2526000
20221121,09:54:54,18290.00,400,2526000
20221121,09:54:55,18290.00,100,2526000
20221121,09:55:04,18290.00,50,2526000
20221121,09:55:05,18290.00,350,2526000
20221121,09:55:09,18290.00,100,2526000
20221121,09:55:12,18292.00,50,2526000
20221121,09:55:13,18290.55,100,2526000
20221121,09:55:14,18293.70,400,2526000
20221121,09:55:15,18291.05,150,2526000
20221121,09:55:17,18294.90,1550,2526000
20221121,09:55:19,18291.65,650,2526000
20221121,09:55:20,18292.95,50,2526000
20221121,09:55:25,18293.85,1700,2526000
20221121,09:55:26,18292.70,50,2526000
20221121,09:55:27,18292.60,100,2526000
20221121,09:55:30,18291.00,50,2526000
20221121,09:55:31,18290.00,200,2526000
20221121,09:55:32,18290.00,300,2526000
20221121,09:55:36,18288.65,800,2526000
20221121,09:55:39,18287.80,1000,2526000
20221121,09:55:44,18291.90,200,2526000
20221121,09:55:47,18288.60,1000,2526000
20221121,09:55:50,18290.00,100,2526000
20221121,09:55:51,18290.00,50,2526000
20221121,09:55:55,18292.60,1200,2526000
20221121,09:55:57,18290.05,500,2526000
20221121,09:56:01,18292.55,350,2526000
20221121,09:56:02,18290.55,150,2526000
20221121,09:56:04,18292.60,50,2526000
20221121,09:56:07,18290.60,50,2526000
20221121,09:56:08,18292.60,500,2526000
20221121,09:56:09,18292.60,250,2526000
20221121,09:56:10,18293.60,300,2526000
20221121,09:56:11,18296.50,300,2526000
20221121,09:56:12,18296.65,150,2526000
20221121,09:56:13,18296.55,100,2526000
20221121,09:56:13,18294.35,100,2526000
20221121,09:56:15,18294.20,150,2526000
20221121,09:56:16,18294.95,700,2526000
20221121,09:56:17,18293.85,600,2526000
20221121,09:56:18,18293.90,250,2526000
20221121,09:56:20,18292.55,450,2526000
20221121,09:56:21,18293.25,200,2526000
20221121,09:56:23,18295.95,100,2526000
20221121,09:56:26,18292.20,450,2526000
20221121,09:56:27,18294.25,250,2526000
20221121,09:56:28,18295.00,100,2526000
20221121,09:56:30,18291.00,250,2526000
20221121,09:56:31,18293.10,50,2526000
20221121,09:56:32,18290.25,550,2526000
20221121,09:56:33,18290.00,250,2526000
20221121,09:56:36,18293.25,50,2526000
20221121,09:56:37,18290.05,250,2537850
20221121,09:56:38,18289.70,650,2537850
20221121,09:56:39,18290.00,100,2537850
20221121,09:56:41,18290.05,150,2537850
20221121,09:56:43,18291.75,100,2537850
20221121,09:56:44,18291.75,50,2537850
20221121,09:56:44,18290.30,50,2537850
20221121,09:56:46,18290.50,250,2537850
20221121,09:56:47,18289.00,50,2537850
20221121,09:56:48,18287.80,50,2537850
20221121,09:56:53,18288.85,250,2537850
20221121,09:56:55,18290.15,500,2537850
20221121,09:57:03,18290.80,50,2537850
20221121,09:57:08,18292.90,50,2537850
20221121,09:57:09,18290.15,300,2537850
20221121,09:57:10,18293.25,50,2537850
20221121,09:57:13,18291.00,500,2537850
20221121,09:57:17,18291.30,50,2537850
20221121,09:57:18,18293.50,50,2537850
20221121,09:57:25,18291.95,400,2537850
20221121,09:57:27,18292.75,50,2537850
20221121,09:57:29,18293.00,100,2537850
20221121,09:57:32,18293.00,50,2537850
20221121,09:57:34,18293.00,50,2537850
20221121,09:57:35,18293.00,400,2537850
20221121,09:57:36,18293.00,250,2537850
20221121,09:57:37,18294.70,100,2537850
20221121,09:57:40,18293.05,150,2537850
20221121,09:57:41,18295.00,50,2537850
20221121,09:57:43,18295.00,50,2537850
20221121,09:57:46,18293.00,400,2537850
20221121,09:57:47,18293.70,250,2537850
20221121,09:57:49,18293.90,50,2537850
20221121,09:57:52,18293.00,150,2537850
20221121,09:57:53,18293.00,100,2537850
20221121,09:57:54,18293.00,100,2537850
20221121,09:57:57,18293.00,50,2537850
20221121,09:57:59,18293.00,150,2537850
20221121,09:58:03,18292.95,100,2537850
20221121,09:58:04,18293.05,250,2537850
20221121,09:58:05,18293.00,250,2537850
20221121,09:58:07,18293.00,50,2537850
20221121,09:58:08,18293.60,650,2537850
20221121,09:58:10,18293.60,50,2537850
20221121,09:58:11,18293.00,250,2537850
20221121,09:58:12,18293.00,50,2537850
20221121,09:58:18,18293.00,50,2537850
20221121,09:58:24,18293.90,500,2537850
20221121,09:58:26,18292.55,100,2537850
20221121,09:58:27,18293.00,50,2537850
20221121,09:58:29,18293.00,50,2537850
20221121,09:58:34,18293.00,100,2537850
20221121,09:58:35,18292.40,500,2537850
20221121,09:58:36,18290.00,150,2537850
20221121,09:58:38,18290.00,50,2537850
20221121,09:58:39,18291.85,50,2537850
20221121,09:58:40,18290.05,100,2537850
20221121,09:58:41,18291.60,50,2537850
20221121,09:58:43,18290.05,250,2537850
20221121,09:58:46,18290.05,50,2537850
20221121,09:58:48,18290.00,350,2537850
20221121,09:58:51,18291.00,300,2537850
20221121,09:58:52,18290.50,650,2537850
20221121,09:58:53,18290.50,50,2537850
20221121,09:58:54,18291.25,150,2537850
20221121,09:58:55,18291.25,50,2537850
20221121,09:58:56,18290.65,300,2537850
20221121,09:58:57,18290.60,50,2537850
20221121,09:58:58,18293.00,50,2537850
20221121,09:59:03,18292.80,250,2537850
20221121,09:59:04,18292.95,650,2537850
20221121,09:59:05,18293.00,650,2537850
20221121,09:59:06,18292.95,250,2537850
20221121,09:59:08,18293.00,1000,2537850
20221121,09:59:09,18292.25,50,2537850
20221121,09:59:10,18292.25,150,2537850
20221121,09:59:13,18292.25,100,2537850
20221121,09:59:14,18292.30,150,2537850
20221121,09:59:15,18292.30,100,2537850
20221121,09:59:16,18292.40,250,2537850
20221121,09:59:17,18290.00,500,2537850
20221121,09:59:18,18290.65,300,2537850
20221121,09:59:19,18290.00,150,2537850
20221121,09:59:20,18290.05,50,2537850
20221121,09:59:21,18290.05,50,2537850
20221121,09:59:23,18290.65,50,2537850
20221121,09:59:24,18290.05,150,2537850
20221121,09:59:28,18291.00,150,2537850
20221121,09:59:29,18291.00,50,2537850
20221121,09:59:30,18291.00,50,2537850
20221121,09:59:31,18291.00,50,2537850
20221121,09:59:32,18290.30,100,2537850
20221121,09:59:33,18291.00,50,2537850
20221121,09:59:34,18291.00,150,2537850
20221121,09:59:39,18290.10,300,2548300
20221121,09:59:40,18291.00,50,2548300
20221121,09:59:41,18290.95,150,2548300
20221121,09:59:43,18290.95,50,2548300
20221121,09:59:46,18290.95,100,2548300
20221121,09:59:48,18290.95,50,2548300
20221121,09:59:49,18290.95,100,2548300
20221121,09:59:50,18290.05,250,2548300
20221121,09:59:54,18290.05,150,2548300
20221121,09:59:55,18290.05,100,2548300
20221121,09:59:56,18290.95,550,2548300
20221121,09:59:57,18291.00,100,2548300
20221121,09:59:58,18291.00,50,2548300
20221121,10:00:00,18290.95,100,2548300
20221121,10:00:01,18290.35,50,2548300
20221121,10:00:03,18288.85,350,2548300
20221121,10:00:04,18289.95,250,2548300
20221121,10:00:07,18286.20,350,2548300
20221121,10:00:08,18288.95,200,2548300
20221121,10:00:09,18288.95,50,2548300
20221121,10:00:11,18288.85,50,2548300
20221121,10:00:11,18288.25,100,2548300
20221121,10:00:12,18288.40,150,2548300
20221121,10:00:13,18288.40,100,2548300
20221121,10:00:17,18288.00,100,2548300
20221121,10:00:18,18287.90,700,2548300
20221121,10:00:19,18287.90,50,2548300
20221121,10:00:21,18288.00,100,2548300
20221121,10:00:22,18288.00,50,2548300
20221121,10:00:24,18288.00,50,2548300
20221121,10:00:28,18288.00,50,2548300
20221121,10:00:29,18287.90,200,2548300
20221121,10:00:30,18287.90,50,2548300
20221121,10:00:31,18287.90,250,2548300
20221121,10:00:34,18287.90,100,2548300
20221121,10:00:36,18287.90,50,2548300
20221121,10:00:37,18287.90,50,2548300
20221121,10:00:39,18287.90,50,2548300
20221121,10:00:40,18287.90,50,2548300
20221121,10:00:41,18287.90,100,2548300
20221121,10:00:43,18287.90,100,2548300
20221121,10:00:48,18287.50,50,2548300
20221121,10:00:54,18285.15,500,2548300
20221121,10:01:03,18285.10,100,2548300
20221121,10:01:05,18285.05,50,2548300
20221121,10:01:06,18283.30,950,2548300
20221121,10:01:07,18282.75,50,2548300
20221121,10:01:08,18285.10,50,2548300
20221121,10:01:11,18284.95,50,2548300
20221121,10:01:14,18283.50,50,2548300
20221121,10:01:21,18283.45,200,2548300
20221121,10:01:22,18282.00,100,2548300
20221121,10:01:23,18282.00,50,2548300
20221121,10:01:24,18282.00,50,2548300
20221121,10:01:27,18282.00,50,2548300
20221121,10:01:28,18281.00,50,2548300
20221121,10:01:33,18280.10,450,2548300
20221121,10:01:33,18280.00,1000,2548300
20221121,10:01:34,18280.10,100,2548300
20221121,10:01:39,18280.20,50,2548300
20221121,10:01:40,18280.85,500,2548300
20221121,10:01:41,18282.05,600,2548300
20221121,10:01:44,18283.00,150,2548300
20221121,10:01:45,18282.50,50,2548300
20221121,10:01:54,18284.30,50,2548300
20221121,10:02:03,18282.30,200,2548300
20221121,10:02:04,18284.35,100,2548300
20221121,10:02:06,18282.40,200,2548300
20221121,10:02:16,18282.40,50,2548300
20221121,10:02:18,18284.25,50,2548300
20221121,10:02:20,18284.25,100,2548300
20221121,10:02:22,18284.25,200,2548300
20221121,10:02:23,18284.35,100,2548300
20221121,10:02:24,18282.40,1800,2548300
20221121,10:02:25,18284.00,50,2548300
20221121,10:02:29,18284.25,50,2548300
20221121,10:02:35,18284.35,150,2548300
20221121,10:02:38,18284.35,50,2553550
20221121,10:02:42,18284.35,200,2553550
20221121,10:02:43,18285.10,1100,2553550
20221121,10:02:47,18287.90,50,2553550
20221121,10:02:54,18286.10,350,2553550
20221121,10:02:58,18287.90,150,2553550
20221121,10:03:01,18283.75,50,2553550
20221121,10:03:04,18287.50,50,2553550
20221121,10:03:05,18287.00,50,2553550
20221121,10:03:09,18287.00,50,2553550
20221121,10:03:13,18286.00,100,2553550
20221121,10:03:17,18286.90,100,2553550
20221121,10:03:25,18286.65,100,2553550
20221121,10:03:26,18285.00,50,2553550
20221121,10:03:36,18285.00,150,2553550
20221121,10:03:38,18286.00,50,2553550
20221121,10:03:45,18287.90,1000,2553550
20221121,10:03:46,18287.15,50,2553550
20221121,10:03:49,18282.25,1000,2553550
20221121,10:03:51,18285.45,150,2553550
20221121,10:03:54,18286.95,50,2553550
20221121,10:03:56,18287.80,300,2553550
20221121,10:04:02,18286.50,500,2553550
20221121,10:04:05,18286.70,50,2553550
20221121,10:04:10,18286.50,250,2553550
20221121,10:04:11,18286.70,250,2553550
20221121,10:04:14,18286.75,150,2553550
20221121,10:04:16,18287.90,150,2553550
20221121,10:04:17,18287.90,2150,2553550
20221121,10:04:18,18287.90,2400,2553550
20221121,10:04:19,18290.00,850,2553550
20221121,10:04:23,18290.00,50,2553550
20221121,10:04:29,18289.10,100,2553550
20221121,10:04:30,18290.00,50,2553550
20221121,10:04:31,18290.00,300,2553550
20221121,10:04:36,18289.80,500,2553550
20221121,10:04:43,18291.00,200,2553550
20221121,10:04:46,18290.00,50,2553550
20221121,10:04:47,18290.40,50,2553550
20221121,10:04:52,18289.85,50,2553550
20221121,10:04:53,18290.50,50,2553550
20221121,10:04:54,18289.85,100,2553550
20221121,10:04:57,18289.95,200,2553550
20221121,10:04:59,18287.65,250,2553550
20221121,10:05:00,18287.70,100,2553550
20221121,10:05:08,18289.85,350,2553550
20221121,10:05:09,18289.40,50,2553550
20221121,10:05:19,18289.40,50,2553550
20221121,10:05:30,18289.30,50,2553550
20221121,10:05:37,18289.00,50,2553550
20221121,10:05:42,18289.40,50,2559550
20221121,10:05:43,18289.00,50,2559550
20221121,10:05:47,18286.55,50,2559550
20221121,10:05:49,18286.55,100,2559550
20221121,10:05:53,18286.50,50,2559550
20221121,10:05:54,18287.55,100,2559550
20221121,10:05:55,18287.50,50,2559550
20221121,10:05:59,18287.30,50,2559550
20221121,10:06:00,18286.55,50,2559550
20221121,10:06:01,18286.15,400,2559550
20221121,10:06:04,18286.70,300,2559550
20221121,10:06:05,18285.80,200,2559550
20221121,10:06:06,18282.70,900,2559550
20221121,10:06:11,18285.00,50,2559550
20221121,10:06:12,18285.00,1500,2559550
20221121,10:06:15,18282.75,150,2559550
20221121,10:06:24,18282.75,1100,2559550
20221121,10:06:26,18285.85,50,2559550
20221121,10:06:31,18282.40,100,2559550
20221121,10:06:32,18285.70,450,2559550
20221121,10:06:35,18285.70,3500,2559550
20221121,10:06:36,18285.65,50,2559550
20221121,10:06:42,18281.80,150,2559550
20221121,10:06:43,18284.65,50,2559550
20221121,10:06:48,18282.60,100,2559550
20221121,10:06:50,18284.50,200,2559550
20221121,10:06:51,18283.70,400,2559550
20221121,10:06:59,18283.70,200,2559550
20221121,10:07:05,18283.70,200,2559550
20221121,10:07:08,18283.70,200,2559550
20221121,10:07:12,18283.70,200,2559550
20221121,10:07:14,18284.50,100,2559550
20221121,10:07:16,18282.90,50,2559550
20221121,10:07:23,18284.50,700,2559550
20221121,10:07:27,18282.90,50,2559550
20221121,10:07:30,18282.90,100,2559550
20221121,10:07:33,18282.90,50,2559550
20221121,10:07:34,18282.50,2600,2559550
20221121,10:07:47,18284.50,50,2559550
20221121,10:07:52,18284.50,200,2559550
20221121,10:08:00,18284.50,200,2559550
20221121,10:08:05,18284.15,100,2559550
20221121,10:08:06,18284.50,150,2559550
20221121,10:08:08,18285.00,350,2559550
20221121,10:08:12,18285.15,50,2559550
20221121,10:08:13,18285.00,350,2559550
20221121,10:08:17,18285.00,200,2559550
20221121,10:08:23,18286.35,500,2559550
20221121,10:08:25,18286.05,100,2559550
20221121,10:08:30,18289.45,50,2559550
20221121,10:08:34,18286.00,150,2559550
20221121,10:08:36,18286.00,100,2559550
20221121,10:08:38,18286.00,350,2563000
20221121,10:08:39,18286.00,50,2563000
20221121,10:08:42,18285.10,50,2563000
20221121,10:08:43,18285.10,50,2563000
20221121,10:08:44,18287.95,50,2563000
20221121,10:08:48,18285.00,50,2563000
20221121,10:08:52,18286.00,100,2563000
20221121,10:08:53,18286.00,50,2563000
20221121,10:08:55,18286.00,150,2563000
20221121,10:08:56,18286.00,300,2563000
20221121,10:08:58,18288.85,50,2563000
20221121,10:08:59,18286.00,250,2563000
20221121,10:09:03,18285.55,50,2563000
20221121,10:09:07,18286.50,400,2563000
20221121,10:09:08,18286.50,50,2563000
20221121,10:09:09,18288.00,250,2563000
20221121,10:09:14,18286.80,50,2563000
20221121,10:09:15,18286.80,200,2563000
20221121,10:09:18,18288.00,50,2563000
20221121,10:09:19,18288.50,50,2563000
20221121,10:09:24,18288.00,250,2563000
20221121,10:09:27,18288.00,50,2563000
20221121,10:09:31,18288.45,500,2563000
20221121,10:09:32,18288.00,800,2563000
20221121,10:09:37,18287.05,150,2563000
20221121,10:09:39,18286.05,150,2563000
20221121,10:09:41,18286.05,50,2563000
20221121,10:09:45,18286.00,50,2563000
20221121,10:09:49,18285.45,100,2563000
20221121,10:09:50,18286.00,100,2563000
20221121,10:09:53,18286.00,50,2563000
20221121,10:09:57,18285.40,150,2563000
20221121,10:09:58,18286.00,200,2563000
20221121,10:10:00,18286.00,250,2563000
20221121,10:10:04,18285.00,50,2563000
20221121,10:10:05,18286.05,100,2563000
20221121,10:10:07,18286.25,100,2563000
20221121,10:10:11,18286.25,150,2563000
20221121,10:10:12,18286.25,50,2563000
20221121,10:10:14,18285.25,400,2563000
20221121,10:10:15,18285.55,150,2563000
20221121,10:10:22,18286.65,50,2563000
20221121,10:10:23,18286.60,200,2563000
20221121,10:10:24,18286.60,50,2563000
20221121,10:10:25,18286.60,150,2563000
20221121,10:10:26,18285.95,100,2563000
20221121,10:10:27,18285.95,150,2563000
20221121,10:10:29,18286.15,100,2563000
20221121,10:10:31,18286.25,100,2563000
20221121,10:10:32,18286.30,50,2563000
20221121,10:10:33,18286.20,150,2563000
20221121,10:10:35,18285.55,50,2563000
20221121,10:10:38,18285.45,1600,2563000
20221121,10:10:40,18287.95,200,2563000
20221121,10:10:41,18288.00,150,2563000
20221121,10:10:44,18286.35,150,2563000
20221121,10:10:47,18286.90,400,2563000
20221121,10:10:51,18288.10,850,2563000
20221121,10:10:53,18288.90,50,2563000
20221121,10:10:54,18289.00,50,2563000
20221121,10:10:59,18290.50,100,2563000
20221121,10:11:01,18290.00,50,2563000
20221121,10:11:10,18289.00,50,2563000
20221121,10:11:13,18290.00,50,2563000
20221121,10:11:16,18290.00,400,2563000
20221121,10:11:17,18290.00,500,2563000
20221121,10:11:18,18290.00,50,2563000
20221121,10:11:22,18290.00,500,2563000
20221121,10:11:23,18291.00,50,2563000
20221121,10:11:29,18290.00,1500,2563000
20221121,10:11:33,18291.00,250,2563000
20221121,10:11:34,18291.00,50,2563000
20221121,10:11:35,18291.00,100,2563000
20221121,10:11:36,18293.80,200,2563000
20221121,10:11:37,18291.35,750,2563000
20221121,10:11:40,18292.05,300,2570300
20221121,10:11:44,18292.70,50,2570300
20221121,10:11:48,18292.05,500,2570300
20221121,10:11:50,18293.65,50,2570300
20221121,10:11:51,18292.35,150,2570300
20221121,10:11:54,18292.85,100,2570300
20221121,10:11:59,18292.00,150,2570300
20221121,10:12:02,18292.20,200,2570300
20221121,10:12:04,18292.20,50,2570300
20221121,10:12:05,18292.20,50,2570300
20221121,10:12:07,18292.50,100,2570300
20221121,10:12:12,18292.00,150,2570300
20221121,10:12:15,18292.00,100,2570300
20221121,10:12:17,18292.00,450,2570300
20221121,10:12:19,18292.00,1750,2570300
20221121,10:12:23,18291.05,750,2570300
20221121,10:12:24,18291.05,100,2570300
20221121,10:12:28,18292.00,600,2570300
20221121,10:12:29,18291.00,100,2570300
20221121,10:12:30,18292.00,350,2570300
20221121,10:12:32,18292.00,50,2570300
20221121,10:12:33,18292.00,1250,2570300
20221121,10:12:37,18291.00,450,2570300
20221121,10:12:39,18291.00,50,2570300
20221121,10:12:40,18290.00,50,2570300
20221121,10:12:45,18290.00,350,2570300
20221121,10:12:46,18290.00,50,2570300
20221121,10:12:47,18290.00,150,2570300
20221121,10:12:48,18291.00,200,2570300
20221121,10:12:49,18291.00,350,2570300
20221121,10:12:52,18289.00,1600,2570300
20221121,10:12:55,18289.00,50,2570300
20221121,10:12:57,18291.00,800,2570300
20221121,10:12:58,18291.00,200,2570300
20221121,10:12:59,18292.00,50,2570300
20221121,10:13:01,18291.95,50,2570300
20221121,10:13:03,18291.90,50,2570300
20221121,10:13:07,18290.90,50,2570300
20221121,10:13:09,18290.35,50,2570300
20221121,10:13:10,18292.35,50,2570300
20221121,10:13:15,18291.05,50,2570300
20221121,10:13:19,18290.90,50,2570300
20221121,10:13:24,18290.05,400,2570300
20221121,10:13:29,18290.05,50,2570300
20221121,10:13:30,18288.25,1200,2570300
20221121,10:13:37,18290.00,50,2570300
20221121,10:13:40,18290.00,550,2570300
20221121,10:13:40,18290.00,200,2570300
20221121,10:13:41,18290.05,250,2570300
20221121,10:13:43,18290.00,50,2570300
20221121,10:13:45,18290.50,50,2570300
20221121,10:13:52,18290.50,50,2570300
20221121,10:13:53,18290.50,450,2570300
20221121,10:13:56,18290.55,250,2570300
20221121,10:13:58,18292.00,100,2570300
20221121,10:14:08,18293.35,250,2570300
20221121,10:14:09,18293.05,50,2570300
20221121,10:14:12,18292.00,50,2570300
20221121,10:14:13,18291.50,200,2570300
20221121,10:14:17,18291.50,200,2570300
20221121,10:14:19,18291.50,50,2570300
20221121,10:14:20,18293.85,200,2570300
20221121,10:14:21,18293.90,50,2570300
20221121,10:14:27,18293.90,150,2570300
20221121,10:14:32,18293.90,750,2570300
20221121,10:14:34,18293.00,100,2570300
20221121,10:14:36,18293.90,50,2570300
20221121,10:14:43,18293.50,200,2579400
20221121,10:14:45,18293.00,50,2579400
20221121,10:14:46,18293.05,250,2579400
20221121,10:14:48,18293.50,250,2579400
20221121,10:14:51,18293.50,50,2579400
20221121,10:14:53,18293.55,50,2579400
20221121,10:14:57,18294.40,50,2579400
20221121,10:14:59,18294.90,150,2579400
20221121,10:15:02,18295.95,450,2579400
20221121,10:15:03,18295.95,50,2579400
20221121,10:15:03,18299.00,600,2579400
20221121,10:15:04,18299.75,50,2579400
20221121,10:15:07,18296.65,200,2579400
20221121,10:15:08,18299.10,150,2579400
20221121,10:15:12,18297.50,150,2579400
20221121,10:15:16,18297.30,50,2579400
20221121,10:15:17,18296.40,50,2579400
20221121,10:15:18,18297.35,100,2579400
20221121,10:15:20,18296.70,50,2579400
20221121,10:15:21,18296.45,500,2579400
20221121,10:15:22,18296.45,150,2579400
20221121,10:15:23,18296.45,100,2579400
20221121,10:15:24,18296.45,50,2579400
20221121,10:15:26,18297.05,800,2579400
20221121,10:15:28,18297.25,100,2579400
20221121,10:15:29,18297.50,250,2579400
20221121,10:15:31,18297.00,50,2579400
20221121,10:15:33,18297.00,50,2579400
20221121,10:15:34,18297.00,600,2579400
20221121,10:15:36,18297.00,300,2579400
20221121,10:15:38,18297.00,200,2579400
20221121,10:15:40,18297.00,50,2579400
20221121,10:15:43,18296.65,50,2579400
20221121,10:15:45,18297.00,550,2579400
20221121,10:15:46,18297.00,200,2579400
20221121,10:15:47,18297.40,450,2579400
20221121,10:15:51,18297.45,50,2579400
20221121,10:15:52,18297.50,100,2579400
20221121,10:15:56,18297.50,50,2579400
20221121,10:15:59,18297.10,200,2579400
20221121,10:16:00,18297.00,50,2579400
20221121,10:16:05,18296.00,750,2579400
20221121,10:16:07,18296.00,100,2579400
20221121,10:16:11,18294.75,350,2579400
20221121,10:16:16,18296.00,250,2579400
20221121,10:16:18,18294.95,250,2579400
20221121,10:16:18,18294.85,50,2579400
20221121,10:16:19,18294.85,100,2579400
20221121,10:16:23,18295.45,50,2579400
20221121,10:16:27,18294.45,50,2579400
20221121,10:16:29,18294.45,500,2579400
20221121,10:16:30,18296.25,1000,2579400
20221121,10:16:33,18294.50,1050,2579400
20221121,10:16:38,18294.50,200,2579400
20221121,10:16:40,18294.50,250,2579400
20221121,10:16:43,18294.50,50,2579400
20221121,10:16:45,18294.65,50,2579400
20221121,10:16:46,18294.10,50,2579400
20221121,10:16:47,18293.30,50,2579400
20221121,10:16:49,18294.10,50,2579400
20221121,10:16:50,18294.10,50,2579400
20221121,10:16:52,18294.10,50,2579400
20221121,10:16:54,18294.05,150,2579400
20221121,10:16:57,18294.10,700,2579400
20221121,10:16:59,18293.80,750,2579400
20221121,10:17:01,18294.10,450,2579400
20221121,10:17:02,18296.10,250,2579400
20221121,10:17:03,18295.95,50,2579400
20221121,10:17:05,18296.05,100,2579400
20221121,10:17:06,18297.00,150,2579400
20221121,10:17:07,18297.00,1500,2579400
20221121,10:17:07,18297.80,200,2579400
20221121,10:17:09,18298.75,150,2579400
20221121,10:17:10,18297.75,150,2579400
20221121,10:17:13,18298.00,50,2579400
20221121,10:17:14,18297.75,50,2579400
20221121,10:17:16,18297.75,100,2579400
20221121,10:17:18,18297.50,550,2579400
20221121,10:17:19,18297.50,300,2579400
20221121,10:17:24,18298.00,1700,2579400
20221121,10:17:25,18298.85,150,2579400
20221121,10:17:27,18298.75,50,2579400
20221121,10:17:27,18298.00,450,2579400
20221121,10:17:30,18297.95,50,2579400
20221121,10:17:31,18296.20,50,2579400
20221121,10:17:33,18295.20,150,2579400
20221121,10:17:35,18295.20,600,2579400
20221121,10:17:36,18295.20,50,2579400
20221121,10:17:47,18297.00,50,2584400
20221121,10:17:53,18296.10,50,2584400
20221121,10:17:57,18296.10,50,2584400
20221121,10:18:01,18296.10,50,2584400
20221121,10:18:05,18297.00,1250,2584400
20221121,10:18:06,18299.00,600,2584400
20221121,10:18:08,18299.65,500,2584400
20221121,10:18:11,18299.90,100,2584400
20221121,10:18:15,18299.60,100,2584400
20221121,10:18:16,18298.20,150,2584400
20221121,10:18:17,18299.35,100,2584400
20221121,10:18:18,18299.35,100,2584400
20221121,10:18:21,18298.75,50,2584400
20221121,10:18:24,18298.95,50,2584400
20221121,10:18:25,18299.35,50,2584400
20221121,10:18:30,18299.35,500,2584400
20221121,10:18:31,18299.00,50,2584400
20221121,10:18:31,18298.85,50,2584400
20221121,10:18:34,18298.75,550,2584400
20221121,10:18:36,18299.00,50,2584400
20221121,10:18:41,18299.00,1000,2584400
20221121,10:18:42,18298.55,2450,2584400
20221121,10:18:42,18298.60,50,2584400
20221121,10:18:45,18300.00,1250,2584400
20221121,10:18:46,18300.00,500,2584400
20221121,10:18:48,18302.15,300,2584400
20221121,10:18:49,18301.10,50,2584400
20221121,10:18:51,18302.60,150,2584400
20221121,10:18:56,18302.65,100,2584400
20221121,10:18:59,18302.60,300,2584400
20221121,10:19:00,18302.65,50,2584400
20221121,10:19:01,18301.10,700,2584400
20221121,10:19:03,18302.25,50,2584400
20221121,10:19:04,18301.05,350,2584400
20221121,10:19:06,18300.60,200,2584400
20221121,10:19:11,18301.05,350,2584400
20221121,10:19:12,18302.20,100,2584400
20221121,10:19:13,18301.05,50,2584400
20221121,10:19:14,18302.00,50,2584400
20221121,10:19:14,18301.05,50,2584400
20221121,10:19:18,18301.05,150,2584400
20221121,10:19:19,18301.00,200,2584400
20221121,10:19:20,18301.05,50,2584400
20221121,10:19:22,18300.60,550,2584400
20221121,10:19:23,18300.70,100,2584400
20221121,10:19:25,18300.65,50,2584400
20221121,10:19:29,18300.65,200,2584400
20221121,10:19:31,18300.65,150,2584400
20221121,10:19:33,18300.55,50,2584400
20221121,10:19:36,18300.15,50,2584400
20221121,10:19:37,18300.00,150,2584400
20221121,10:19:39,18300.00,100,2584400
20221121,10:19:40,18300.40,50,2584400
20221121,10:19:50,18300.00,50,2584400
20221121,10:19:51,18300.15,350,2584400
20221121,10:19:52,18300.15,50,2584400
20221121,10:19:53,18300.15,150,2584400
20221121,10:19:54,18300.00,100,2584400
20221121,10:19:56,18300.00,50,2584400
20221121,10:19:57,18300.15,50,2584400
20221121,10:19:58,18300.15,50,2584400
20221121,10:19:59,18300.05,200,2584400
20221121,10:20:00,18300.10,50,2584400
20221121,10:20:01,18300.10,100,2584400
20221121,10:20:07,18299.25,50,2584400
20221121,10:20:10,18299.00,150,2584400
20221121,10:20:11,18299.00,50,2584400
20221121,10:20:14,18299.30,250,2584400
20221121,10:20:17,18298.00,100,2584400
20221121,10:20:18,18297.75,50,2584400
20221121,10:20:19,18297.75,50,2584400
20221121,10:20:20,18297.75,50,2584400
20221121,10:20:26,18297.55,700,2584400
20221121,10:20:29,18295.70,50,2584400
20221121,10:20:30,18297.15,850,2584400
20221121,10:20:32,18297.65,100,2584400
20221121,10:20:34,18297.75,300,2584400
20221121,10:20:36,18297.90,50,2584400
20221121,10:20:37,18297.95,250,2584400
20221121,10:20:38,18297.95,50,2584400
20221121,10:20:39,18298.60,150,2584400
20221121,10:20:40,18298.80,300,2586950
20221121,10:20:46,18298.75,250,2586950
20221121,10:20:50,18298.75,700,2586950
20221121,10:20:58,18297.00,350,2586950
20221121,10:20:59,18296.00,250,2586950
20221121,10:21:00,18295.10,550,2586950
20221121,10:21:01,18297.00,50,2586950
20221121,10:21:03,18295.40,200,2586950
20221121,10:21:04,18297.50,750,2586950
20221121,10:21:07,18295.10,100,2586950
20221121,10:21:08,18296.60,100,2586950
20221121,10:21:10,18295.00,200,2586950
20221121,10:21:16,18295.00,300,2586950
20221121,10:21:19,18295.00,50,2586950
20221121,10:21:21,18293.00,50,2586950
20221121,10:21:27,18291.80,150,2586950
20221121,10:21:28,18290.45,50,2586950
20221121,10:21:29,18291.50,50,2586950
20221121,10:21:30,18290.05,250,2586950
20221121,10:21:34,18290.00,550,2586950
20221121,10:21:38,18290.00,150,2586950
20221121,10:21:41,18290.00,100,2586950
20221121,10:21:42,18290.20,150,2586950
20221121,10:21:44,18290.25,100,2586950
20221121,10:21:45,18289.00,100,2586950
20221121,10:21:47,18290.55,4000,2586950
20221121,10:21:50,18288.00,50,2586950
20221121,10:21:51,18287.10,100,2586950
20221121,10:21:52,18289.55,200,2586950
20221121,10:21:57,18287.10,100,2586950
20221121,10:21:58,18286.95,50,2586950
20221121,10:22:01,18289.30,250,2586950
20221121,10:22:02,18289.50,50,2586950
20221121,10:22:04,18288.60,250,2586950
20221121,10:22:10,18286.20,50,2586950
20221121,10:22:11,18287.85,150,2586950
20221121,10:22:15,18285.40,450,2586950
20221121,10:22:21,18285.40,900,2586950
20221121,10:22:24,18286.45,50,2586950
20221121,10:22:25,18290.50,400,2586950
20221121,10:22:26,18290.50,300,2586950
20221121,10:22:27,18289.75,150,2586950
20221121,10:22:30,18288.60,50,2586950
20221121,10:22:31,18288.60,100,2586950
20221121,10:22:35,18285.80,50,2586950
20221121,10:22:39,18288.45,500,2586950
20221121,10:22:48,18288.30,300,2586950
20221121,10:22:52,18286.45,50,2586950
20221121,10:22:57,18287.95,200,2586950
20221121,10:22:58,18288.00,50,2586950
20221121,10:23:00,18286.35,1500,2586950
20221121,10:23:02,18289.00,1300,2586950
20221121,10:23:04,18287.10,50,2586950
20221121,10:23:07,18289.95,100,2586950
20221121,10:23:09,18288.55,50,2586950
20221121,10:23:10,18288.60,50,2586950
20221121,10:23:11,18288.95,200,2586950
20221121,10:23:14,18289.10,50,2586950
20221121,10:23:17,18288.10,50,2586950
20221121,10:23:19,18288.10,100,2586950
20221121,10:23:23,18288.60,100,2586950
20221121,10:23:27,18287.65,50,2586950
20221121,10:23:28,18287.85,150,2586950
20221121,10:23:30,18287.90,150,2586950
20221121,10:23:31,18287.00,150,2586950
20221121,10:23:35,18287.00,100,2586950
20221121,10:23:35,18286.00,50,2586950
20221121,10:23:37,18285.00,250,2586950
20221121,10:23:38,18285.00,150,2586950
20221121,10:23:39,18283.25,2600,2586950
20221121,10:23:41,18285.00,300,2592500
20221121,10:23:42,18282.75,50,2592500
20221121,10:23:49,18282.00,1300,2592500
20221121,10:23:51,18283.00,900,2592500
20221121,10:23:52,18282.85,150,2592500
20221121,10:23:53,18283.00,600,2592500
20221121,10:23:54,18283.00,250,2592500
20221121,10:23:56,18284.45,300,2592500
20221121,10:23:57,18282.95,200,2592500
20221121,10:24:01,18283.90,50,2592500
20221121,10:24:01,18284.85,50,2592500
20221121,10:24:02,18283.95,50,2592500
20221121,10:24:03,18285.00,50,2592500
20221121,10:24:06,18283.00,50,2592500
20221121,10:24:10,18282.95,50,2592500
20221121,10:24:13,18283.00,50,2592500
20221121,10:24:14,18283.00,50,2592500
20221121,10:24:15,18284.25,250,2592500
20221121,10:24:17,18281.35,500,2592500
20221121,10:24:19,18283.00,700,2592500
20221121,10:24:20,18283.00,200,2592500
20221121,10:24:21,18282.90,50,2592500
20221121,10:24:23,18283.45,50,2592500
20221121,10:24:25,18281.30,200,2592500
20221121,10:24:27,18281.30,250,2592500
20221121,10:24:28,18281.05,100,2592500
20221121,10:24:29,18281.00,600,2592500
20221121,10:24:31,18281.05,750,2592500
20221121,10:24:32,18282.70,200,2592500
20221121,10:24:34,18281.10,150,2592500
20221121,10:24:36,18281.10,200,2592500
20221121,10:24:37,18281.35,50,2592500
20221121,10:24:37,18281.10,50,2592500
20221121,10:24:38,18281.15,100,2592500
20221121,10:24:39,18282.20,200,2592500
20221121,10:24:40,18281.05,100,2592500
20221121,10:24:45,18282.20,50,2592500
20221121,10:24:48,18283.35,200,2592500
20221121,10:24:50,18283.35,500,2592500
20221121,10:24:53,18281.75,50,2592500
20221121,10:24:57,18281.75,500,2592500
20221121,10:24:59,18281.15,500,2592500
20221121,10:25:02,18281.15,500,2592500
20221121,10:25:07,18281.15,500,2592500
20221121,10:25:12,18282.30,150,2592500
20221121,10:25:15,18281.15,50,2592500
20221121,10:25:16,18280.70,1000,2592500
20221121,10:25:17,18283.00,750,2592500
20221121,10:25:18,18283.10,500,2592500
20221121,10:25:19,18283.25,100,2592500
20221121,10:25:22,18283.25,200,2592500
20221121,10:25:23,18281.25,50,2592500
20221121,10:25:24,18282.75,100,2592500
20221121,10:25:27,18281.00,150,2592500
20221121,10:25:28,18280.40,600,2592500
20221121,10:25:30,18283.25,250,2592500
20221121,10:25:33,18283.25,50,2592500
20221121,10:25:35,18282.50,50,2592500
20221121,10:25:38,18282.15,500,2592500
20221121,10:25:40,18282.05,100,2592500
20221121,10:25:41,18283.50,150,2592500
20221121,10:25:42,18285.00,250,2592500
20221121,10:25:44,18283.25,100,2592500
20221121,10:25:45,18283.35,50,2592500
20221121,10:25:47,18283.35,500,2592500
20221121,10:25:52,18283.35,100,2592500
20221121,10:25:55,18282.00,1200,2592500
20221121,10:25:57,18283.50,150,2592500
20221121,10:26:05,18282.00,50,2592500
20221121,10:26:08,18283.50,50,2592500
20221121,10:26:16,18284.65,200,2592500
20221121,10:26:20,18283.60,50,2592500
20221121,10:26:24,18282.00,50,2592500
20221121,10:26:28,18283.90,150,2592500
20221121,10:26:35,18281.60,500,2592500
20221121,10:26:37,18281.70,100,2592500
20221121,10:26:51,18282.25,50,2600300
20221121,10:26:57,18285.80,500,2600300
20221121,10:27:11,18285.80,200,2600300
20221121,10:27:21,18286.20,50,2600300
20221121,10:27:29,18284.90,250,2600300
20221121,10:27:35,18286.05,100,2600300
20221121,10:27:41,18286.00,50,2600300
20221121,10:27:42,18286.10,50,2600300
20221121,10:27:45,18285.00,100,2600300
20221121,10:27:47,18286.10,50,2600300
20221121,10:27:51,18286.10,50,2600300
20221121,10:27:55,18286.00,50,2600300
20221121,10:27:56,18286.00,50,2600300
20221121,10:27:57,18286.00,50,2600300
20221121,10:28:05,18286.00,50,2600300
20221121,10:28:06,18286.00,50,2600300
20221121,10:28:07,18286.95,100,2600300
20221121,10:28:09,18286.65,50,2600300
20221121,10:28:15,18286.95,50,2600300
20221121,10:28:16,18286.95,50,2600300
20221121,10:28:21,18286.95,50,2600300
20221121,10:28:30,18286.95,50,2600300
20221121,10:28:43,18287.45,50,2600300
20221121,10:28:47,18288.00,100,2600300
20221121,10:28:50,18288.00,50,2600300
20221121,10:28:52,18288.00,500,2600300
20221121,10:28:52,18287.40,350,2600300
20221121,10:28:55,18288.60,100,2600300
20221121,10:29:02,18286.95,200,2600300
20221121,10:29:03,18286.90,100,2600300
20221121,10:29:05,18286.65,550,2600300
20221121,10:29:09,18286.65,500,2600300
20221121,10:29:12,18287.15,650,2600300
20221121,10:29:23,18285.45,50,2600300
20221121,10:29:32,18285.45,50,2600300
20221121,10:29:37,18285.45,1000,2600300
20221121,10:29:39,18285.45,750,2600300
20221121,10:29:44,18285.70,300,2604850
20221121,10:29:51,18285.00,150,2604850
20221121,10:29:59,18285.00,50,2604850
20221121,10:30:03,18287.70,100,2604850
20221121,10:30:04,18286.30,1650,2604850
20221121,10:30:08,18286.30,50,2604850
20221121,10:30:12,18286.30,50,2604850
20221121,10:30:18,18288.00,2300,2604850
20221121,10:30:19,18288.00,100,2604850
20221121,10:30:24,18285.05,200,2604850
20221121,10:30:26,18286.30,50,2604850
20221121,10:30:28,18287.20,50,2604850
20221121,10:30:39,18287.20,400,2604850
20221121,10:30:42,18287.95,200,2604850
20221121,10:30:47,18284.85,1100,2604850
20221121,10:30:54,18286.45,50,2604850
20221121,10:30:57,18288.00,50,2604850
20221121,10:31:00,18288.00,50,2604850
20221121,10:31:04,18286.15,150,2604850
20221121,10:31:16,18286.15,200,2604850
20221121,10:31:17,18286.15,500,2604850
20221121,10:31:19,18287.05,50,2604850
20221121,10:31:22,18288.00,250,2604850
20221121,10:31:24,18286.35,50,2604850
20221121,10:31:33,18286.35,300,2604850
20221121,10:31:36,18286.00,1000,2604850
20221121,10:31:37,18288.00,200,2604850
20221121,10:31:38,18288.00,500,2604850
20221121,10:31:39,18289.00,200,2604850
20221121,10:31:42,18289.95,50,2604850
20221121,10:31:43,18289.95,250,2604850
20221121,10:31:47,18287.45,1000,2604850
20221121,10:31:48,18288.50,100,2604850
20221121,10:31:50,18290.95,550,2604850
20221121,10:31:51,18290.95,50,2604850
20221121,10:31:57,18289.00,500,2604850
20221121,10:31:58,18287.85,1000,2604850
20221121,10:31:59,18292.40,600,2604850
20221121,10:32:00,18292.40,150,2604850
20221121,10:32:01,18292.30,50,2604850
20221121,10:32:02,18290.00,50,2604850
20221121,10:32:04,18292.25,300,2604850
20221121,10:32:05,18291.05,450,2604850
20221121,10:32:07,18291.05,50,2604850
20221121,10:32:16,18289.35,50,2604850
20221121,10:32:24,18289.55,50,2604850
20221121,10:32:27,18289.60,100,2604850
20221121,10:32:31,18287.25,500,2604850
20221121,10:32:33,18290.00,50,2604850
20221121,10:32:41,18290.00,50,2604850
20221121,10:32:47,18289.00,350,2613900
20221121,10:32:58,18288.80,50,2613900
20221121,10:33:02,18289.05,50,2613900
20221121,10:33:12,18291.55,100,2613900
20221121,10:33:13,18291.60,50,2613900
20221121,10:33:23,18291.60,100,2613900
20221121,10:33:24,18290.15,50,2613900
20221121,10:33:36,18292.05,50,2613900
20221121,10:33:37,18292.30,50,2613900
20221121,10:33:41,18292.05,50,2613900
20221121,10:33:43,18292.05,200,2613900
20221121,10:33:46,18290.10,50,2613900
20221121,10:33:53,18291.65,50,2613900
20221121,10:33:54,18291.00,50,2613900
20221121,10:33:56,18291.00,50,2613900
20221121,10:33:57,18291.00,50,2613900
20221121,10:33:59,18290.65,50,2613900
20221121,10:34:02,18290.45,50,2613900
20221121,10:34:04,18290.25,50,2613900
20221121,10:34:05,18290.55,550,2613900
20221121,10:34:08,18290.45,50,2613900
20221121,10:34:10,18290.85,50,2613900
20221121,10:34:12,18290.45,50,2613900
20221121,10:34:15,18290.45,50,2613900
20221121,10:34:16,18290.95,150,2613900
20221121,10:34:19,18291.05,50,2613900
20221121,10:34:19,18291.10,500,2613900
20221121,10:34:21,18290.05,100,2613900
20221121,10:34:23,18291.10,50,2613900
20221121,10:34:27,18291.10,200,2613900
20221121,10:34:30,18290.70,50,2613900
20221121,10:34:34,18290.30,50,2613900
20221121,10:34:35,18290.50,150,2613900
20221121,10:34:38,18290.00,150,2613900
20221121,10:34:39,18289.90,250,2613900
20221121,10:34:41,18289.00,50,2613900
20221121,10:34:45,18289.00,300,2613900
20221121,10:34:50,18288.00,50,2613900
20221121,10:34:56,18288.30,50,2613900
20221121,10:34:57,18288.35,50,2613900
20221121,10:35:00,18287.05,50,2613900
20221121,10:35:02,18285.15,100,2613900
20221121,10:35:06,18285.00,500,2613900
20221121,10:35:10,18285.00,300,2613900
20221121,10:35:11,18285.00,100,2613900
20221121,10:35:13,18285.00,50,2613900
20221121,10:35:13,18284.85,50,2613900
20221121,10:35:20,18282.75,500,2613900
20221121,10:35:25,18282.75,750,2613900
20221121,10:35:29,18285.50,100,2613900
20221121,10:35:38,18285.50,1000,2613900
20221121,10:35:39,18285.50,200,2613900
20221121,10:35:43,18283.25,50,2613900
20221121,10:35:47,18283.25,550,2619700
20221121,10:35:51,18282.90,100,2619700
20221121,10:35:53,18282.90,100,2619700
20221121,10:35:55,18285.40,50,2619700
20221121,10:35:59,18283.85,150,2619700
20221121,10:36:01,18285.00,50,2619700
20221121,10:36:04,18284.35,100,2619700
20221121,10:36:07,18284.10,50,2619700
20221121,10:36:13,18284.10,300,2619700
20221121,10:36:23,18284.10,350,2619700
20221121,10:36:27,18285.10,200,2619700
20221121,10:36:30,18285.10,300,2619700
20221121,10:36:32,18285.00,100,2619700
20221121,10:36:36,18284.50,400,2619700
20221121,10:36:37,18284.10,50,2619700
20221121,10:36:38,18282.00,100,2619700
20221121,10:36:40,18281.95,800,2619700
20221121,10:36:42,18283.20,400,2619700
20221121,10:36:47,18283.20,300,2619700
20221121,10:36:48,18284.40,50,2619700
20221121,10:36:50,18283.20,150,2619700
20221121,10:36:51,18284.35,300,2619700
20221121,10:36:59,18283.60,100,2619700
20221121,10:37:00,18284.50,50,2619700
20221121,10:37:10,18284.50,50,2619700
