20221103,09:15:03,41356.00,1,25825
20221103,09:15:03,41356.00,25,25825
20221103,09:15:04,41339.70,25,25825
20221103,09:15:07,41339.70,25,25825
20221103,09:15:09,41417.45,25,25825
20221103,09:15:10,41427.00,150,25825
20221103,09:15:12,41432.00,125,25825
20221103,09:15:18,41418.70,25,25825
20221103,09:15:21,41443.15,25,25825
20221103,09:15:22,41443.15,50,25825
20221103,09:15:27,41417.45,50,25825
20221103,09:15:32,41404.05,25,25825
20221103,09:15:33,41421.80,50,25825
20221103,09:15:37,41419.20,25,25825
20221103,09:15:38,41430.00,25,25825
20221103,09:15:41,41431.55,25,25825
20221103,09:15:45,41435.70,50,25825
20221103,09:15:59,41437.15,50,25825
20221103,09:16:01,41430.00,50,25825
20221103,09:16:04,41407.70,25,25825
20221103,09:16:07,41429.95,50,25825
20221103,09:16:14,41423.30,25,25825
20221103,09:16:15,41423.30,75,25825
20221103,09:16:22,41420.00,50,25825
20221103,09:16:27,41420.00,25,25825
20221103,09:16:31,41420.00,25,25825
20221103,09:16:54,41450.00,25,25825
20221103,09:17:09,41469.30,25,25825
20221103,09:17:17,41469.30,25,25825
20221103,09:17:20,41472.65,25,25825
20221103,09:17:25,41476.80,50,25825
20221103,09:17:27,41476.20,25,25825
20221103,09:17:33,41467.70,25,25825
20221103,09:17:37,41470.25,25,25825
20221103,09:17:45,41454.70,25,25825
20221103,09:17:48,41450.00,75,25825
20221103,09:18:06,41442.20,25,25825
20221103,09:18:14,41453.40,25,25825
20221103,09:18:24,41469.95,125,25825
20221103,09:18:25,41470.25,25,25825
20221103,09:18:35,41488.30,25,25825
20221103,09:18:37,41500.00,25,25825
20221103,09:18:38,41500.00,25,25825
20221103,09:18:48,41500.00,25,25825
20221103,09:18:52,41500.00,25,25825
20221103,09:19:01,41490.10,50,25825
20221103,09:19:11,41490.75,25,25825
20221103,09:19:16,41497.00,25,25825
20221103,09:19:19,41490.05,25,25825
20221103,09:19:24,41490.00,25,25825
20221103,09:19:32,41490.00,50,25825
20221103,09:19:44,41489.70,25,25825
20221103,09:20:02,41486.95,25,25825
20221103,09:20:10,41490.00,50,25825
20221103,09:20:18,41500.00,50,25825
20221103,09:20:30,41500.00,400,26150
20221103,09:20:53,41465.55,25,26150
20221103,09:21:26,41476.80,25,26150
20221103,09:21:34,41494.45,25,26150
20221103,09:21:39,41494.75,75,26150
20221103,09:21:46,41485.05,25,26150
20221103,09:21:54,41478.00,25,26150
20221103,09:22:05,41500.00,50,26150
20221103,09:22:11,41494.20,25,26150
20221103,09:22:23,41500.00,25,26150
20221103,09:22:28,41500.00,25,26150
20221103,09:22:30,41480.45,25,26150
20221103,09:22:35,41484.75,25,26150
20221103,09:22:40,41493.40,25,26150
20221103,09:22:43,41471.95,50,26150
20221103,09:23:33,41471.95,50,26125
20221103,09:23:49,41474.85,25,26125
20221103,09:24:02,41480.00,25,26125
20221103,09:24:07,41496.00,125,26125
20221103,09:24:25,41495.95,25,26125
20221103,09:24:48,41493.65,25,26125
20221103,09:24:56,41496.00,25,26125
20221103,09:25:03,41495.00,50,26125
20221103,09:25:11,41495.00,225,26125
20221103,09:25:38,41495.00,225,26125
20221103,09:25:48,41495.00,125,26125
20221103,09:26:25,41495.00,25,26075
20221103,09:26:40,41499.00,25,26075
20221103,09:26:56,41520.00,50,26075
20221103,09:27:18,41525.95,50,26075
20221103,09:27:41,41525.95,25,26075
20221103,09:27:48,41518.40,25,26075
20221103,09:28:04,41529.25,25,26075
20221103,09:28:11,41535.65,25,26075
20221103,09:28:18,41535.65,25,26075
20221103,09:28:26,41530.05,25,26075
20221103,09:28:33,41535.00,50,26075
20221103,09:28:51,41529.25,25,26075
20221103,09:28:53,41531.90,25,26075
20221103,09:29:12,41534.25,25,26075
20221103,09:29:51,41538.00,25,26075
20221103,09:29:52,41540.00,50,26175
20221103,09:30:04,41550.00,75,26175
20221103,09:30:23,41570.00,25,26175
20221103,09:30:26,41575.00,25,26175
20221103,09:30:39,41596.60,50,26175
20221103,09:30:51,41599.00,125,26175
20221103,09:30:53,41600.00,25,26175
20221103,09:30:54,41600.00,25,26175
20221103,09:30:58,41600.00,50,26175
20221103,09:31:04,41630.75,25,26175
20221103,09:31:18,41630.75,25,26175
20221103,09:31:33,41630.00,25,26175
20221103,09:31:38,41626.10,25,26175
20221103,09:31:49,41649.95,50,26175
20221103,09:31:54,41656.00,25,26175
20221103,09:31:56,41670.00,25,26175
20221103,09:31:58,41675.00,25,26175
20221103,09:32:01,41680.00,25,26175
20221103,09:32:08,41700.00,75,26175
20221103,09:32:09,41705.00,100,26175
20221103,09:32:13,41710.00,75,26175
20221103,09:32:14,41720.00,25,26175
20221103,09:32:21,41720.00,200,26175
20221103,09:32:28,41680.00,50,25875
20221103,09:32:35,41675.00,25,25875
20221103,09:32:50,41697.30,25,25875
20221103,09:32:51,41697.45,25,25875
20221103,09:32:58,41699.95,25,25875
20221103,09:33:01,41702.00,50,25875
20221103,09:33:03,41700.00,25,25875
20221103,09:33:11,41704.55,25,25875
20221103,09:33:33,41704.25,25,25875
20221103,09:33:36,41704.25,25,25875
20221103,09:33:38,41700.00,25,25875
20221103,09:33:59,41680.00,25,25875
20221103,09:34:48,41676.75,25,25875
20221103,09:35:09,41700.00,75,25875
20221103,09:35:13,41697.35,50,25875
20221103,09:35:21,41720.00,50,25875
20221103,09:35:33,41730.00,50,25875
20221103,09:35:46,41730.00,25,25925
20221103,09:35:59,41730.00,50,25925
20221103,09:36:06,41738.75,25,25925
20221103,09:36:14,41748.85,50,25925
20221103,09:36:49,41700.05,25,25925
20221103,09:36:51,41700.00,50,25925
20221103,09:36:58,41700.00,25,25925
20221103,09:37:34,41680.60,25,25925
20221103,09:37:58,41680.60,575,25925
20221103,09:37:59,41680.60,425,25925
20221103,09:40:15,41650.00,50,25175
20221103,09:40:16,41650.00,50,25175
20221103,09:40:18,41635.50,25,25175
20221103,09:40:26,41637.60,75,25175
20221103,09:40:30,41639.15,25,25175
20221103,09:40:40,41642.95,25,25175
20221103,09:41:32,41650.00,25,25100
20221103,09:41:58,41650.00,25,25100
20221103,09:42:32,41637.00,25,25100
20221103,09:43:00,41640.00,25,25100
20221103,09:43:11,41640.00,50,25100
20221103,09:43:16,41650.00,25,25100
20221103,09:44:32,41649.85,125,25100
20221103,09:44:35,41650.00,325,25125
20221103,09:44:40,41680.60,25,25125
20221103,09:44:45,41700.00,50,25125
20221103,09:44:47,41700.00,50,25125
20221103,09:44:48,41700.00,50,25125
20221103,09:44:50,41705.00,75,25125
20221103,09:45:06,41735.65,200,25125
20221103,09:45:13,41750.00,275,25125
20221103,09:45:20,41756.90,25,25125
20221103,09:45:30,41760.20,25,25125
20221103,09:46:46,41760.20,25,25125
20221103,09:47:05,41700.20,25,25125
20221103,09:48:28,41660.00,25,24400
20221103,09:48:38,41666.65,25,24400
20221103,09:50:32,41659.10,25,24400
20221103,09:50:52,41670.00,50,24400
20221103,09:53:48,41681.95,25,24425
20221103,09:54:20,41700.00,25,24425
20221103,09:54:45,41698.05,50,24425
20221103,09:57:34,41700.00,25,24425
20221103,09:58:29,41690.00,75,24425
20221103,09:58:39,41692.95,25,24425
20221103,09:58:42,41692.95,25,24425
20221103,09:58:46,41693.00,25,24425
20221103,10:00:03,41700.45,25,24375
20221103,10:00:23,41704.00,25,24375
20221103,10:01:06,41704.00,25,24375
20221103,10:01:42,41700.00,25,24375
20221103,10:02:06,41690.00,25,24375
20221103,10:02:08,41685.00,25,24375
20221103,10:02:26,41682.00,25,24375
20221103,10:02:36,41674.25,25,24325
20221103,10:07:24,41678.80,50,24300
20221103,10:08:11,41675.55,25,24300
20221103,10:08:40,41656.60,25,24375
20221103,10:10:10,41750.00,325,24375
20221103,10:10:12,41760.00,275,24375
20221103,10:10:19,41774.90,100,24375
20221103,10:11:19,41774.90,25,24375
20221103,10:11:57,41749.10,25,23850
20221103,10:12:23,41752.15,75,23850
20221103,10:12:26,41753.55,25,23850
20221103,10:12:44,41751.15,25,23850
20221103,10:13:15,41751.15,75,23850
20221103,10:13:17,41751.15,25,23850
20221103,10:13:23,41755.05,25,23850
20221103,10:14:09,41775.00,100,23850
20221103,10:14:24,41786.55,25,23850
20221103,10:14:26,41789.80,25,23850
20221103,10:14:31,41790.10,25,23850
20221103,10:14:52,41799.00,75,23700
20221103,10:14:54,41800.00,50,23700
20221103,10:14:56,41800.00,100,23700
20221103,10:14:58,41805.70,25,23700
20221103,10:15:01,41824.50,50,23700
20221103,10:15:08,41825.00,25,23700
20221103,10:15:11,41825.00,25,23700
20221103,10:15:13,41824.50,25,23700
20221103,10:15:36,41824.50,25,23700
20221103,10:15:41,41832.85,50,23700
20221103,10:15:44,41832.85,25,23700
20221103,10:15:46,41826.85,25,23700
20221103,10:15:56,41824.50,25,23700
20221103,10:16:15,41825.05,25,23700
20221103,10:16:23,41825.00,25,23700
20221103,10:16:38,41817.95,25,23700
20221103,10:17:15,41800.00,25,23700
20221103,10:17:17,41800.00,25,23700
20221103,10:17:39,41810.00,25,23625
20221103,10:17:42,41810.00,250,23625
20221103,10:17:54,41815.00,25,23625
20221103,10:17:56,41802.30,500,23625
20221103,10:18:27,41808.30,200,23625
20221103,10:18:29,41820.00,50,23625
20221103,10:18:37,41820.00,50,23625
20221103,10:18:49,41820.00,25,23625
20221103,10:18:58,41820.00,25,23625
20221103,10:20:14,41820.00,75,23625
20221103,10:20:36,41820.00,25,22950
20221103,10:20:57,41792.75,50,22950
20221103,10:21:07,41780.00,25,22950
20221103,10:22:00,41770.00,25,22950
20221103,10:22:05,41780.50,25,22950
20221103,10:24:13,41793.95,100,22950
20221103,10:24:17,41795.70,25,22950
20221103,10:24:38,41800.00,25,22950
20221103,10:24:47,41797.85,25,22950
20221103,10:25:40,41800.00,25,22950
20221103,10:25:41,41797.85,125,22950
20221103,10:26:59,41820.00,250,23025
20221103,10:27:00,41825.00,350,23025
20221103,10:27:02,41830.00,25,23025
20221103,10:27:40,41837.90,25,23025
20221103,10:27:44,41845.00,25,23025
20221103,10:27:59,41850.00,75,23025
20221103,10:28:00,41850.00,25,23025
20221103,10:28:14,41853.85,25,23025
20221103,10:28:29,41853.85,50,23025
20221103,10:28:35,41830.00,900,23025
20221103,10:28:57,41830.00,75,23025
20221103,10:29:07,41830.10,25,23025
20221103,10:29:09,41824.10,100,23025
20221103,10:29:56,41828.05,25,23025
20221103,10:30:51,41818.80,25,22750
20221103,10:31:50,41820.00,25,22750
20221103,10:31:52,41820.00,25,22750
20221103,10:32:27,41801.80,25,22750
20221103,10:33:08,41811.80,25,22750
20221103,10:33:18,41811.80,25,22750
20221103,10:33:32,41811.80,50,22750
20221103,10:33:47,41820.00,25,22750
20221103,10:34:53,41800.00,25,22750
20221103,10:35:17,41798.05,25,22750
20221103,10:36:22,41798.05,250,22800
20221103,10:36:23,41796.15,25,22800
20221103,10:37:09,41811.00,25,22800
20221103,10:39:59,41815.80,25,22525
20221103,10:40:21,41815.80,25,22525
20221103,10:40:24,41825.90,25,22525
20221103,10:43:02,41800.00,25,22475
20221103,10:43:28,41795.00,25,22475
20221103,10:43:41,41810.00,150,22475
20221103,10:45:33,41780.05,50,22450
20221103,10:45:48,41780.00,25,22450
20221103,10:48:08,41778.55,50,22475
20221103,10:49:23,41805.20,25,22475
20221103,10:51:06,41805.20,25,22450
20221103,10:56:14,41795.45,25,22450
20221103,10:56:50,41795.45,50,22450
20221103,10:59:13,41793.15,25,22425
20221103,10:59:43,41792.65,25,22425
20221103,11:00:03,41790.70,25,22425
20221103,11:00:04,41789.00,25,22425
20221103,11:00:09,41789.70,25,22425
20221103,11:00:54,41775.00,25,22425
20221103,11:00:56,41770.00,25,22425
20221103,11:01:20,41767.05,25,22425
20221103,11:02:04,41750.00,25,22425
20221103,11:02:07,41745.00,200,22425
20221103,11:02:21,41745.00,25,22425
20221103,11:02:26,41760.80,50,22425
20221103,11:03:26,41748.00,25,22325
20221103,11:03:32,41741.05,100,22325
20221103,11:03:36,41744.30,25,22325
20221103,11:04:38,41750.20,50,22325
20221103,11:06:18,41765.65,25,22400
20221103,11:12:05,41753.00,50,22375
20221103,11:12:15,41762.45,25,22375
20221103,11:13:31,41800.00,25,22375
20221103,11:13:43,41820.00,25,22375
20221103,11:13:44,41820.00,25,22375
20221103,11:13:59,41816.85,25,22375
20221103,11:14:32,41826.00,50,22375
20221103,11:14:34,41830.50,25,22375
20221103,11:14:36,41838.25,25,22375
20221103,11:14:37,41836.90,25,22375
20221103,11:15:12,41840.00,25,22450
20221103,11:15:14,41844.10,25,22450
20221103,11:15:16,41845.00,25,22450
20221103,11:15:17,41855.00,350,22450
20221103,11:15:49,41868.15,50,22450
20221103,11:16:14,41860.00,25,22450
20221103,11:17:01,41858.15,50,22450
20221103,11:17:03,41860.00,25,22450
20221103,11:17:17,41860.35,50,22450
20221103,11:17:22,41865.00,25,22450
20221103,11:17:24,41865.00,25,22450
20221103,11:17:27,41865.00,50,22450
20221103,11:17:34,41861.25,25,22450
20221103,11:17:47,41865.00,25,22700
20221103,11:18:08,41860.00,50,22700
20221103,11:19:17,41850.00,25,22700
20221103,11:19:48,41850.15,25,22700
20221103,11:19:53,41855.00,25,22700
20221103,11:20:11,41860.00,25,22700
20221103,11:20:12,41860.00,25,22700
20221103,11:20:14,41862.00,50,22700
20221103,11:20:34,41845.25,25,22700
20221103,11:21:07,41847.25,50,22675
20221103,11:21:14,41859.05,125,22675
20221103,11:21:20,41854.65,25,22675
20221103,11:21:35,41866.95,225,22675
20221103,11:21:42,41874.95,25,22675
20221103,11:21:43,41880.00,50,22675
20221103,11:21:55,41880.00,25,22675
20221103,11:22:01,41885.00,200,22675
20221103,11:22:05,41899.00,150,22675
20221103,11:22:06,41900.00,200,22675
20221103,11:22:26,41900.00,25,22675
20221103,11:23:18,41873.55,125,22675
20221103,11:25:41,41875.00,25,22875
20221103,11:26:23,41850.20,25,22875
20221103,11:26:33,41850.20,25,22875
20221103,11:27:08,41850.20,50,22900
20221103,11:27:13,41855.00,25,22900
20221103,11:28:17,41851.65,25,22900
20221103,11:28:21,41850.00,25,22900
20221103,11:30:11,41850.00,25,22925
20221103,11:31:05,41835.00,25,22925
20221103,11:32:16,41835.60,25,22925
20221103,11:32:28,41842.95,25,22925
20221103,11:32:48,41846.30,25,22975
20221103,11:33:22,41841.15,25,22975
20221103,11:34:51,41830.00,25,22975
20221103,11:36:30,41807.00,25,22925
20221103,11:36:50,41805.70,25,22925
20221103,11:37:12,41810.00,25,22925
20221103,11:38:07,41813.95,25,22925
20221103,11:38:51,41807.20,25,22925
20221103,11:39:57,41807.00,175,22925
20221103,11:40:12,41800.00,50,22925
20221103,11:41:14,41780.00,25,22925
20221103,11:41:52,41770.85,25,22775
20221103,11:42:00,41760.00,25,22775
20221103,11:42:30,41750.00,25,22775
20221103,11:43:09,41760.00,25,22775
20221103,11:43:11,41766.45,25,22775
20221103,11:43:24,41760.00,25,22775
20221103,11:44:51,41760.00,75,22725
20221103,11:44:57,41753.25,25,22725
20221103,11:45:19,41735.00,50,22725
20221103,11:45:48,41740.00,25,22725
20221103,11:46:12,41740.00,150,22725
20221103,11:46:16,41749.00,25,22725
20221103,11:46:51,41759.05,25,22725
20221103,11:48:27,41756.45,25,22750
20221103,11:49:23,41750.00,125,22750
20221103,11:50:02,41750.00,25,22750
20221103,11:50:55,41745.00,25,22850
20221103,11:51:38,41746.00,25,22850
20221103,11:53:03,41740.00,25,22850
20221103,11:53:08,41740.00,25,22850
20221103,11:53:26,41754.95,25,22850
20221103,11:54:29,41747.80,300,22800
20221103,11:54:42,41740.00,25,22800
20221103,11:55:01,41725.00,50,22800
20221103,11:55:02,41720.00,25,22800
20221103,11:55:44,41721.85,400,22800
20221103,11:57:50,41750.00,25,23250
20221103,11:58:10,41750.00,25,23250
20221103,11:58:24,41748.40,100,23250
20221103,12:00:17,41760.00,25,23325
20221103,12:00:42,41765.00,25,23325
20221103,12:01:18,41760.00,25,23325
20221103,12:04:30,41780.00,25,23325
20221103,12:05:21,41770.90,25,23325
20221103,12:06:18,41761.55,25,23350
20221103,12:08:18,41761.55,25,23350
20221103,12:08:56,41748.40,50,23350
20221103,12:12:51,41753.00,25,23350
20221103,12:20:13,41721.85,75,23325
20221103,12:20:16,41723.00,25,23325
20221103,12:20:33,41720.75,25,23325
20221103,12:21:15,41725.10,50,23325
20221103,12:23:16,41740.00,25,23325
20221103,12:23:58,41742.65,25,23350
20221103,12:26:18,41717.15,25,23350
20221103,12:26:43,41721.90,25,23350
20221103,12:26:53,41715.00,25,23350
20221103,12:28:31,41760.00,25,23350
20221103,12:33:30,41720.70,25,23325
20221103,12:33:53,41725.00,25,23325
20221103,12:33:54,41725.00,75,23325
20221103,12:34:57,41725.70,25,23325
20221103,12:35:25,41709.00,25,23325
20221103,12:35:39,41713.55,25,23325
20221103,12:35:55,41708.15,25,23325
20221103,12:36:54,41714.95,25,23325
20221103,12:38:05,41710.00,25,23325
20221103,12:38:06,41708.05,50,23325
20221103,12:39:05,41708.05,50,23275
20221103,12:39:10,41707.05,25,23275
20221103,12:41:10,41720.00,25,23275
20221103,12:41:49,41739.15,650,23275
20221103,12:42:38,41731.20,25,22700
20221103,12:43:45,41725.00,25,22700
20221103,12:44:57,41719.85,25,22700
20221103,12:46:01,41730.50,25,22700
20221103,12:46:32,41734.00,25,22700
20221103,12:46:59,41729.10,25,22700
20221103,12:50:42,41733.55,25,22700
20221103,12:50:46,41733.45,25,22700
20221103,12:53:09,41705.00,25,22700
20221103,12:54:46,41700.00,75,22700
20221103,12:54:47,41699.00,100,22700
20221103,12:54:49,41699.00,25,22700
20221103,12:55:55,41690.05,25,22700
20221103,12:56:01,41695.85,25,22700
20221103,12:57:23,41692.00,25,22725
20221103,12:57:54,41699.00,25,22725
20221103,12:59:18,41699.00,25,22725
20221103,12:59:29,41699.00,25,22725
20221103,13:03:15,41700.00,75,22700
20221103,13:03:17,41699.00,50,22700
20221103,13:03:18,41695.00,25,22700
20221103,13:03:39,41690.00,25,22700
20221103,13:03:47,41690.00,25,22700
20221103,13:03:54,41690.05,25,22700
20221103,13:04:19,41692.15,25,22700
20221103,13:04:23,41693.45,25,22700
20221103,13:05:45,41695.00,25,22700
20221103,13:06:57,41695.20,100,22800
20221103,13:07:36,41695.00,50,22800
20221103,13:09:21,41720.00,25,22925
20221103,13:09:22,41725.00,25,22925
20221103,13:09:27,41730.00,25,22925
20221103,13:09:34,41747.60,25,22925
20221103,13:11:20,41750.00,25,22925
20221103,13:11:25,41751.90,25,22925
20221103,13:12:21,41783.95,25,22950
20221103,13:12:46,41778.60,25,22950
20221103,13:13:01,41784.00,50,22950
20221103,13:13:11,41790.00,50,22950
20221103,13:13:33,41790.00,50,22950
20221103,13:15:04,41795.00,25,22975
20221103,13:15:09,41799.05,25,22975
20221103,13:15:24,41800.00,100,22975
20221103,13:15:41,41803.00,25,22975
20221103,13:16:53,41792.90,25,22975
20221103,13:18:10,41774.95,25,23000
20221103,13:19:40,41774.00,25,23000
20221103,13:19:53,41782.00,25,23000
20221103,13:20:07,41805.00,100,23000
20221103,13:20:47,41816.70,25,23000
20221103,13:21:25,41815.00,25,22975
20221103,13:21:55,41815.90,25,22975
20221103,13:23:34,41781.90,25,22975
20221103,13:25:04,41808.00,25,22975
20221103,13:25:57,41808.00,50,22975
20221103,13:26:04,41808.00,50,22975
20221103,13:26:07,41815.95,50,22975
20221103,13:26:39,41810.95,25,22975
20221103,13:27:09,41823.45,50,22975
20221103,13:27:29,41827.00,25,22975
20221103,13:27:44,41820.00,25,22975
20221103,13:30:31,41786.30,25,23025
20221103,13:31:57,41785.00,50,23025
20221103,13:32:08,41779.20,25,23025
20221103,13:32:48,41779.20,25,23025
20221103,13:33:44,41785.00,25,23100
20221103,13:33:54,41795.00,25,23100
20221103,13:34:02,41800.00,25,23100
20221103,13:36:44,41812.25,25,23150
20221103,13:37:04,41820.00,50,23150
20221103,13:38:36,41825.00,25,23150
20221103,13:39:14,41825.00,25,23175
20221103,13:39:21,41830.00,300,23175
20221103,13:39:24,41835.00,50,23175
20221103,13:39:34,41850.00,125,23175
20221103,13:41:38,41861.25,25,23175
20221103,13:42:25,41861.25,25,23350
20221103,13:43:41,41861.25,25,23350
20221103,13:43:47,41863.65,25,23350
20221103,13:44:02,41863.00,50,23350
20221103,13:44:22,41860.00,25,23350
20221103,13:44:43,41852.95,25,23350
20221103,13:47:38,41828.00,25,23425
20221103,13:48:02,41827.00,25,23400
20221103,13:48:53,41825.30,25,23400
20221103,13:50:02,41817.75,25,23400
20221103,13:51:18,41807.00,50,23375
20221103,13:51:19,41812.60,25,23375
20221103,13:51:35,41800.50,100,23375
20221103,13:54:30,41800.05,25,23375
20221103,13:55:18,41800.00,25,23375
20221103,13:55:45,41790.45,25,23375
20221103,13:56:14,41778.95,25,23375
20221103,13:56:49,41760.00,25,23375
20221103,13:58:40,41750.00,25,23375
20221103,13:59:11,41758.00,50,23375
20221103,13:59:31,41760.00,25,23375
20221103,14:00:11,41760.00,25,23400
20221103,14:06:55,41799.95,25,23375
20221103,14:07:29,41800.00,75,23375
20221103,14:07:35,41810.95,25,23375
20221103,14:07:43,41820.00,25,23375
20221103,14:10:25,41781.70,25,23500
20221103,14:12:30,41800.90,25,23500
20221103,14:14:59,41780.00,125,23500
20221103,14:15:04,41780.00,25,23500
20221103,14:16:24,41780.00,25,23600
20221103,14:16:57,41765.00,25,23600
20221103,14:18:23,41756.50,25,23600
20221103,14:19:14,41750.00,25,23600
20221103,14:19:20,41745.00,25,23600
20221103,14:19:40,41741.10,25,23600
20221103,14:19:56,41745.00,25,23600
20221103,14:20:08,41745.00,25,23600
20221103,14:20:33,41747.50,100,23600
20221103,14:21:48,41750.00,25,23625
20221103,14:23:19,41759.00,25,23625
20221103,14:23:33,41761.75,25,23625
20221103,14:24:04,41745.00,50,23625
20221103,14:24:13,41740.00,25,23550
20221103,14:24:19,41735.00,25,23550
20221103,14:24:24,41731.25,25,23550
20221103,14:24:31,41736.95,25,23550
20221103,14:24:36,41742.90,25,23550
20221103,14:25:24,41725.25,25,23550
20221103,14:25:46,41756.15,25,23550
20221103,14:25:52,41750.30,25,23550
20221103,14:25:56,41734.40,25,23550
20221103,14:31:52,41794.30,25,23525
20221103,14:31:54,41794.30,25,23525
20221103,14:32:41,41789.75,25,23525
20221103,14:33:37,41795.00,50,23550
20221103,14:33:48,41800.00,25,23550
20221103,14:33:50,41801.00,25,23550
20221103,14:33:52,41810.00,25,23550
20221103,14:34:00,41809.15,25,23550
20221103,14:34:06,41810.25,25,23550
20221103,14:34:43,41788.00,25,23550
20221103,14:35:15,41780.25,25,23550
20221103,14:37:55,41790.05,25,23650
20221103,14:38:17,41790.00,275,23650
20221103,14:38:19,41790.00,125,23650
20221103,14:39:06,41792.30,25,23650
20221103,14:40:23,41790.00,25,23750
20221103,14:40:51,41805.00,25,23750
20221103,14:42:18,41795.00,25,23750
20221103,14:43:23,41785.00,25,23750
20221103,14:43:35,41785.00,25,23750
20221103,14:44:07,41785.00,150,23750
20221103,14:48:01,41761.20,25,23975
20221103,14:49:19,41765.55,100,23975
20221103,14:49:27,41777.50,75,23975
20221103,14:49:40,41792.05,75,23975
20221103,14:49:50,41800.00,25,23975
20221103,14:50:00,41813.25,75,23975
20221103,14:50:25,41798.40,75,23975
20221103,14:51:06,41804.80,75,23975
20221103,14:56:30,41789.80,25,24200
20221103,14:56:33,41790.00,25,24200
20221103,14:56:43,41790.00,25,24200
20221103,14:58:24,41790.00,25,24200
20221103,15:00:12,41820.00,25,24200
20221103,15:00:15,41825.95,50,24200
20221103,15:00:22,41830.00,25,24175
20221103,15:01:16,41825.00,25,24175
20221103,15:04:09,41788.00,25,24175
20221103,15:04:23,41780.00,25,24175
20221103,15:04:29,41774.00,25,24175
20221103,15:04:58,41780.00,25,24175
20221103,15:05:19,41775.00,125,24175
20221103,15:06:58,41783.75,25,24275
20221103,15:07:11,41788.55,25,24275
20221103,15:07:59,41800.00,50,24275
20221103,15:08:22,41796.95,25,24275
20221103,15:08:29,41800.00,400,24275
20221103,15:09:32,41794.90,25,24275
20221103,15:09:53,41795.00,100,24725
20221103,15:11:09,41795.00,25,24725
20221103,15:12:44,41795.00,25,24725
20221103,15:13:53,41795.00,25,24725
20221103,15:14:11,41785.00,25,24725
20221103,15:14:14,41780.00,25,24725
20221103,15:14:22,41772.90,25,24725
20221103,15:14:25,41772.85,150,24725
20221103,15:14:43,41765.35,25,24725
20221103,15:14:52,41760.00,25,24725
20221103,15:15:02,41760.05,100,24725
20221103,15:15:04,41760.05,25,24725
20221103,15:15:07,41760.00,450,24725
20221103,15:15:40,41757.05,100,25150
20221103,15:16:13,41755.95,50,25150
20221103,15:16:29,41750.00,25,25150
20221103,15:16:33,41750.00,50,25150
20221103,15:17:31,41755.95,50,25150
20221103,15:17:34,41760.00,25,25150
20221103,15:17:59,41782.40,150,25150
20221103,15:18:44,41770.00,25,25325
20221103,15:19:29,41770.00,25,25325
20221103,15:20:07,41765.65,25,25325
20221103,15:21:22,41774.95,25,25325
20221103,15:22:07,41770.00,25,25325
20221103,15:22:38,41765.00,25,25325
20221103,15:24:42,41775.00,25,25350
20221103,15:25:20,41773.35,25,25350
20221103,15:25:28,41784.50,25,25350
20221103,15:25:41,41789.10,25,25350
20221103,15:26:27,41791.20,25,25350
20221103,15:26:39,41790.30,25,25350
20221103,15:27:31,41781.85,25,25400
20221103,15:27:43,41784.70,50,25400
20221103,15:27:50,41783.05,25,25400
20221103,15:28:59,41787.90,25,25400
20221103,15:29:09,41785.85,25,25400
20221103,15:29:16,41784.65,25,25400
20221103,15:29:17,41785.85,250,25400
20221103,15:29:21,41785.85,75,25400
20221103,15:29:26,41787.10,50,25400
20221103,15:29:39,41787.00,25,25400
20221103,15:29:47,41780.00,25,25400
20221103,15:29:49,41776.00,25,25400
