20221103,09:15:03,41199.95,1,266850
20221103,09:15:03,41199.95,50,266850
20221103,09:15:04,41200.00,450,266850
20221103,09:15:06,41178.45,175,266850
20221103,09:15:07,41247.00,175,266850
20221103,09:15:08,41250.00,150,266850
20221103,09:15:10,41257.20,125,266850
20221103,09:15:11,41263.00,25,266850
20221103,09:15:13,41298.30,50,266850
20221103,09:15:14,41300.75,50,266850
20221103,09:15:16,41305.05,50,266850
20221103,09:15:17,41287.40,100,266850
20221103,09:15:19,41267.65,250,266850
20221103,09:15:20,41246.35,50,266850
20221103,09:15:24,41271.60,425,266850
20221103,09:15:25,41269.90,50,266850
20221103,09:15:28,41257.20,75,266850
20221103,09:15:30,41260.00,125,266850
20221103,09:15:32,41260.00,50,266850
20221103,09:15:35,41271.55,75,266850
20221103,09:15:38,41282.50,25,266850
20221103,09:15:40,41285.45,50,266850
20221103,09:15:41,41281.70,75,266850
20221103,09:15:44,41297.95,25,266850
20221103,09:15:46,41285.45,75,266850
20221103,09:15:48,41271.60,50,266850
20221103,09:15:49,41272.85,25,266850
20221103,09:15:53,41273.45,700,266850
20221103,09:15:54,41275.05,100,266850
20221103,09:15:56,41283.70,25,266850
20221103,09:15:59,41276.40,50,266850
20221103,09:16:01,41275.00,125,266850
20221103,09:16:02,41260.05,150,266850
20221103,09:16:07,41265.75,75,266850
20221103,09:16:09,41276.40,25,266850
20221103,09:16:10,41271.60,50,266850
20221103,09:16:14,41272.00,25,266850
20221103,09:16:15,41278.35,25,266850
20221103,09:16:17,41267.95,75,266850
20221103,09:16:20,41264.55,150,266850
20221103,09:16:23,41260.00,275,266850
20221103,09:16:25,41270.00,300,266850
20221103,09:16:26,41271.60,250,266850
20221103,09:16:28,41266.10,25,266850
20221103,09:16:30,41271.60,150,266850
20221103,09:16:31,41271.60,50,266850
20221103,09:16:36,41271.60,25,266850
20221103,09:16:38,41275.00,75,266850
20221103,09:16:39,41273.15,175,266850
20221103,09:16:41,41276.00,25,266850
20221103,09:16:43,41278.80,200,266850
20221103,09:16:44,41276.05,25,266850
20221103,09:16:46,41276.75,25,266850
20221103,09:16:47,41291.00,100,266850
20221103,09:16:51,41290.15,25,266850
20221103,09:16:52,41295.95,350,266850
20221103,09:16:54,41291.00,25,266850
20221103,09:16:57,41292.35,50,266850
20221103,09:16:59,41292.10,25,266850
20221103,09:17:00,41299.00,25,266850
20221103,09:17:04,41300.00,225,266850
20221103,09:17:06,41304.95,50,266850
20221103,09:17:07,41305.00,50,266850
20221103,09:17:09,41310.00,50,266850
20221103,09:17:10,41316.15,25,266850
20221103,09:17:14,41316.15,125,266850
20221103,09:17:17,41316.00,25,266850
20221103,09:17:20,41313.25,200,266850
20221103,09:17:23,41327.70,50,266850
20221103,09:17:25,41322.60,25,266850
20221103,09:17:28,41329.10,300,266850
20221103,09:17:30,41317.20,50,266850
20221103,09:17:32,41314.80,50,266850
20221103,09:17:33,41307.45,175,266850
20221103,09:17:38,41313.10,50,266850
20221103,09:17:41,41302.75,125,266850
20221103,09:17:43,41293.25,125,266850
20221103,09:17:44,41308.50,125,267725
20221103,09:17:46,41302.50,75,267725
20221103,09:17:48,41293.25,75,267725
20221103,09:17:54,41276.00,925,267725
20221103,09:17:58,41281.00,25,267725
20221103,09:18:07,41285.35,25,267725
20221103,09:18:09,41282.70,75,267725
20221103,09:18:11,41300.00,50,267725
20221103,09:18:14,41300.00,50,267725
20221103,09:18:19,41300.00,50,267725
20221103,09:18:24,41316.15,300,267725
20221103,09:18:25,41320.00,50,267725
20221103,09:18:27,41329.95,100,267725
20221103,09:18:30,41329.95,25,267725
20221103,09:18:33,41330.00,25,267725
20221103,09:18:35,41349.95,50,267725
20221103,09:18:38,41349.95,75,267725
20221103,09:18:48,41336.95,25,267725
20221103,09:18:53,41332.05,150,267725
20221103,09:18:55,41330.00,175,267725
20221103,09:18:58,41336.60,75,267725
20221103,09:19:01,41333.40,25,267725
20221103,09:19:03,41347.90,25,267725
20221103,09:19:04,41336.25,25,267725
20221103,09:19:06,41330.40,25,267725
20221103,09:19:09,41344.90,50,267725
20221103,09:19:14,41330.15,25,267725
20221103,09:19:25,41340.20,50,267725
20221103,09:19:32,41340.25,25,267725
20221103,09:19:45,41340.25,25,267725
20221103,09:19:48,41327.95,50,267725
20221103,09:19:55,41325.70,25,267725
20221103,09:19:58,41326.20,25,267725
20221103,09:19:59,41328.80,100,267725
20221103,09:20:03,41330.60,50,267725
20221103,09:20:04,41334.90,50,267725
20221103,09:20:08,41330.00,25,267725
20221103,09:20:09,41330.00,725,267725
20221103,09:20:13,41325.00,25,267725
20221103,09:20:14,41327.85,125,267725
20221103,09:20:18,41340.25,200,267725
20221103,09:20:19,41347.30,25,267725
20221103,09:20:21,41342.50,100,267725
20221103,09:20:26,41338.30,25,267725
20221103,09:20:28,41338.20,50,267725
20221103,09:20:29,41337.60,50,267725
20221103,09:20:34,41325.00,100,267725
20221103,09:20:36,41322.90,25,267725
20221103,09:20:39,41321.30,175,268325
20221103,09:20:41,41324.85,125,268325
20221103,09:20:43,41326.35,50,268325
20221103,09:20:49,41313.00,25,268325
20221103,09:20:51,41307.30,300,268325
20221103,09:20:53,41300.00,50,268325
20221103,09:20:54,41313.35,25,268325
20221103,09:21:03,41308.60,50,268325
20221103,09:21:04,41308.10,100,268325
20221103,09:21:06,41308.60,25,268325
20221103,09:21:08,41308.60,100,268325
20221103,09:21:09,41312.95,300,268325
20221103,09:21:16,41319.85,25,268325
20221103,09:21:21,41320.00,50,268325
20221103,09:21:23,41324.00,100,268325
20221103,09:21:24,41326.35,50,268325
20221103,09:21:28,41321.45,25,268325
20221103,09:21:30,41324.65,25,268325
20221103,09:21:31,41330.95,50,268325
20221103,09:21:33,41335.75,50,268325
20221103,09:21:35,41350.00,350,268325
20221103,09:21:38,41350.00,25,268325
20221103,09:21:40,41340.95,75,268325
20221103,09:21:45,41348.75,250,268325
20221103,09:21:51,41341.05,25,268325
20221103,09:21:53,41340.30,250,268325
20221103,09:21:58,41338.50,25,268325
20221103,09:22:00,41344.45,250,268325
20221103,09:22:03,41340.30,25,268325
20221103,09:22:05,41350.00,50,268325
20221103,09:22:13,41351.05,275,268325
20221103,09:22:15,41348.75,125,268325
20221103,09:22:16,41354.15,300,268325
20221103,09:22:18,41354.15,50,268325
20221103,09:22:21,41348.00,50,268325
20221103,09:22:26,41341.40,100,268325
20221103,09:22:28,41339.60,75,268325
20221103,09:22:31,41339.10,75,268325
20221103,09:22:33,41338.85,25,268325
20221103,09:22:35,41338.60,25,268325
20221103,09:22:36,41329.35,75,268325
20221103,09:22:38,41337.25,50,268325
20221103,09:22:41,41335.70,100,268325
20221103,09:22:43,41326.25,125,268325
20221103,09:23:05,41320.95,25,268325
20221103,09:23:08,41318.15,25,268325
20221103,09:23:16,41324.10,50,268325
20221103,09:23:26,41310.05,50,268325
20221103,09:23:33,41312.65,25,268325
20221103,09:23:41,41328.30,50,268125
20221103,09:23:45,41321.45,25,268125
20221103,09:23:46,41328.50,50,268125
20221103,09:23:48,41328.45,50,268125
20221103,09:23:53,41328.30,50,268125
20221103,09:23:55,41331.55,100,268125
20221103,09:23:58,41339.45,900,268125
20221103,09:24:03,41340.00,25,268125
20221103,09:24:04,41345.00,25,268125
20221103,09:24:08,41345.35,50,268125
20221103,09:24:14,41349.85,50,268125
20221103,09:24:18,41346.45,50,268125
20221103,09:24:19,41350.00,100,268125
20221103,09:24:21,41342.60,50,268125
20221103,09:24:23,41340.45,25,268125
20221103,09:24:26,41340.25,25,268125
20221103,09:24:28,41339.20,25,268125
20221103,09:24:29,41338.95,50,268125
20221103,09:24:31,41335.55,25,268125
20221103,09:24:33,41333.65,75,268125
20221103,09:24:41,41334.35,50,268125
20221103,09:24:48,41334.30,25,268125
20221103,09:24:54,41346.95,50,268125
20221103,09:24:56,41347.00,100,268125
20221103,09:24:59,41348.70,25,268125
20221103,09:25:01,41341.75,25,268125
20221103,09:25:09,41341.75,50,268125
20221103,09:25:16,41345.10,100,268125
20221103,09:25:23,41339.85,75,268125
20221103,09:25:31,41346.95,25,268125
20221103,09:25:33,41346.95,50,268125
20221103,09:25:36,41339.40,25,268125
20221103,09:25:38,41335.35,175,268125
20221103,09:25:48,41335.10,175,268125
20221103,09:25:51,41336.45,50,268125
20221103,09:26:06,41341.55,150,268125
20221103,09:26:08,41334.10,25,268125
20221103,09:26:19,41340.60,50,268125
20221103,09:26:24,41336.85,50,268125
20221103,09:26:38,41345.00,25,268750
20221103,09:26:39,41348.00,50,268750
20221103,09:26:46,41350.00,150,268750
20221103,09:26:48,41355.00,25,268750
20221103,09:26:49,41355.00,525,268750
20221103,09:26:51,41361.25,50,268750
20221103,09:26:54,41365.40,50,268750
20221103,09:26:56,41375.00,50,268750
20221103,09:27:01,41378.95,100,268750
20221103,09:27:02,41372.75,75,268750
20221103,09:27:04,41374.10,125,268750
20221103,09:27:06,41371.35,25,268750
20221103,09:27:07,41380.00,25,268750
20221103,09:27:12,41380.00,50,268750
20221103,09:27:16,41372.15,25,268750
20221103,09:27:17,41369.00,25,268750
20221103,09:27:24,41366.55,25,268750
20221103,09:27:26,41364.30,125,268750
20221103,09:27:29,41369.00,25,268750
20221103,09:27:32,41374.95,25,268750
20221103,09:27:36,41364.05,25,268750
20221103,09:27:37,41366.05,75,268750
20221103,09:27:42,41375.65,25,268750
20221103,09:27:49,41378.35,100,268750
20221103,09:27:51,41370.20,50,268750
20221103,09:27:55,41374.05,25,268750
20221103,09:28:02,41385.00,25,268750
20221103,09:28:04,41385.00,25,268750
20221103,09:28:07,41388.80,75,268750
20221103,09:28:09,41390.50,25,268750
20221103,09:28:14,41390.50,25,268750
20221103,09:28:19,41390.85,25,268750
20221103,09:28:21,41390.85,75,268750
20221103,09:28:32,41385.00,50,268750
20221103,09:28:41,41380.30,25,268750
20221103,09:28:47,41380.30,50,268750
20221103,09:28:49,41380.30,125,268750
20221103,09:28:51,41380.00,25,268750
20221103,09:28:59,41379.10,175,268750
20221103,09:29:04,41385.25,25,268750
20221103,09:29:09,41390.00,50,268750
20221103,09:29:12,41390.00,25,268750
20221103,09:29:14,41394.95,25,268750
20221103,09:29:15,41394.95,25,268750
20221103,09:29:17,41389.95,175,268750
20221103,09:29:19,41378.20,150,268750
20221103,09:29:25,41385.00,25,268750
20221103,09:29:32,41391.25,25,268750
20221103,09:29:34,41388.35,25,268750
20221103,09:29:35,41383.45,25,268750
20221103,09:29:40,41394.30,25,269550
20221103,09:29:47,41397.10,50,269550
20221103,09:29:50,41398.00,25,269550
20221103,09:29:52,41399.00,25,269550
20221103,09:29:54,41399.85,25,269550
20221103,09:29:55,41405.10,1025,269550
20221103,09:29:59,41399.40,150,269550
20221103,09:30:00,41396.40,50,269550
20221103,09:30:04,41415.80,75,269550
20221103,09:30:12,41420.00,75,269550
20221103,09:30:14,41420.10,75,269550
20221103,09:30:17,41421.20,25,269550
20221103,09:30:21,41425.00,25,269550
20221103,09:30:24,41435.45,125,269550
20221103,09:30:27,41440.00,100,269550
20221103,09:30:29,41440.00,25,269550
20221103,09:30:32,41435.45,25,269550
20221103,09:30:37,41442.90,125,269550
20221103,09:30:39,41449.20,150,269550
20221103,09:30:41,41449.20,175,269550
20221103,09:30:47,41450.00,25,269550
20221103,09:30:49,41455.00,50,269550
20221103,09:30:51,41461.70,50,269550
20221103,09:30:52,41466.30,75,269550
20221103,09:30:59,41468.10,100,269550
20221103,09:31:02,41475.65,25,269550
20221103,09:31:04,41492.90,325,269550
20221103,09:31:07,41501.00,125,269550
20221103,09:31:11,41501.00,50,269550
20221103,09:31:12,41500.65,50,269550
20221103,09:31:14,41485.85,50,269550
20221103,09:31:17,41483.20,75,269550
20221103,09:31:21,41479.45,50,269550
20221103,09:31:24,41471.00,25,269550
20221103,09:31:29,41477.40,25,269550
20221103,09:31:34,41487.95,25,269550
20221103,09:31:39,41489.00,100,269550
20221103,09:31:42,41500.00,100,269550
20221103,09:31:44,41500.40,50,269550
20221103,09:31:46,41506.75,50,269550
20221103,09:31:47,41506.75,25,269550
20221103,09:31:49,41513.25,25,269550
20221103,09:31:51,41518.05,25,269550
20221103,09:31:56,41524.00,75,269550
20221103,09:31:57,41540.00,100,269550
20221103,09:31:59,41546.10,50,269550
20221103,09:32:01,41546.10,25,269550
20221103,09:32:02,41542.40,100,269550
20221103,09:32:09,41558.15,25,269550
20221103,09:32:11,41568.50,50,269550
20221103,09:32:12,41572.95,75,269550
20221103,09:32:14,41583.10,75,269550
20221103,09:32:16,41583.10,25,269550
20221103,09:32:19,41556.70,25,269550
20221103,09:32:21,41562.90,25,269550
20221103,09:32:22,41546.40,25,269550
20221103,09:32:24,41545.40,25,269550
20221103,09:32:26,41542.40,50,269550
20221103,09:32:27,41536.55,25,269550
20221103,09:32:31,41535.50,25,269550
20221103,09:32:32,41530.95,25,269550
20221103,09:32:34,41528.95,175,269550
20221103,09:32:46,41542.90,25,269675
20221103,09:32:47,41546.90,100,269675
20221103,09:32:49,41552.00,50,269675
20221103,09:32:52,41552.30,100,269675
20221103,09:32:56,41550.00,50,269675
20221103,09:32:59,41552.30,25,269675
20221103,09:33:03,41567.70,75,269675
20221103,09:33:04,41560.85,200,269675
20221103,09:33:06,41566.45,25,269675
20221103,09:33:11,41575.00,250,269675
20221103,09:33:18,41569.50,25,269675
20221103,09:33:23,41562.15,300,269675
20221103,09:33:24,41559.80,50,269675
20221103,09:33:26,41565.75,25,269675
20221103,09:33:27,41557.15,25,269675
20221103,09:33:29,41551.25,25,269675
20221103,09:33:31,41557.15,25,269675
20221103,09:33:37,41550.00,250,269675
20221103,09:33:42,41537.05,25,269675
20221103,09:33:44,41542.10,125,269675
20221103,09:33:56,41539.75,25,269675
20221103,09:33:57,41530.20,25,269675
20221103,09:33:59,41534.00,25,269675
20221103,09:34:01,41539.80,50,269675
20221103,09:34:06,41532.25,25,269675
20221103,09:34:07,41534.00,25,269675
20221103,09:34:11,41535.00,25,269675
20221103,09:34:19,41537.40,25,269675
20221103,09:34:21,41533.00,25,269675
20221103,09:34:24,41535.20,100,269675
20221103,09:34:26,41542.00,25,269675
20221103,09:34:27,41540.45,50,269675
20221103,09:34:29,41539.00,25,269675
20221103,09:34:37,41538.45,50,269675
20221103,09:34:42,41536.85,75,269675
20221103,09:34:44,41536.00,75,269675
20221103,09:34:49,41538.55,25,269675
20221103,09:34:57,41534.55,25,269675
20221103,09:35:02,41530.75,100,269675
20221103,09:35:04,41540.10,75,269675
20221103,09:35:07,41550.00,400,269675
20221103,09:35:12,41552.55,25,269675
20221103,09:35:14,41561.00,50,269675
20221103,09:35:17,41558.70,75,269675
20221103,09:35:19,41570.00,275,269675
20221103,09:35:21,41575.00,125,269675
20221103,09:35:22,41578.70,25,269675
20221103,09:35:32,41583.10,300,269675
20221103,09:35:36,41588.95,25,269675
20221103,09:35:37,41588.95,50,269675
20221103,09:35:41,41581.15,75,269675
20221103,09:35:51,41566.45,50,270100
20221103,09:35:52,41573.25,25,270100
20221103,09:35:54,41576.60,25,270100
20221103,09:35:56,41584.00,25,270100
20221103,09:35:57,41586.50,25,270100
20221103,09:35:59,41595.00,200,270100
20221103,09:36:01,41595.00,100,270100
20221103,09:36:04,41600.00,425,270100
20221103,09:36:06,41600.00,25,270100
20221103,09:36:07,41600.00,100,270100
20221103,09:36:09,41599.85,125,270100
20221103,09:36:11,41588.80,50,270100
20221103,09:36:14,41599.10,25,270100
20221103,09:36:17,41588.55,50,270100
20221103,09:36:19,41580.00,75,270100
20221103,09:36:21,41581.60,50,270100
20221103,09:36:24,41580.00,75,270100
20221103,09:36:26,41578.20,175,270100
20221103,09:36:27,41576.60,25,270100
20221103,09:36:29,41573.75,50,270100
20221103,09:36:32,41564.60,50,270100
20221103,09:36:34,41560.75,25,270100
20221103,09:36:37,41561.40,100,270100
20221103,09:36:44,41566.00,200,270100
20221103,09:36:46,41554.10,50,270100
20221103,09:36:51,41541.85,550,270100
20221103,09:36:59,41554.10,50,270100
20221103,09:37:01,41553.00,50,270100
20221103,09:37:04,41550.00,25,270100
20221103,09:37:07,41549.15,75,270100
20221103,09:37:11,41551.50,75,270100
20221103,09:37:21,41541.15,25,270100
20221103,09:37:22,41540.00,25,270100
20221103,09:37:24,41540.25,25,270100
20221103,09:37:26,41540.90,50,270100
20221103,09:37:31,41532.30,400,270100
20221103,09:37:32,41540.70,25,270100
20221103,09:37:36,41535.00,25,270100
20221103,09:37:41,41544.80,50,270100
20221103,09:37:49,41540.00,25,270100
20221103,09:37:51,41539.20,50,270100
20221103,09:37:59,41546.20,300,270100
20221103,09:38:02,41532.70,50,270100
20221103,09:38:15,41532.40,100,270100
20221103,09:38:23,41532.40,125,270100
20221103,09:38:25,41534.05,50,270100
20221103,09:38:26,41528.05,25,270100
20221103,09:38:31,41532.40,25,270100
20221103,09:38:33,41545.50,50,270100
20221103,09:38:38,41542.00,25,270700
20221103,09:38:51,41536.50,25,270700
20221103,09:38:57,41531.45,50,270700
20221103,09:39:00,41532.75,25,270700
20221103,09:39:05,41535.75,25,270700
20221103,09:39:12,41530.00,25,270700
20221103,09:39:24,41526.95,75,270700
20221103,09:39:26,41530.00,25,270700
20221103,09:39:37,41528.25,25,270700
20221103,09:39:39,41520.00,225,270700
20221103,09:39:42,41520.80,25,270700
20221103,09:39:45,41520.00,50,270700
20221103,09:39:55,41519.85,25,270700
20221103,09:39:57,41510.15,250,270700
20221103,09:40:04,41510.15,25,270700
20221103,09:40:05,41507.65,25,270700
20221103,09:40:07,41511.80,400,270700
20221103,09:40:09,41509.05,25,270700
20221103,09:40:12,41503.10,50,270700
20221103,09:40:14,41500.10,25,270700
20221103,09:40:15,41500.15,50,270700
20221103,09:40:17,41500.00,50,270700
20221103,09:40:19,41500.00,50,270700
20221103,09:40:22,41500.00,125,270700
20221103,09:40:27,41496.05,50,270700
20221103,09:40:35,41493.00,100,270700
20221103,09:40:37,41500.00,25,270700
20221103,09:40:39,41506.65,25,270700
20221103,09:40:45,41506.05,25,270700
20221103,09:40:52,41500.00,50,270700
20221103,09:40:54,41500.00,25,270700
20221103,09:40:55,41500.00,25,270700
20221103,09:41:00,41500.00,50,270700
20221103,09:41:02,41500.00,25,270700
20221103,09:41:04,41505.00,50,270700
20221103,09:41:10,41512.05,50,270700
20221103,09:41:12,41508.05,50,270700
20221103,09:41:20,41506.95,100,270700
20221103,09:41:34,41515.00,225,270700
20221103,09:41:54,41514.80,75,270700
20221103,09:41:59,41510.00,125,271275
20221103,09:42:04,41505.00,25,271275
20221103,09:42:32,41493.00,50,271275
20221103,09:42:39,41492.10,150,271275
20221103,09:42:40,41490.00,25,271275
20221103,09:42:44,41494.90,50,271275
20221103,09:42:55,41489.65,25,271275
20221103,09:42:57,41489.35,25,271275
20221103,09:43:02,41494.90,50,271275
20221103,09:43:03,41491.85,25,271275
20221103,09:43:10,41500.00,100,271275
20221103,09:43:13,41510.00,25,271275
20221103,09:43:16,41514.80,25,271275
20221103,09:43:18,41510.00,25,271275
20221103,09:43:35,41514.50,50,271275
20221103,09:43:51,41507.25,25,271275
20221103,09:44:04,41507.25,25,271275
20221103,09:44:11,41504.85,50,271275
20221103,09:44:16,41507.25,25,271275
20221103,09:44:27,41501.45,25,271275
20221103,09:44:32,41510.00,25,271275
20221103,09:44:36,41525.00,175,271275
20221103,09:44:41,41540.00,150,271500
20221103,09:44:42,41542.00,25,271500
20221103,09:44:46,41562.25,25,271500
20221103,09:44:51,41565.00,25,271500
20221103,09:44:52,41561.50,50,271500
20221103,09:44:54,41560.65,100,271500
20221103,09:45:02,41565.50,25,271500
20221103,09:45:06,41594.70,300,271500
20221103,09:45:07,41601.00,350,271500
20221103,09:45:11,41608.45,75,271500
20221103,09:45:12,41612.35,25,271500
20221103,09:45:14,41616.25,75,271500
20221103,09:45:16,41627.90,125,271500
20221103,09:45:17,41619.95,25,271500
20221103,09:45:21,41613.70,125,271500
20221103,09:45:22,41619.85,25,271500
20221103,09:45:26,41622.55,25,271500
20221103,09:45:27,41619.95,25,271500
20221103,09:45:32,41613.25,100,271500
20221103,09:45:37,41603.85,50,271500
20221103,09:45:42,41603.85,25,271500
20221103,09:45:44,41600.00,100,271500
20221103,09:45:56,41595.80,25,271500
20221103,09:45:59,41586.60,25,271500
20221103,09:46:07,41584.35,100,271500
20221103,09:46:11,41585.45,75,271500
20221103,09:46:12,41588.05,25,271500
20221103,09:46:14,41586.85,50,271500
20221103,09:46:16,41578.55,50,271500
20221103,09:46:21,41576.50,25,271500
20221103,09:46:22,41574.75,50,271500
20221103,09:46:24,41563.40,50,271500
20221103,09:46:26,41559.25,100,271500
20221103,09:46:31,41565.00,25,271500
20221103,09:46:36,41559.20,25,271500
20221103,09:46:42,41568.95,50,271500
20221103,09:46:46,41566.75,50,271500
20221103,09:46:47,41558.50,75,271500
20221103,09:46:51,41550.00,25,271500
20221103,09:47:10,41557.40,100,271500
20221103,09:47:14,41548.00,275,271500
20221103,09:47:17,41551.90,100,271500
20221103,09:47:19,41543.80,375,271500
20221103,09:47:20,41542.10,350,271500
20221103,09:47:29,41536.35,50,271500
20221103,09:47:34,41531.20,150,271500
20221103,09:47:35,41536.00,25,271500
20221103,09:47:37,41530.85,50,271500
20221103,09:47:50,41540.15,50,271500
20221103,09:47:57,41533.85,50,272800
20221103,09:48:05,41533.65,25,272800
20221103,09:48:27,41526.00,50,272800
20221103,09:48:30,41520.30,25,272800
20221103,09:48:52,41523.90,25,272800
20221103,09:49:41,41524.80,25,272800
20221103,09:50:05,41519.50,50,272800
20221103,09:50:10,41516.00,25,272800
20221103,09:50:11,41516.00,25,272800
20221103,09:50:23,41520.00,100,272800
20221103,09:50:25,41524.70,50,272800
20221103,09:50:36,41534.95,25,272800
20221103,09:50:46,41524.60,25,272875
20221103,09:50:50,41531.65,25,272875
20221103,09:50:53,41537.90,100,272875
20221103,09:51:03,41540.00,50,272875
20221103,09:51:08,41540.05,150,272875
20221103,09:51:31,41543.90,25,272875
20221103,09:51:32,41549.90,25,272875
20221103,09:51:36,41555.00,100,272875
20221103,09:51:37,41547.05,25,272875
20221103,09:52:15,41553.00,25,272875
20221103,09:52:25,41560.00,50,272875
20221103,09:52:34,41566.65,50,272875
20221103,09:52:39,41567.80,25,272875
20221103,09:52:42,41555.05,25,272875
20221103,09:52:45,41552.05,50,272875
20221103,09:53:04,41565.10,100,272875
20221103,09:53:20,41563.85,50,272875
20221103,09:53:25,41556.05,25,272875
20221103,09:53:27,41564.75,25,272875
20221103,09:53:40,41545.35,50,273000
20221103,09:53:42,41545.05,25,273000
20221103,09:54:12,41559.80,25,273000
20221103,09:54:25,41559.00,50,273000
20221103,09:54:27,41559.00,50,273000
20221103,09:54:55,41548.30,50,273000
20221103,09:55:18,41548.30,100,273000
20221103,09:55:30,41553.35,50,273000
20221103,09:56:01,41553.40,25,273000
20221103,09:56:04,41559.00,50,273000
20221103,09:56:09,41560.00,25,273000
20221103,09:56:13,41559.85,25,273000
20221103,09:56:14,41560.45,100,273000
20221103,09:56:18,41559.05,25,273000
20221103,09:56:29,41565.00,75,273000
20221103,09:56:44,41560.10,50,273300
20221103,09:57:01,41553.05,50,273300
20221103,09:57:26,41553.00,25,273300
20221103,09:57:31,41556.25,25,273300
20221103,09:57:34,41560.00,25,273300
20221103,09:57:39,41556.30,25,273300
20221103,09:57:47,41555.05,25,273300
20221103,09:58:40,41555.05,25,273300
20221103,09:58:42,41555.40,25,273300
20221103,09:58:55,41555.40,50,273300
20221103,09:59:08,41550.40,25,273300
20221103,09:59:24,41546.20,125,273300
20221103,09:59:44,41559.25,100,273450
20221103,09:59:46,41556.95,25,273450
20221103,09:59:52,41560.00,50,273450
20221103,09:59:57,41559.10,50,273450
20221103,10:00:23,41565.00,50,273450
20221103,10:00:25,41570.00,25,273450
20221103,10:00:30,41580.00,325,273450
20221103,10:00:37,41575.65,50,273450
20221103,10:00:52,41576.30,25,273450
20221103,10:01:00,41568.00,25,273450
20221103,10:01:07,41565.80,25,273450
20221103,10:01:15,41563.90,25,273450
20221103,10:01:35,41557.40,25,273450
20221103,10:01:37,41550.00,25,273450
20221103,10:01:48,41545.80,25,273450
20221103,10:02:23,41536.20,25,273450
20221103,10:02:27,41540.00,25,273450
20221103,10:02:43,41540.00,25,273575
20221103,10:02:45,41540.00,25,273575
20221103,10:02:48,41545.80,25,273575
20221103,10:02:56,41544.75,25,273575
20221103,10:02:58,41545.80,75,273575
20221103,10:02:59,41550.10,250,273575
20221103,10:03:08,41550.00,25,273575
20221103,10:03:14,41554.25,50,273575
20221103,10:04:23,41549.70,100,273575
20221103,10:05:03,41550.00,25,273575
20221103,10:05:05,41554.80,50,273575
20221103,10:05:27,41550.00,25,273575
20221103,10:07:04,41545.00,25,273650
20221103,10:07:33,41540.10,75,273650
20221103,10:07:35,41540.10,75,273650
20221103,10:07:37,41535.00,50,273650
20221103,10:08:00,41533.00,25,273650
20221103,10:08:03,41530.30,25,273650
20221103,10:08:17,41530.00,25,273650
20221103,10:08:39,41530.00,100,273650
20221103,10:08:41,41525.00,25,273650
20221103,10:08:51,41524.05,25,273725
20221103,10:09:00,41529.00,25,273725
20221103,10:09:19,41542.65,25,273725
20221103,10:09:31,41554.50,125,273725
20221103,10:09:36,41555.00,25,273725
20221103,10:09:38,41554.40,25,273725
20221103,10:09:44,41560.00,75,273725
20221103,10:09:46,41560.45,25,273725
20221103,10:09:48,41575.00,50,273725
20221103,10:09:49,41575.00,25,273725
20221103,10:09:54,41580.00,75,273725
20221103,10:09:56,41585.00,125,273725
20221103,10:10:01,41589.85,25,273725
20221103,10:10:04,41583.45,25,273725
20221103,10:10:06,41590.00,25,273725
20221103,10:10:09,41601.00,150,273725
20221103,10:10:11,41610.00,50,273725
20221103,10:10:13,41620.00,125,273725
20221103,10:10:14,41630.00,75,273725
20221103,10:10:16,41630.00,25,273725
20221103,10:10:18,41625.85,25,273725
20221103,10:10:21,41643.00,75,273725
20221103,10:10:26,41641.65,25,273725
20221103,10:10:28,41638.35,25,273725
20221103,10:10:33,41627.95,125,273725
20221103,10:10:34,41620.65,25,273725
20221103,10:10:36,41614.65,25,273725
20221103,10:10:39,41627.95,25,273725
20221103,10:10:43,41614.60,25,273725
20221103,10:10:57,41621.85,25,273725
20221103,10:11:14,41622.95,25,273725
20221103,10:11:17,41621.85,50,273725
20221103,10:11:19,41622.10,25,273725
20221103,10:11:20,41623.10,25,273725
20221103,10:11:27,41625.00,125,273725
20221103,10:11:34,41627.00,25,273725
20221103,10:11:42,41616.60,75,273725
20221103,10:11:49,41616.10,50,274200
20221103,10:11:52,41613.80,50,274200
20221103,10:11:54,41602.20,25,274200
20221103,10:12:04,41613.30,25,274200
20221103,10:12:14,41620.00,25,274200
20221103,10:12:15,41616.05,25,274200
20221103,10:12:19,41619.30,25,274200
20221103,10:12:20,41624.10,25,274200
20221103,10:12:27,41618.05,25,274200
20221103,10:12:34,41617.75,25,274200
20221103,10:12:35,41614.55,25,274200
20221103,10:12:39,41617.05,25,274200
20221103,10:12:40,41616.00,100,274200
20221103,10:12:45,41615.00,25,274200
20221103,10:12:55,41613.45,100,274200
20221103,10:13:00,41606.05,50,274200
20221103,10:13:12,41615.00,25,274200
20221103,10:13:15,41615.00,50,274200
20221103,10:13:17,41620.00,50,274200
20221103,10:13:20,41617.00,25,274200
20221103,10:13:30,41625.00,25,274200
20221103,10:13:32,41618.00,100,274200
20221103,10:13:45,41625.00,25,274200
20221103,10:13:52,41624.90,50,274200
20221103,10:13:55,41629.00,50,274200
20221103,10:14:06,41630.00,50,274200
20221103,10:14:08,41633.85,450,274200
20221103,10:14:10,41648.95,125,274200
20221103,10:14:11,41648.95,75,274200
20221103,10:14:13,41641.55,25,274200
20221103,10:14:16,41644.15,25,274200
20221103,10:14:20,41650.00,675,274200
20221103,10:14:25,41652.60,25,274200
20221103,10:14:28,41653.30,50,274200
20221103,10:14:30,41653.30,50,274200
20221103,10:14:40,41653.30,75,274200
20221103,10:14:43,41649.20,50,274200
20221103,10:14:45,41650.00,25,274200
20221103,10:14:47,41652.80,50,275325
20221103,10:14:52,41658.95,175,275325
20221103,10:14:53,41658.95,50,275325
20221103,10:14:57,41666.00,175,275325
20221103,10:15:00,41670.00,175,275325
20221103,10:15:02,41675.00,125,275325
20221103,10:15:07,41678.00,25,275325
20221103,10:15:08,41678.00,25,275325
20221103,10:15:13,41680.00,150,275325
20221103,10:15:18,41690.00,25,275325
20221103,10:15:20,41693.10,50,275325
20221103,10:15:22,41693.10,25,275325
20221103,10:15:23,41694.05,125,275325
20221103,10:15:28,41681.40,100,275325
20221103,10:15:30,41684.95,75,275325
20221103,10:15:32,41682.95,25,275325
20221103,10:15:33,41683.25,50,275325
20221103,10:15:35,41677.90,50,275325
20221103,10:15:36,41690.00,50,275325
20221103,10:15:38,41683.25,100,275325
20221103,10:15:41,41695.45,125,275325
20221103,10:15:45,41695.45,50,275325
20221103,10:15:48,41690.95,75,275325
20221103,10:15:51,41691.40,50,275325
20221103,10:15:55,41690.00,100,275325
20221103,10:15:58,41687.30,50,275325
20221103,10:16:01,41692.75,150,275325
20221103,10:16:13,41686.25,75,275325
20221103,10:16:14,41681.90,25,275325
20221103,10:16:16,41682.75,50,275325
20221103,10:16:19,41685.35,25,275325
20221103,10:16:21,41684.40,50,275325
20221103,10:16:23,41686.50,25,275325
20221103,10:16:24,41677.40,50,275325
20221103,10:16:26,41675.00,25,275325
20221103,10:16:29,41674.75,50,275325
20221103,10:16:31,41673.90,50,275325
20221103,10:16:34,41667.00,100,275325
20221103,10:16:36,41674.55,50,275325
20221103,10:16:39,41670.90,100,275325
20221103,10:16:43,41668.05,50,275325
20221103,10:16:44,41664.05,25,275325
20221103,10:16:46,41665.00,50,275325
20221103,10:16:48,41654.70,100,275325
20221103,10:16:53,41656.05,125,275325
20221103,10:17:03,41666.00,50,275325
20221103,10:17:04,41666.00,25,275325
20221103,10:17:06,41663.60,25,275325
20221103,10:17:08,41659.50,25,275325
20221103,10:17:11,41658.05,100,275325
20221103,10:17:21,41659.05,25,275325
20221103,10:17:24,41660.65,50,275325
20221103,10:17:26,41660.00,75,275325
20221103,10:17:29,41663.90,25,275325
20221103,10:17:31,41670.55,25,275325
20221103,10:17:33,41663.90,50,275325
20221103,10:17:39,41672.00,50,275325
20221103,10:17:43,41671.95,25,275325
20221103,10:17:56,41673.10,25,275675
20221103,10:17:59,41667.10,25,275675
20221103,10:18:07,41673.90,50,275675
20221103,10:18:12,41673.10,50,275675
20221103,10:18:20,41673.10,25,275675
20221103,10:18:27,41675.00,25,275675
20221103,10:18:28,41680.00,25,275675
20221103,10:18:30,41680.00,75,275675
20221103,10:18:32,41689.85,50,275675
20221103,10:18:38,41686.55,100,275675
20221103,10:18:45,41679.85,100,275675
20221103,10:18:50,41678.10,50,275675
20221103,10:18:57,41677.60,50,275675
20221103,10:19:00,41677.10,25,275675
20221103,10:19:07,41678.45,25,275675
20221103,10:19:10,41688.00,25,275675
20221103,10:19:15,41683.45,300,275675
20221103,10:19:25,41680.00,25,275675
20221103,10:19:27,41673.20,25,275675
20221103,10:19:28,41670.95,25,275675
20221103,10:19:32,41670.00,25,275675
20221103,10:19:40,41667.45,25,275675
20221103,10:19:48,41665.00,25,275675
20221103,10:19:55,41668.00,25,275675
20221103,10:20:00,41670.00,25,275675
20221103,10:20:01,41669.80,25,275675
20221103,10:20:05,41674.00,25,275675
20221103,10:20:10,41674.60,25,275675
20221103,10:20:11,41676.00,50,275675
20221103,10:20:15,41676.00,25,275675
20221103,10:20:26,41676.00,25,275675
20221103,10:20:30,41679.95,25,275675
20221103,10:20:36,41674.00,75,275675
20221103,10:20:38,41674.00,125,275675
20221103,10:20:46,41662.90,50,276400
20221103,10:20:56,41655.00,25,276400
20221103,10:20:59,41648.00,50,276400
20221103,10:21:03,41638.00,25,276400
20221103,10:21:06,41639.95,25,276400
20221103,10:21:11,41627.85,50,276400
20221103,10:21:13,41625.30,25,276400
20221103,10:21:15,41626.00,25,276400
20221103,10:21:16,41631.95,25,276400
20221103,10:21:21,41626.50,25,276400
20221103,10:21:26,41629.60,125,276400
20221103,10:21:31,41629.40,125,276400
20221103,10:21:40,41626.00,250,276400
20221103,10:21:41,41632.10,25,276400
20221103,10:21:59,41635.00,75,276400
20221103,10:22:01,41640.00,25,276400
20221103,10:22:09,41650.00,25,276400
20221103,10:22:12,41650.00,50,276400
20221103,10:22:16,41659.95,25,276400
20221103,10:22:45,41650.80,250,276400
20221103,10:22:52,41650.80,250,276400
20221103,10:22:55,41643.65,100,276400
20221103,10:23:16,41643.65,25,276400
20221103,10:23:18,41647.90,125,276400
20221103,10:23:36,41647.65,25,276400
20221103,10:24:08,41655.00,25,276525
20221103,10:24:10,41654.80,25,276525
20221103,10:24:15,41660.00,50,276525
20221103,10:24:48,41660.00,25,276525
20221103,10:24:56,41665.00,25,276525
20221103,10:24:59,41661.45,50,276525
20221103,10:25:03,41659.50,25,276525
20221103,10:25:08,41658.25,25,276525
20221103,10:25:53,41664.05,50,276525
20221103,10:25:56,41670.00,25,276525
20221103,10:26:11,41668.80,25,276525
20221103,10:26:39,41667.95,25,276525
20221103,10:26:41,41668.80,25,276525
20221103,10:26:57,41670.00,50,276700
20221103,10:26:59,41675.00,25,276700
20221103,10:27:01,41683.45,50,276700
20221103,10:27:04,41689.00,25,276700
20221103,10:27:06,41689.00,25,276700
20221103,10:27:07,41688.75,25,276700
20221103,10:27:14,41689.15,50,276700
20221103,10:27:24,41687.00,25,276700
20221103,10:27:27,41686.60,50,276700
20221103,10:27:34,41687.10,25,276700
20221103,10:27:39,41690.95,200,276700
20221103,10:27:41,41694.00,50,276700
20221103,10:27:42,41699.00,175,276700
20221103,10:27:44,41701.00,850,276700
20221103,10:27:46,41711.55,100,276700
20221103,10:27:49,41711.55,100,276700
20221103,10:27:51,41703.85,50,276700
20221103,10:27:56,41710.25,50,276700
20221103,10:27:59,41711.55,25,276700
20221103,10:28:04,41706.80,25,276700
20221103,10:28:07,41709.45,25,276700
20221103,10:28:09,41701.35,75,276700
20221103,10:28:16,41699.55,50,276700
20221103,10:28:22,41700.00,375,276700
20221103,10:28:24,41700.00,125,276700
20221103,10:28:29,41699.05,50,276700
20221103,10:28:31,41696.90,25,276700
20221103,10:28:34,41698.80,25,276700
20221103,10:28:36,41693.60,275,276700
20221103,10:28:37,41694.10,75,276700
20221103,10:28:41,41686.90,100,276700
20221103,10:28:46,41687.25,50,276700
20221103,10:29:14,41687.00,25,276700
20221103,10:29:19,41690.00,25,276700
20221103,10:29:25,41692.00,25,276700
20221103,10:29:35,41691.80,50,276700
20221103,10:29:38,41690.45,25,276700
20221103,10:29:45,41688.85,50,276700
20221103,10:29:48,41685.05,25,277800
20221103,10:29:55,41688.55,25,277800
20221103,10:30:13,41692.95,25,277800
20221103,10:30:15,41690.05,50,277800
20221103,10:30:20,41691.20,25,277800
20221103,10:30:21,41688.05,200,277800
20221103,10:30:26,41690.45,50,277800
20221103,10:30:28,41690.10,25,277800
20221103,10:30:31,41691.05,50,277800
20221103,10:30:41,41693.30,50,277800
20221103,10:30:45,41682.00,100,277800
20221103,10:30:48,41680.00,25,277800
20221103,10:31:10,41677.00,100,277800
20221103,10:31:11,41680.00,50,277800
20221103,10:31:13,41675.00,25,277800
20221103,10:31:28,41684.90,50,277800
20221103,10:31:33,41681.95,50,277800
20221103,10:31:38,41689.30,25,277800
20221103,10:31:41,41687.95,25,277800
20221103,10:31:48,41680.00,25,277800
20221103,10:32:01,41676.85,50,277800
20221103,10:32:13,41677.30,50,277800
20221103,10:32:16,41674.40,50,277800
20221103,10:32:18,41666.85,50,277800
20221103,10:32:31,41676.70,25,277800
20221103,10:33:05,41671.45,25,278175
20221103,10:33:12,41671.15,50,278175
20221103,10:33:20,41669.15,25,278175
20221103,10:33:25,41674.00,25,278175
20221103,10:33:33,41674.00,75,278175
20221103,10:33:41,41675.20,75,278175
20221103,10:33:54,41670.65,75,278175
20221103,10:34:04,41667.00,50,278175
20221103,10:34:09,41670.65,25,278175
20221103,10:34:45,41665.25,125,278175
20221103,10:34:52,41660.00,25,278175
20221103,10:34:54,41660.00,75,278175
20221103,10:34:55,41658.20,50,278175
20221103,10:35:17,41656.05,25,278175
20221103,10:35:30,41664.80,50,278175
20221103,10:35:38,41657.20,50,278175
20221103,10:35:50,41646.75,100,278300
20221103,10:35:55,41653.75,25,278300
20221103,10:36:01,41646.75,25,278300
20221103,10:36:04,41654.90,25,278300
20221103,10:36:21,41654.00,75,278300
20221103,10:36:26,41652.00,25,278300
20221103,10:36:40,41651.35,25,278300
20221103,10:36:42,41649.85,25,278300
20221103,10:37:07,41654.90,25,278300
20221103,10:37:12,41670.00,25,278300
20221103,10:37:15,41669.50,50,278300
20221103,10:37:20,41670.95,25,278300
20221103,10:37:28,41675.00,25,278300
20221103,10:37:33,41673.90,50,278300
20221103,10:37:51,41677.00,25,278300
20221103,10:38:16,41670.95,50,278300
20221103,10:38:29,41660.00,25,278300
20221103,10:38:32,41660.00,25,278300
20221103,10:38:36,41659.75,50,278300
20221103,10:38:59,41651.25,25,278350
20221103,10:39:58,41672.00,25,278350
20221103,10:40:00,41673.65,25,278350
20221103,10:40:05,41671.30,50,278350
20221103,10:40:21,41674.05,25,278350
20221103,10:40:28,41680.00,25,278350
20221103,10:40:33,41679.95,25,278350
20221103,10:40:46,41667.70,25,278350
20221103,10:41:04,41665.45,75,278350
20221103,10:41:06,41665.95,25,278350
20221103,10:41:32,41657.10,25,278350
20221103,10:41:37,41665.90,25,278350
20221103,10:41:58,41665.85,25,278350
20221103,10:42:06,41655.05,25,278350
20221103,10:42:54,41655.00,25,278350
20221103,10:43:32,41653.30,50,278350
20221103,10:43:39,41665.95,100,278350
20221103,10:43:40,41663.00,25,278350
20221103,10:43:44,41661.00,50,278350
20221103,10:43:47,41664.00,100,278350
20221103,10:44:13,41669.95,25,278350
20221103,10:45:03,41651.80,25,278325
20221103,10:45:17,41644.80,25,278325
20221103,10:45:25,41640.00,50,278325
20221103,10:45:50,41632.95,25,278325
20221103,10:46:00,41625.00,25,278325
20221103,10:46:03,41625.00,25,278325
20221103,10:46:07,41620.25,150,278325
20221103,10:46:13,41620.00,50,278325
20221103,10:46:15,41621.45,25,278325
20221103,10:46:16,41627.05,50,278325
20221103,10:46:18,41628.60,25,278325
20221103,10:46:20,41631.25,50,278325
20221103,10:46:21,41631.25,25,278325
20221103,10:46:33,41630.30,25,278325
20221103,10:46:34,41631.20,100,278325
20221103,10:46:36,41631.25,100,278325
20221103,10:46:38,41629.10,25,278325
20221103,10:46:57,41629.35,25,278325
20221103,10:47:26,41636.20,25,278325
20221103,10:47:39,41636.20,25,278325
20221103,10:47:42,41635.10,125,278325
20221103,10:47:44,41642.95,25,278325
20221103,10:48:18,41642.95,25,278625
20221103,10:48:48,41650.00,25,278625
20221103,10:49:01,41650.00,25,278625
20221103,10:49:12,41658.10,25,278625
20221103,10:49:19,41657.45,25,278625
20221103,10:49:20,41657.80,100,278625
20221103,10:49:25,41652.45,25,278625
20221103,10:49:43,41655.00,25,278625
20221103,10:49:48,41654.15,25,278625
20221103,10:50:07,41654.80,25,278625
20221103,10:50:22,41661.95,25,278625
20221103,10:50:34,41664.95,150,278625
20221103,10:50:35,41669.95,25,278625
20221103,10:51:05,41664.95,25,278625
20221103,10:51:43,41631.75,25,278425
20221103,10:52:09,41634.25,25,278425
20221103,10:52:17,41646.95,25,278425
20221103,10:52:24,41637.80,25,278425
20221103,10:52:56,41639.95,250,278425
20221103,10:53:15,41642.45,150,278425
20221103,10:53:23,41650.00,50,278425
20221103,10:53:40,41645.00,25,278425
20221103,10:53:42,41649.95,25,278425
20221103,10:53:44,41650.00,25,278425
20221103,10:54:00,41646.95,25,278525
20221103,10:54:10,41644.55,50,278525
20221103,10:55:03,41638.00,25,278525
20221103,10:55:19,41640.25,25,278525
20221103,10:55:35,41641.35,25,278525
20221103,10:56:01,41637.50,25,278525
20221103,10:56:21,41645.05,25,278525
20221103,10:56:34,41648.90,50,278525
20221103,10:56:43,41650.00,25,278525
20221103,10:56:51,41650.00,50,278625
20221103,10:57:21,41650.00,25,278625
20221103,10:57:42,41645.00,50,278625
20221103,11:00:29,41640.00,100,278625
20221103,11:00:44,41633.00,150,278625
20221103,11:01:02,41617.70,25,278625
20221103,11:01:27,41610.00,25,278625
20221103,11:01:32,41607.45,25,278625
20221103,11:01:39,41607.45,25,278625
20221103,11:01:45,41607.40,25,278625
20221103,11:01:57,41605.00,25,278625
20221103,11:02:08,41601.00,75,278625
20221103,11:02:15,41601.55,25,278625
20221103,11:02:49,41610.70,25,278625
20221103,11:02:51,41608.80,25,278800
20221103,11:02:52,41608.85,25,278800
20221103,11:02:54,41608.85,25,278800
20221103,11:03:02,41601.00,50,278800
20221103,11:03:04,41600.00,225,278800
20221103,11:03:20,41596.80,25,278800
20221103,11:03:24,41603.55,100,278800
20221103,11:03:47,41616.05,25,278800
20221103,11:04:05,41619.25,25,278800
20221103,11:04:25,41612.00,25,278800
20221103,11:04:28,41621.20,25,278800
20221103,11:04:50,41616.70,25,278800
20221103,11:04:54,41608.20,400,278800
20221103,11:04:56,41609.10,25,278800
20221103,11:05:32,41613.15,25,278800
20221103,11:06:52,41600.75,25,278850
20221103,11:07:11,41609.00,125,278850
20221103,11:07:35,41610.05,25,278850
20221103,11:07:47,41616.95,50,278850
20221103,11:08:41,41610.00,25,278850
20221103,11:09:05,41610.00,25,278925
20221103,11:09:07,41607.55,50,278925
20221103,11:09:15,41602.05,25,278925
20221103,11:09:33,41609.40,25,278925
20221103,11:09:51,41602.00,25,278925
20221103,11:10:21,41602.00,25,278925
20221103,11:10:26,41602.00,50,278925
20221103,11:10:27,41600.00,125,278925
20221103,11:10:36,41600.00,25,278925
20221103,11:10:47,41599.00,100,278925
20221103,11:11:03,41600.00,100,278925
20221103,11:11:05,41601.05,25,278925
20221103,11:11:21,41613.00,50,278925
20221103,11:11:33,41613.80,25,278925
20221103,11:11:44,41613.75,25,278925
20221103,11:11:52,41609.35,50,278925
20221103,11:12:02,41609.35,25,279000
20221103,11:12:16,41620.00,100,279000
20221103,11:12:56,41614.90,25,279000
20221103,11:12:57,41620.00,50,279000
20221103,11:12:59,41620.00,75,279000
20221103,11:13:11,41630.00,50,279000
20221103,11:13:14,41633.95,25,279000
20221103,11:13:32,41655.00,75,279000
20221103,11:13:37,41677.55,175,279000
20221103,11:13:40,41667.55,100,279000
20221103,11:13:54,41675.65,25,279000
20221103,11:14:25,41677.95,25,279000
20221103,11:14:30,41677.00,75,279000
20221103,11:14:32,41677.00,100,279000
20221103,11:14:34,41690.00,50,279000
20221103,11:14:35,41690.00,25,279000
20221103,11:14:45,41690.00,25,279000
20221103,11:14:57,41694.95,25,279150
20221103,11:15:05,41690.00,50,279150
20221103,11:15:12,41696.95,50,279150
20221103,11:15:14,41700.00,250,279150
20221103,11:15:15,41702.65,225,279150
20221103,11:15:19,41713.25,175,279150
20221103,11:15:20,41715.00,50,279150
20221103,11:15:22,41722.00,50,279150
20221103,11:15:24,41725.95,75,279150
20221103,11:15:27,41728.85,25,279150
20221103,11:15:34,41730.00,50,279150
20221103,11:15:42,41730.00,25,279150
20221103,11:15:47,41717.55,25,279150
20221103,11:15:49,41717.40,125,279150
20221103,11:15:54,41720.00,25,279150
20221103,11:15:57,41714.00,25,279150
20221103,11:16:02,41711.05,75,279150
20221103,11:16:07,41715.15,25,279150
20221103,11:16:18,41717.75,50,279150
20221103,11:16:23,41714.00,50,279150
20221103,11:16:28,41714.00,50,279150
20221103,11:16:33,41708.20,50,279150
20221103,11:16:37,41706.20,75,279150
20221103,11:16:42,41708.10,175,279150
20221103,11:16:52,41711.65,25,279150
20221103,11:17:00,41720.00,25,279150
20221103,11:17:02,41719.05,25,279150
20221103,11:17:17,41727.00,75,279150
20221103,11:17:27,41721.05,25,279150
20221103,11:17:39,41718.05,75,279150
20221103,11:17:43,41729.10,50,279150
20221103,11:17:51,41722.00,125,279150
20221103,11:17:59,41722.85,50,280225
20221103,11:18:01,41723.85,75,280225
20221103,11:18:06,41719.10,100,280225
20221103,11:18:09,41713.00,25,280225
20221103,11:18:12,41713.00,50,280225
20221103,11:18:27,41706.05,25,280225
20221103,11:18:35,41706.05,25,280225
20221103,11:18:58,41700.15,25,280225
20221103,11:19:01,41705.80,25,280225
20221103,11:19:03,41700.20,25,280225
20221103,11:19:06,41706.00,25,280225
20221103,11:19:14,41707.75,25,280225
20221103,11:19:21,41711.05,50,280225
20221103,11:19:34,41713.00,100,280225
20221103,11:19:37,41715.00,75,280225
20221103,11:19:52,41711.70,25,280225
20221103,11:20:03,41715.50,25,280225
20221103,11:20:07,41720.00,25,280225
20221103,11:20:08,41720.00,25,280225
20221103,11:20:15,41720.00,50,280225
20221103,11:20:17,41716.35,100,280225
20221103,11:20:20,41715.00,25,280225
20221103,11:20:22,41711.70,75,280225
20221103,11:20:23,41712.45,25,280225
20221103,11:20:38,41705.40,50,280225
20221103,11:20:40,41705.00,50,280225
20221103,11:20:50,41704.90,25,280225
20221103,11:20:58,41702.45,25,280750
20221103,11:21:00,41705.30,100,280750
20221103,11:21:03,41711.00,50,280750
20221103,11:21:13,41713.00,25,280750
20221103,11:21:28,41719.85,25,280750
20221103,11:21:36,41720.00,100,280750
20221103,11:21:41,41730.00,100,280750
20221103,11:21:44,41740.00,125,280750
20221103,11:22:01,41744.90,25,280750
20221103,11:22:03,41744.90,75,280750
20221103,11:22:06,41751.00,875,280750
20221103,11:22:08,41760.00,225,280750
20221103,11:22:13,41760.00,125,280750
20221103,11:22:18,41746.25,50,280750
20221103,11:22:21,41745.30,25,280750
20221103,11:22:23,41745.05,75,280750
20221103,11:22:28,41744.55,50,280750
20221103,11:22:33,41744.05,25,280750
20221103,11:22:34,41743.85,25,280750
20221103,11:22:44,41743.80,50,280750
20221103,11:22:46,41743.00,25,280750
20221103,11:22:48,41742.70,25,280750
20221103,11:22:49,41741.60,75,280750
20221103,11:22:51,41740.00,25,280750
20221103,11:22:53,41737.05,75,280750
20221103,11:23:06,41735.00,25,280750
20221103,11:23:11,41734.75,75,280750
20221103,11:23:17,41734.25,50,280750
20221103,11:23:19,41735.00,25,280750
20221103,11:23:47,41742.00,50,280750
20221103,11:24:15,41745.75,50,281075
20221103,11:24:28,41746.00,25,281075
20221103,11:24:37,41745.05,50,281075
20221103,11:24:53,41745.00,25,281075
20221103,11:24:55,41742.95,25,281075
20221103,11:24:56,41742.55,25,281075
20221103,11:25:05,41741.60,100,281075
20221103,11:25:06,41741.35,50,281075
20221103,11:25:08,41740.00,25,281075
20221103,11:25:10,41738.55,25,281075
20221103,11:25:15,41738.30,50,281075
20221103,11:25:21,41737.80,25,281075
20221103,11:25:24,41740.00,25,281075
20221103,11:25:29,41724.00,175,281075
20221103,11:25:42,41726.50,25,281075
20221103,11:25:47,41722.05,25,281075
20221103,11:25:56,41724.00,25,281075
20221103,11:26:31,41709.85,25,281075
20221103,11:26:34,41709.50,50,281075
20221103,11:26:37,41708.80,25,281075
20221103,11:26:50,41708.45,25,281075
20221103,11:26:52,41711.40,50,281075
20221103,11:26:58,41708.65,25,281350
20221103,11:27:08,41711.00,25,281350
20221103,11:27:13,41712.35,25,281350
20221103,11:27:34,41713.95,25,281350
20221103,11:27:39,41716.00,25,281350
20221103,11:27:50,41720.00,25,281350
20221103,11:28:02,41720.00,25,281350
20221103,11:28:05,41719.95,75,281350
20221103,11:28:22,41705.00,100,281350
20221103,11:28:23,41709.95,50,281350
20221103,11:28:32,41711.00,75,281350
20221103,11:28:33,41703.70,25,281350
20221103,11:28:40,41710.95,175,281350
20221103,11:28:43,41704.50,25,281350
20221103,11:28:45,41710.00,25,281350
20221103,11:28:46,41710.30,25,281350
20221103,11:28:48,41710.25,25,281350
20221103,11:29:02,41718.95,100,281350
20221103,11:29:09,41706.40,25,281350
20221103,11:29:50,41710.00,25,281350
20221103,11:29:55,41716.85,50,281350
20221103,11:30:20,41704.00,75,281425
20221103,11:30:28,41696.95,50,281425
20221103,11:30:33,41694.00,100,281425
20221103,11:30:35,41694.85,25,281425
20221103,11:30:45,41695.10,125,281425
20221103,11:30:50,41690.45,100,281425
20221103,11:30:51,41695.00,25,281425
20221103,11:30:55,41695.00,25,281425
20221103,11:30:58,41697.95,25,281425
20221103,11:31:06,41691.95,25,281425
20221103,11:31:11,41690.00,25,281425
20221103,11:31:16,41681.95,25,281425
20221103,11:31:19,41675.10,25,281425
20221103,11:31:29,41687.00,50,281425
20221103,11:31:36,41682.45,25,281425
20221103,11:32:22,41700.00,50,281425
20221103,11:32:30,41703.00,75,281425
20221103,11:32:40,41697.05,50,281425
20221103,11:32:57,41693.85,25,281375
20221103,11:33:03,41699.90,25,281375
20221103,11:33:23,41688.35,25,281375
20221103,11:34:38,41688.35,25,281375
20221103,11:34:49,41682.50,25,281375
20221103,11:34:57,41676.65,25,281375
20221103,11:35:02,41675.00,25,281375
20221103,11:35:22,41677.10,75,281375
20221103,11:35:29,41675.90,25,281375
20221103,11:35:35,41671.05,75,281375
20221103,11:35:38,41670.45,25,281375
20221103,11:35:46,41664.00,25,281375
20221103,11:35:48,41662.00,25,281375
20221103,11:35:51,41656.30,350,281375
20221103,11:35:54,41655.15,100,281375
20221103,11:36:14,41658.10,75,281550
20221103,11:36:19,41658.10,25,281550
20221103,11:36:24,41659.75,25,281550
20221103,11:36:27,41660.45,25,281550
20221103,11:36:57,41660.00,100,281550
20221103,11:37:20,41659.75,25,281550
20221103,11:37:31,41660.65,25,281550
20221103,11:37:52,41669.10,25,281550
20221103,11:38:02,41676.60,25,281550
20221103,11:38:05,41673.50,25,281550
20221103,11:38:08,41671.95,125,281550
20221103,11:38:18,41671.95,200,281550
20221103,11:38:52,41667.85,25,281550
20221103,11:38:54,41669.40,25,281550
20221103,11:38:59,41670.00,100,281600
20221103,11:39:00,41670.00,25,281600
20221103,11:39:14,41670.80,25,281600
20221103,11:39:17,41678.95,25,281600
20221103,11:39:24,41668.90,25,281600
20221103,11:39:49,41666.25,25,281600
20221103,11:39:55,41660.65,25,281600
20221103,11:40:07,41656.30,100,281600
20221103,11:40:18,41650.00,50,281600
20221103,11:40:20,41650.00,25,281600
20221103,11:40:32,41640.15,75,281600
20221103,11:40:35,41644.75,25,281600
20221103,11:40:38,41640.00,25,281600
20221103,11:40:48,41647.55,25,281600
20221103,11:41:01,41640.00,75,281600
20221103,11:41:03,41641.80,25,281600
20221103,11:41:11,41637.40,25,281600
20221103,11:41:38,41630.60,75,281600
20221103,11:41:40,41620.05,75,281600
20221103,11:41:43,41620.00,25,281600
20221103,11:41:48,41614.95,50,281600
20221103,11:41:53,41620.05,25,281600
20221103,11:41:56,41615.00,25,281600
20221103,11:42:00,41610.00,25,281600
20221103,11:42:01,41601.05,25,281550
20221103,11:42:18,41601.95,50,281550
20221103,11:42:31,41601.05,25,281550
20221103,11:42:36,41605.55,25,281550
20221103,11:42:54,41618.80,25,281550
20221103,11:43:07,41612.65,25,281550
20221103,11:43:09,41611.20,25,281550
20221103,11:43:19,41612.00,25,281550
20221103,11:43:31,41614.55,25,281550
20221103,11:43:46,41625.25,25,281550
20221103,11:43:47,41628.05,25,281550
20221103,11:44:14,41613.15,25,281550
20221103,11:44:19,41612.00,50,281550
20221103,11:44:24,41612.00,25,281550
20221103,11:44:29,41612.00,75,281550
20221103,11:44:49,41610.00,50,281550
20221103,11:44:54,41601.00,200,281550
20221103,11:45:00,41591.00,250,281225
20221103,11:45:09,41591.00,50,281225
20221103,11:45:10,41590.00,75,281225
20221103,11:45:12,41587.25,175,281225
20221103,11:45:14,41583.00,25,281225
20221103,11:45:19,41581.00,75,281225
20221103,11:45:24,41586.45,25,281225
20221103,11:45:27,41582.00,75,281225
20221103,11:45:29,41583.05,100,281225
20221103,11:45:32,41593.30,100,281225
20221103,11:45:34,41597.55,25,281225
20221103,11:45:42,41588.25,25,281225
20221103,11:45:46,41594.25,25,281225
20221103,11:45:56,41583.05,25,281225
20221103,11:45:59,41583.05,75,281225
20221103,11:46:05,41581.15,25,281225
20221103,11:46:13,41600.00,25,281225
20221103,11:46:39,41612.40,25,281225
20221103,11:46:44,41619.65,25,281225
20221103,11:46:46,41620.05,25,281225
20221103,11:47:04,41631.00,100,281225
20221103,11:47:10,41632.75,25,281225
20221103,11:47:48,41628.80,25,281225
20221103,11:48:36,41600.15,25,281025
20221103,11:48:56,41607.25,25,281025
20221103,11:49:01,41600.15,50,281025
20221103,11:49:17,41605.90,25,281025
20221103,11:49:36,41614.90,50,281025
20221103,11:50:02,41605.90,50,281025
20221103,11:50:04,41605.00,25,281025
20221103,11:50:22,41608.00,25,281025
20221103,11:50:28,41601.45,25,281025
20221103,11:50:48,41599.60,25,281025
20221103,11:50:55,41601.95,25,281025
20221103,11:51:37,41601.95,25,281075
20221103,11:51:44,41602.20,25,281075
20221103,11:52:01,41602.00,25,281075
20221103,11:52:11,41601.95,25,281075
20221103,11:52:35,41595.10,50,281075
20221103,11:52:37,41595.10,50,281075
20221103,11:52:42,41593.60,25,281075
20221103,11:52:53,41599.95,50,281075
20221103,11:52:55,41591.15,25,281075
20221103,11:53:09,41596.60,100,281075
20221103,11:53:12,41591.00,25,281075
20221103,11:53:17,41599.95,25,281075
20221103,11:53:19,41603.00,100,281075
20221103,11:53:31,41631.75,25,281075
20221103,11:53:32,41622.45,25,281075
20221103,11:53:36,41624.95,25,281075
20221103,11:53:44,41617.90,25,281075
20221103,11:53:46,41617.95,25,281075
20221103,11:53:47,41613.00,25,281075
20221103,11:53:51,41611.00,25,281075
20221103,11:53:52,41611.95,25,281075
20221103,11:53:56,41614.60,25,281075
20221103,11:54:01,41620.00,25,280925
20221103,11:54:19,41613.25,25,280925
20221103,11:54:25,41605.15,25,280925
20221103,11:54:33,41598.30,100,280925
20221103,11:54:45,41591.15,25,280925
20221103,11:54:52,41598.30,25,280925
20221103,11:55:00,41590.00,50,280925
20221103,11:55:01,41575.00,200,280925
20221103,11:55:03,41575.00,125,280925
20221103,11:55:10,41575.05,25,280925
20221103,11:55:15,41581.90,100,280925
20221103,11:55:21,41585.25,25,280925
20221103,11:55:23,41588.25,25,280925
20221103,11:55:31,41590.00,100,280925
20221103,11:55:34,41594.20,100,280925
20221103,11:55:39,41588.00,25,280925
20221103,11:56:06,41607.00,75,280925
20221103,11:56:22,41600.85,25,280925
20221103,11:56:26,41600.40,300,280925
20221103,11:57:24,41603.40,25,280925
20221103,11:57:28,41602.20,200,280925
20221103,11:57:58,41619.80,50,280925
20221103,11:59:00,41609.70,25,280925
20221103,11:59:06,41611.95,25,280925
20221103,11:59:27,41612.95,25,280925
20221103,11:59:30,41611.00,50,280925
20221103,11:59:31,41619.95,25,280925
20221103,11:59:38,41633.90,100,280925
20221103,11:59:41,41623.90,25,280925
20221103,12:00:29,41623.90,50,281150
20221103,12:00:30,41631.00,50,281150
20221103,12:00:32,41625.45,25,281150
20221103,12:00:37,41626.95,25,281150
20221103,12:00:44,41629.85,25,281150
20221103,12:01:01,41617.65,25,281150
20221103,12:01:34,41616.60,250,281150
20221103,12:01:39,41618.95,25,281150
20221103,12:01:53,41619.05,25,281150
20221103,12:03:24,41625.90,100,281300
20221103,12:04:19,41621.00,25,281300
20221103,12:04:27,41621.00,75,281300
20221103,12:04:30,41630.00,275,281300
20221103,12:04:34,41640.00,125,281300
20221103,12:05:06,41630.00,25,281300
20221103,12:05:34,41637.05,25,281300
20221103,12:05:52,41635.05,25,281300
20221103,12:06:35,41635.05,25,281425
20221103,12:07:22,41635.05,25,281425
20221103,12:08:19,41619.00,50,281425
20221103,12:08:41,41612.95,25,281425
20221103,12:09:58,41600.00,75,281475
20221103,12:10:05,41596.50,25,281475
20221103,12:10:43,41601.05,25,281475
20221103,12:10:51,41600.00,125,281475
20221103,12:10:56,41601.05,25,281475
20221103,12:14:25,41621.65,25,281650
20221103,12:14:31,41618.10,25,281650
20221103,12:14:35,41610.00,25,281650
20221103,12:14:57,41609.00,25,281650
20221103,12:15:03,41605.00,25,281650
20221103,12:15:15,41600.00,25,281650
20221103,12:15:23,41592.05,50,281700
20221103,12:15:58,41600.00,125,281700
20221103,12:17:17,41603.20,50,281700
20221103,12:17:50,41599.90,25,281700
20221103,12:18:34,41595.00,50,281650
20221103,12:18:36,41590.00,25,281650
20221103,12:19:02,41586.05,100,281650
20221103,12:19:10,41593.35,25,281650
20221103,12:19:22,41594.65,25,281650
20221103,12:19:30,41591.75,25,281650
20221103,12:19:47,41587.05,50,281650
20221103,12:20:12,41581.00,100,281650
20221103,12:20:13,41580.00,25,281650
20221103,12:20:32,41583.60,125,281650
20221103,12:20:38,41578.05,25,281650
20221103,12:22:39,41595.00,25,281725
20221103,12:22:41,41598.05,25,281725
20221103,12:22:54,41600.00,25,281725
20221103,12:22:59,41607.05,25,281725
20221103,12:23:25,41601.15,50,281725
20221103,12:25:11,41584.10,25,281675
20221103,12:25:35,41580.00,25,281675
20221103,12:25:51,41579.30,25,281675
20221103,12:26:31,41587.85,25,281675
20221103,12:26:34,41585.00,25,281675
20221103,12:26:41,41586.90,25,281675
20221103,12:26:42,41579.30,125,281675
20221103,12:26:44,41575.00,75,281675
20221103,12:27:01,41572.00,25,281675
20221103,12:27:02,41570.00,75,281675
20221103,12:27:22,41577.00,50,281700
20221103,12:27:54,41583.35,100,281700
20221103,12:28:15,41590.45,25,281700
20221103,12:28:20,41599.00,25,281700
20221103,12:28:35,41617.65,125,281700
20221103,12:29:06,41612.95,50,281700
20221103,12:29:40,41611.95,50,281700
20221103,12:29:44,41609.70,125,281700
20221103,12:29:45,41607.95,25,281700
20221103,12:30:07,41603.95,25,281700
20221103,12:30:23,41603.95,100,281750
20221103,12:31:11,41613.55,25,281750
20221103,12:31:27,41603.95,125,281750
20221103,12:31:28,41601.30,25,281750
20221103,12:31:35,41596.00,25,281750
20221103,12:33:02,41593.90,25,281750
20221103,12:33:03,41593.90,25,281750
20221103,12:33:08,41592.00,50,281675
20221103,12:33:54,41589.85,50,281675
20221103,12:34:08,41589.00,25,281675
20221103,12:35:00,41584.00,50,281675
20221103,12:35:01,41575.50,25,281675
20221103,12:35:06,41580.05,100,281675
20221103,12:35:18,41570.10,50,281675
20221103,12:35:20,41563.35,100,281675
20221103,12:35:29,41569.90,25,281675
20221103,12:35:36,41569.90,25,281675
20221103,12:35:39,41568.00,75,281675
20221103,12:35:48,41563.15,25,281675
20221103,12:36:52,41567.20,25,281700
20221103,12:36:57,41571.80,25,281700
20221103,12:37:01,41571.80,25,281700
20221103,12:37:22,41569.55,25,281700
20221103,12:38:04,41569.55,25,281700
20221103,12:38:07,41565.00,75,281700
20221103,12:38:20,41558.20,50,281700
20221103,12:38:34,41562.50,25,281700
20221103,12:38:52,41571.85,100,281700
20221103,12:39:54,41575.00,25,281700
20221103,12:39:59,41575.95,25,281700
20221103,12:40:43,41575.00,25,281700
20221103,12:40:53,41568.10,25,281700
20221103,12:41:11,41575.95,125,281700
20221103,12:41:13,41575.90,25,281700
20221103,12:41:20,41580.00,25,281700
20221103,12:41:26,41596.50,250,281700
20221103,12:43:44,41575.40,100,281800
20221103,12:43:54,41575.40,25,281800
20221103,12:44:04,41575.40,25,281800
20221103,12:44:10,41575.00,25,281800
20221103,12:44:14,41575.00,150,281800
20221103,12:45:15,41571.45,25,281900
20221103,12:45:17,41571.45,25,281900
20221103,12:45:27,41579.90,25,281900
20221103,12:46:22,41579.00,25,281900
20221103,12:46:48,41576.00,25,281900
20221103,12:49:37,41580.00,500,281850
20221103,12:49:45,41581.20,25,281850
20221103,12:50:38,41584.15,25,281850
20221103,12:50:41,41590.00,25,281850
20221103,12:51:29,41585.05,25,282350
20221103,12:52:12,41568.05,200,282350
20221103,12:52:22,41569.05,25,282350
20221103,12:52:25,41567.05,25,282350
20221103,12:53:09,41557.05,50,282350
20221103,12:53:29,41553.00,75,282350
20221103,12:53:36,41557.05,25,282350
20221103,12:54:02,41557.05,25,282350
20221103,12:54:20,41560.50,100,282250
20221103,12:54:23,41553.05,50,282250
20221103,12:54:31,41553.00,50,282250
20221103,12:54:36,41553.00,25,282250
20221103,12:54:47,41550.00,300,282250
20221103,12:55:20,41550.00,25,282250
20221103,12:55:22,41550.00,75,282250
20221103,12:55:33,41552.00,100,282250
20221103,12:55:44,41554.50,25,282250
20221103,12:55:58,41545.00,25,282250
20221103,12:56:19,41546.00,100,282250
20221103,12:56:22,41547.45,25,282250
20221103,12:56:26,41547.00,25,282250
20221103,12:56:31,41546.00,25,282250
20221103,12:56:39,41547.80,100,282250
20221103,12:56:57,41554.50,75,282250
20221103,12:57:02,41554.50,75,282250
20221103,12:57:35,41547.80,25,282575
20221103,12:57:44,41554.45,25,282575
20221103,12:57:45,41554.30,25,282575
20221103,12:57:47,41548.25,25,282575
20221103,12:57:52,41555.00,50,282575
20221103,12:58:42,41560.00,25,282575
20221103,13:00:04,41546.70,50,282575
20221103,13:00:30,41550.45,25,282575
20221103,13:00:45,41551.50,250,282600
20221103,13:00:53,41560.00,275,282600
20221103,13:01:08,41557.75,25,282600
20221103,13:01:27,41567.05,25,282600
20221103,13:01:45,41566.80,50,282600
20221103,13:01:50,41565.80,50,282600
20221103,13:02:49,41565.80,25,282600
20221103,13:03:08,41561.40,25,282600
20221103,13:03:19,41550.00,50,282650
20221103,13:03:37,41545.00,50,282650
20221103,13:03:42,41545.00,25,282650
20221103,13:03:48,41545.00,75,282650
20221103,13:03:56,41548.00,25,282650
20221103,13:04:16,41549.10,125,282650
20221103,13:04:33,41548.00,25,282650
20221103,13:04:41,41549.00,25,282650
20221103,13:04:43,41548.00,25,282650
20221103,13:04:45,41554.65,25,282650
20221103,13:04:59,41553.95,25,282650
20221103,13:05:07,41551.40,25,282650
20221103,13:05:11,41551.90,25,282650
20221103,13:06:22,41542.50,25,282700
20221103,13:06:53,41551.90,50,282700
20221103,13:07:08,41551.90,25,282700
20221103,13:07:41,41551.90,25,282700
20221103,13:08:37,41550.00,25,282700
20221103,13:09:03,41565.00,25,282700
20221103,13:09:08,41564.85,25,282700
20221103,13:09:16,41570.00,25,282725
20221103,13:09:18,41573.00,50,282725
20221103,13:09:21,41579.20,250,282725
20221103,13:09:26,41591.90,75,282725
20221103,13:09:35,41597.70,125,282725
20221103,13:09:40,41592.50,25,282725
20221103,13:09:48,41586.85,25,282725
20221103,13:09:58,41593.95,125,282725
20221103,13:10:19,41586.85,25,282725
20221103,13:10:44,41585.05,50,282725
20221103,13:11:02,41589.55,25,282725
20221103,13:11:04,41593.95,50,282725
20221103,13:11:26,41616.70,50,282725
20221103,13:11:32,41611.45,25,282725
20221103,13:11:42,41616.70,25,282725
20221103,13:11:46,41620.00,25,282725
20221103,13:11:54,41630.00,25,282725
20221103,13:11:56,41638.95,100,282725
20221103,13:12:04,41631.75,25,282725
20221103,13:12:07,41640.95,25,282725
20221103,13:12:09,41634.15,25,282725
20221103,13:12:14,41641.95,25,282725
20221103,13:12:21,41633.00,25,282775
20221103,13:12:37,41636.95,25,282775
20221103,13:12:46,41631.95,25,282775
20221103,13:12:54,41626.90,100,282775
20221103,13:13:01,41635.00,25,282775
20221103,13:13:02,41642.50,25,282775
20221103,13:13:04,41638.05,25,282775
20221103,13:13:11,41648.95,25,282775
20221103,13:13:19,41654.45,300,282775
20221103,13:13:21,41655.00,25,282775
20221103,13:13:22,41652.00,25,282775
20221103,13:13:41,41642.10,125,282775
20221103,13:13:44,41639.25,25,282775
20221103,13:13:46,41647.95,25,282775
20221103,13:13:54,41645.25,75,282775
20221103,13:13:56,41647.45,125,282775
20221103,13:14:00,41646.95,25,282775
20221103,13:14:07,41638.20,25,282775
20221103,13:14:39,41642.05,25,282775
20221103,13:14:57,41650.00,75,282775
20221103,13:14:58,41644.10,250,282775
20221103,13:15:20,41657.95,250,282750
20221103,13:15:27,41660.00,25,282750
20221103,13:15:37,41663.95,100,282750
20221103,13:15:43,41650.00,50,282750
20221103,13:15:50,41644.65,125,282750
20221103,13:16:21,41654.75,125,282750
20221103,13:16:38,41648.25,25,282750
20221103,13:16:43,41653.55,25,282750
20221103,13:16:53,41644.00,50,282750
20221103,13:17:16,41631.15,200,282750
20221103,13:17:20,41634.40,25,282750
20221103,13:17:25,41633.15,50,282750
20221103,13:17:38,41631.00,25,282750
20221103,13:17:48,41631.00,25,282750
20221103,13:17:54,41631.00,25,282750
20221103,13:17:58,41631.00,25,282750
20221103,13:18:21,41631.00,25,282650
20221103,13:18:44,41630.20,25,282650
20221103,13:18:54,41637.45,50,282650
20221103,13:19:04,41630.05,25,282650
20221103,13:19:41,41637.00,25,282650
20221103,13:19:50,41634.20,25,282650
20221103,13:20:03,41650.00,25,282650
20221103,13:20:05,41654.75,225,282650
20221103,13:20:08,41680.00,100,282650
20221103,13:20:31,41675.65,50,282650
20221103,13:20:45,41679.95,25,282650
20221103,13:20:57,41677.50,25,282650
20221103,13:21:00,41675.00,25,282650
20221103,13:21:10,41675.00,200,282650
20221103,13:22:07,41668.25,25,282725
20221103,13:22:18,41674.85,150,282725
20221103,13:23:03,41664.75,25,282725
20221103,13:23:29,41650.00,50,282725
20221103,13:23:31,41650.00,200,282725
20221103,13:23:45,41650.35,25,282725
20221103,13:23:47,41652.25,100,282725
20221103,13:23:50,41660.00,25,282725
20221103,13:24:04,41660.00,25,282725
20221103,13:24:56,41663.90,75,282950
20221103,13:25:03,41664.45,25,282950
20221103,13:25:20,41664.55,25,282950
20221103,13:25:33,41668.75,25,282950
20221103,13:25:38,41670.00,25,282950
20221103,13:25:40,41664.45,125,282950
20221103,13:25:46,41654.75,250,282950
20221103,13:26:03,41675.00,50,282950
20221103,13:26:11,41680.00,50,282950
20221103,13:26:15,41680.00,225,282950
20221103,13:26:21,41672.10,25,282950
20221103,13:26:28,41672.10,25,282950
20221103,13:26:30,41682.70,25,282950
20221103,13:26:38,41679.35,200,282950
20221103,13:26:51,41668.85,25,282950
20221103,13:27:21,41684.45,25,283325
20221103,13:27:28,41690.00,50,283325
20221103,13:27:36,41689.85,50,283325
20221103,13:28:03,41666.15,25,283325
20221103,13:28:05,41669.50,50,283325
20221103,13:28:10,41676.95,50,283325
20221103,13:28:20,41670.45,25,283325
20221103,13:28:43,41664.20,125,283325
20221103,13:29:08,41652.60,25,283325
20221103,13:29:15,41664.70,150,283325
20221103,13:29:33,41659.95,25,283325
20221103,13:29:38,41652.45,25,283325
20221103,13:29:55,41655.15,25,283325
20221103,13:30:04,41663.95,25,283325
20221103,13:30:19,41656.10,75,283400
20221103,13:30:29,41655.00,25,283400
20221103,13:30:36,41650.00,275,283400
20221103,13:30:56,41644.95,25,283400
20221103,13:31:02,41640.15,50,283400
20221103,13:31:12,41641.85,25,283400
20221103,13:31:22,41641.95,25,283400
20221103,13:31:24,41634.85,25,283400
20221103,13:31:32,41640.90,25,283400
20221103,13:31:36,41634.85,25,283400
20221103,13:31:41,41634.00,25,283400
20221103,13:31:42,41633.05,25,283400
20221103,13:32:02,41649.85,50,283400
20221103,13:32:27,41643.45,25,283400
20221103,13:32:32,41642.95,25,283400
20221103,13:33:23,41644.70,50,283625
20221103,13:33:30,41640.00,25,283625
20221103,13:33:52,41650.00,25,283625
20221103,13:33:55,41659.90,25,283625
20221103,13:34:07,41658.95,75,283625
20221103,13:34:33,41660.00,50,283625
20221103,13:35:18,41654.55,25,283625
20221103,13:35:52,41654.55,25,283625
20221103,13:36:05,41660.55,50,283625
20221103,13:36:10,41660.25,25,283625
20221103,13:36:13,41658.60,25,283625
20221103,13:37:10,41668.40,50,283650
20221103,13:37:34,41673.95,25,283650
20221103,13:37:37,41672.85,25,283650
20221103,13:38:05,41672.00,25,283650
20221103,13:38:12,41668.00,25,283650
20221103,13:38:17,41672.00,25,283650
20221103,13:38:25,41680.00,175,283650
20221103,13:38:27,41680.00,25,283650
20221103,13:38:32,41680.00,100,283650
20221103,13:38:44,41688.95,25,283650
20221103,13:38:47,41683.50,25,283650
20221103,13:38:55,41681.90,25,283650
20221103,13:39:13,41680.00,25,283650
20221103,13:39:17,41683.50,25,283650
20221103,13:39:23,41690.00,125,283425
20221103,13:39:25,41697.95,100,283425
20221103,13:39:32,41705.00,1025,283425
20221103,13:39:38,41712.65,25,283425
20221103,13:39:50,41715.00,100,283425
20221103,13:39:51,41708.90,50,283425
20221103,13:40:05,41714.95,25,283425
20221103,13:40:10,41708.90,25,283425
20221103,13:40:16,41700.15,50,283425
20221103,13:40:20,41700.15,25,283425
20221103,13:40:41,41702.35,25,283425
20221103,13:40:45,41704.15,25,283425
20221103,13:40:46,41711.00,50,283425
20221103,13:41:04,41709.75,25,283425
20221103,13:41:06,41711.00,175,283425
20221103,13:41:14,41714.00,150,283425
20221103,13:41:51,41718.55,75,283425
20221103,13:41:56,41719.25,50,283425
20221103,13:42:07,41719.95,25,283425
20221103,13:42:24,41719.25,125,283750
20221103,13:42:32,41719.25,25,283750
20221103,13:42:36,41716.15,75,283750
20221103,13:42:46,41716.15,25,283750
20221103,13:42:49,41721.35,75,283750
20221103,13:43:06,41715.00,25,283750
20221103,13:43:10,41713.30,25,283750
20221103,13:43:27,41710.00,25,283750
20221103,13:43:33,41718.00,50,283750
20221103,13:43:42,41720.00,25,283750
20221103,13:43:45,41725.00,100,283750
20221103,13:43:55,41720.55,25,283750
20221103,13:43:58,41725.00,50,283750
20221103,13:44:05,41721.90,25,283750
20221103,13:44:06,41721.55,50,283750
20221103,13:44:08,41725.00,25,283750
20221103,13:44:19,41718.15,25,283750
20221103,13:44:21,41715.15,50,283750
20221103,13:44:26,41709.45,25,283750
20221103,13:44:52,41716.55,75,283750
20221103,13:45:04,41724.95,25,283750
20221103,13:45:27,41720.00,100,283800
20221103,13:45:32,41719.75,25,283800
20221103,13:45:47,41712.15,50,283800
20221103,13:46:02,41708.65,100,283800
20221103,13:46:15,41695.15,25,283800
20221103,13:46:26,41695.00,75,283800
20221103,13:46:29,41695.85,25,283800
20221103,13:46:55,41686.20,25,283800
20221103,13:47:11,41688.80,50,283800
20221103,13:47:29,41685.00,25,283800
20221103,13:47:47,41680.00,25,283800
20221103,13:47:49,41680.00,25,283800
20221103,13:48:02,41681.50,25,283800
20221103,13:48:09,41687.95,25,283800
20221103,13:48:23,41690.00,25,283725
20221103,13:48:27,41687.95,25,283725
20221103,13:48:59,41683.00,25,283725
20221103,13:49:02,41689.95,25,283725
20221103,13:49:19,41679.45,50,283725
20221103,13:49:24,41678.95,50,283725
20221103,13:49:27,41679.95,25,283725
20221103,13:49:53,41666.40,200,283725
20221103,13:49:59,41666.85,25,283725
20221103,13:50:09,41665.00,25,283725
20221103,13:50:16,41666.95,25,283725
20221103,13:50:57,41672.65,25,283725
20221103,13:51:14,41670.75,25,283725
20221103,13:51:16,41668.85,50,283725
20221103,13:51:34,41651.00,25,283650
20221103,13:51:42,41656.65,50,283650
20221103,13:53:34,41656.65,25,283650
20221103,13:53:58,41652.00,25,283650
20221103,13:54:41,41659.95,25,283650
20221103,13:55:07,41651.00,25,283650
20221103,13:55:15,41650.00,50,283650
20221103,13:55:18,41650.00,50,283650
20221103,13:55:30,41650.00,50,283650
20221103,13:56:03,41639.90,25,283650
20221103,13:56:04,41633.90,25,283650
20221103,13:56:08,41637.50,25,283650
20221103,13:56:09,41630.00,25,283650
20221103,13:56:19,41620.00,25,283650
20221103,13:56:27,41610.00,25,283650
20221103,13:56:29,41610.75,125,283650
20221103,13:56:30,41613.45,50,283650
20221103,13:56:45,41610.00,50,283650
20221103,13:56:56,41601.10,25,283650
20221103,13:57:05,41607.90,50,283650
20221103,13:57:08,41609.00,125,283650
20221103,13:57:16,41605.00,25,283650
20221103,13:57:18,41605.00,75,283650
20221103,13:57:21,41605.30,25,283650
20221103,13:57:29,41600.30,100,283625
20221103,13:57:36,41603.95,50,283625
20221103,13:57:38,41603.95,25,283625
20221103,13:57:39,41600.00,25,283625
20221103,13:57:44,41600.65,25,283625
20221103,13:57:51,41603.95,25,283625
20221103,13:57:58,41611.05,125,283625
20221103,13:57:59,41610.95,25,283625
20221103,13:58:14,41601.00,25,283625
20221103,13:58:19,41608.00,100,283625
20221103,13:58:23,41601.35,25,283625
20221103,13:58:29,41600.00,25,283625
20221103,13:58:33,41600.40,25,283625
20221103,13:58:38,41600.00,75,283625
20221103,13:58:39,41600.00,150,283625
20221103,13:58:48,41598.95,25,283625
20221103,13:58:49,41595.00,25,283625
20221103,13:59:08,41600.70,50,283625
20221103,13:59:09,41602.50,25,283625
20221103,13:59:14,41613.95,25,283625
20221103,14:00:02,41613.95,25,283625
20221103,14:00:10,41614.00,75,283625
20221103,14:00:20,41613.95,25,283500
20221103,14:00:22,41613.95,25,283500
20221103,14:00:55,41613.95,25,283500
20221103,14:00:57,41620.55,50,283500
20221103,14:01:15,41616.05,100,283500
20221103,14:01:18,41621.45,25,283500
20221103,14:01:29,41620.30,25,283500
20221103,14:01:39,41620.55,25,283500
20221103,14:02:00,41621.45,25,283500
20221103,14:02:12,41631.00,50,283500
20221103,14:02:22,41631.00,25,283500
20221103,14:02:29,41646.30,25,283500
20221103,14:02:34,41642.05,25,283500
20221103,14:02:49,41630.00,25,283500
20221103,14:03:00,41629.95,50,283500
20221103,14:03:40,41628.00,25,283400
20221103,14:04:49,41641.00,25,283400
20221103,14:05:22,41650.00,50,283400
20221103,14:05:42,41650.05,25,283400
20221103,14:06:02,41650.10,25,283400
20221103,14:06:35,41657.05,300,283350
20221103,14:06:56,41657.90,25,283350
20221103,14:07:08,41654.05,100,283350
20221103,14:07:17,41657.05,25,283350
20221103,14:07:28,41658.05,25,283350
20221103,14:07:30,41666.00,25,283350
20221103,14:07:35,41674.05,25,283350
20221103,14:07:38,41685.30,25,283350
20221103,14:07:43,41685.30,25,283350
20221103,14:07:46,41683.50,25,283350
20221103,14:07:55,41680.00,25,283350
20221103,14:08:14,41669.05,100,283350
20221103,14:08:24,41665.05,25,283350
20221103,14:08:34,41668.20,25,283350
20221103,14:08:57,41666.65,25,283350
20221103,14:09:31,41649.95,25,283525
20221103,14:09:44,41645.05,25,283525
20221103,14:09:49,41645.05,25,283525
20221103,14:09:54,41646.70,75,283525
20221103,14:10:13,41638.05,25,283525
20221103,14:10:15,41639.05,25,283525
20221103,14:10:29,41647.40,450,283525
20221103,14:10:41,41652.50,25,283525
20221103,14:11:43,41666.80,25,283525
20221103,14:12:31,41664.05,75,284000
20221103,14:13:24,41661.10,25,284000
20221103,14:13:29,41661.10,25,284000
20221103,14:13:55,41658.00,25,284000
20221103,14:15:17,41635.25,25,284000
20221103,14:15:37,41641.00,25,284000
20221103,14:15:41,41645.15,25,284000
20221103,14:16:44,41625.65,50,284000
20221103,14:16:45,41622.05,25,284000
20221103,14:16:52,41622.15,25,284000
20221103,14:16:57,41620.00,50,284000
20221103,14:17:00,41625.95,100,284000
20221103,14:17:04,41620.00,175,284000
20221103,14:17:33,41620.00,25,284000
20221103,14:17:35,41620.00,175,284000
20221103,14:17:40,41616.15,50,284000
20221103,14:17:46,41619.95,75,284000
20221103,14:18:03,41619.45,75,284000
20221103,14:18:31,41610.00,75,284000
20221103,14:18:34,41612.20,50,284000
20221103,14:18:37,41613.95,50,284000
20221103,14:18:41,41614.45,50,284000
20221103,14:18:45,41616.90,25,284000
20221103,14:19:05,41613.20,25,284000
20221103,14:19:11,41605.00,25,284000
20221103,14:19:16,41602.45,50,284000
20221103,14:19:18,41600.00,25,284000
20221103,14:19:20,41595.00,200,284000
20221103,14:19:26,41595.05,25,284000
20221103,14:19:33,41599.70,100,284000
20221103,14:19:47,41595.00,50,284000
20221103,14:19:54,41595.00,25,284000
20221103,14:19:55,41591.15,100,284000
20221103,14:20:09,41595.40,50,284000
20221103,14:20:11,41604.85,50,284000
20221103,14:20:16,41598.95,25,284000
20221103,14:20:21,41605.00,75,284000
20221103,14:20:34,41605.30,25,284000
20221103,14:20:55,41610.10,75,284000
20221103,14:21:02,41610.00,25,284000
20221103,14:21:28,41610.80,25,283725
20221103,14:21:46,41605.00,25,283725
20221103,14:21:48,41600.00,25,283725
20221103,14:21:58,41602.30,50,283725
20221103,14:22:09,41604.45,25,283725
20221103,14:23:04,41604.45,25,283725
20221103,14:23:16,41603.95,25,283725
20221103,14:23:19,41610.60,150,283725
20221103,14:23:42,41605.00,25,283725
20221103,14:23:51,41603.00,50,283725
20221103,14:24:05,41595.00,25,283725
20221103,14:24:15,41590.00,25,283725
20221103,14:24:17,41590.00,50,283725
20221103,14:24:20,41581.60,50,283725
20221103,14:24:24,41581.65,50,283725
20221103,14:24:27,41583.45,50,283725
20221103,14:24:34,41585.00,50,283450
20221103,14:24:39,41585.50,50,283450
20221103,14:24:42,41593.10,50,283450
20221103,14:24:44,41592.65,100,283450
20221103,14:25:33,41585.75,25,283450
20221103,14:25:38,41582.15,25,283450
20221103,14:25:55,41595.75,25,283450
20221103,14:26:23,41597.05,25,283450
20221103,14:26:25,41599.15,50,283450
20221103,14:26:26,41601.85,50,283450
20221103,14:26:30,41604.70,50,283450
20221103,14:26:38,41607.75,25,283450
20221103,14:26:43,41610.00,25,283450
20221103,14:26:46,41615.05,25,283450
20221103,14:26:51,41610.05,25,283450
20221103,14:27:01,41606.25,25,283450
20221103,14:27:04,41609.95,100,283450
20221103,14:27:11,41608.30,25,283450
20221103,14:27:14,41608.55,50,283450
20221103,14:27:21,41604.05,25,283450
20221103,14:27:27,41607.65,125,283300
20221103,14:27:29,41610.25,50,283300
20221103,14:27:34,41610.70,50,283300
20221103,14:27:52,41616.90,50,283300
20221103,14:28:23,41616.90,50,283300
20221103,14:28:37,41616.00,25,283300
20221103,14:29:15,41617.65,50,283300
20221103,14:29:45,41622.75,100,283300
20221103,14:29:50,41620.00,75,283300
20221103,14:29:56,41630.00,50,283300
20221103,14:30:01,41630.00,50,283300
20221103,14:30:18,41627.20,50,283300
20221103,14:30:23,41630.00,25,283300
20221103,14:30:24,41634.80,25,283300
20221103,14:30:36,41645.00,25,283125
20221103,14:30:38,41644.75,50,283125
20221103,14:30:51,41648.15,100,283125
20221103,14:30:53,41642.55,25,283125
20221103,14:30:54,41647.25,100,283125
20221103,14:31:01,41646.00,125,283125
20221103,14:31:23,41646.00,25,283125
20221103,14:31:49,41646.00,50,283125
20221103,14:32:45,41642.45,50,283125
20221103,14:32:50,41646.00,25,283125
20221103,14:32:54,41646.00,25,283125
20221103,14:33:36,41650.00,100,283125
20221103,14:33:41,41661.00,250,283225
20221103,14:33:48,41662.05,25,283225
20221103,14:33:49,41666.00,75,283225
20221103,14:33:51,41669.90,25,283225
20221103,14:33:59,41670.40,25,283225
20221103,14:34:33,41642.05,25,283225
20221103,14:34:48,41652.00,25,283225
20221103,14:35:34,41631.00,25,283225
20221103,14:35:49,41631.00,25,283225
20221103,14:36:15,41647.75,50,283225
20221103,14:36:38,41650.00,25,283200
20221103,14:36:47,41650.00,100,283200
20221103,14:37:32,41647.00,25,283200
20221103,14:37:45,41647.00,50,283200
20221103,14:37:51,41650.00,25,283200
20221103,14:39:28,41650.50,375,283275
20221103,14:39:47,41647.95,50,283275
20221103,14:40:16,41643.05,25,283275
20221103,14:40:50,41659.10,100,283275
20221103,14:40:52,41666.00,25,283275
20221103,14:40:57,41670.40,25,283275
20221103,14:42:02,41647.10,50,283275
20221103,14:43:37,41641.25,250,283700
20221103,14:43:48,41642.70,50,283700
20221103,14:43:50,41644.85,50,283700
20221103,14:43:52,41647.10,25,283700
20221103,14:43:57,41645.00,300,283700
20221103,14:44:27,41633.60,25,283700
20221103,14:45:04,41637.10,25,283700
20221103,14:45:08,41647.10,50,283700
20221103,14:45:52,41635.00,50,283750
20221103,14:47:28,41633.85,150,283750
20221103,14:47:42,41627.20,75,283750
20221103,14:47:51,41632.10,25,283750
20221103,14:47:52,41626.05,25,283750
20221103,14:47:56,41621.05,50,283750
20221103,14:48:25,41620.10,50,283750
20221103,14:49:30,41647.10,50,283800
20221103,14:49:40,41650.00,50,283800
20221103,14:49:51,41663.60,25,283800
20221103,14:49:56,41670.00,50,283800
20221103,14:50:01,41663.45,50,283800
20221103,14:50:03,41670.00,50,283800
20221103,14:50:08,41662.15,25,283800
20221103,14:50:15,41651.00,50,283800
20221103,14:50:25,41648.00,25,283800
20221103,14:50:33,41646.10,25,283800
20221103,14:50:35,41646.00,25,283800
20221103,14:50:40,41637.70,50,283800
20221103,14:51:00,41658.15,25,283800
20221103,14:51:23,41651.05,50,283800
20221103,14:51:36,41650.00,75,283700
20221103,14:51:38,41650.00,25,283700
20221103,14:51:56,41654.30,25,283700
20221103,14:52:11,41659.00,25,283700
20221103,14:52:12,41660.00,25,283700
20221103,14:52:41,41654.00,25,283700
20221103,14:52:47,41660.70,50,283700
20221103,14:53:18,41649.95,25,283700
20221103,14:53:27,41650.05,50,283700
20221103,14:55:11,41641.05,25,283625
20221103,14:55:20,41638.10,100,283625
20221103,14:55:25,41639.00,50,283625
20221103,14:55:28,41647.35,50,283625
20221103,14:56:11,41649.60,200,283625
20221103,14:57:09,41650.00,100,283625
20221103,14:58:37,41654.05,200,283675
20221103,14:58:42,41651.65,25,283675
20221103,14:58:44,41654.40,100,283675
20221103,14:58:58,41660.00,400,283675
20221103,14:59:15,41650.20,25,283675
20221103,14:59:45,41650.05,425,283675
20221103,14:59:48,41650.05,25,283675
20221103,14:59:52,41658.25,25,283675
20221103,14:59:53,41649.45,200,283675
20221103,15:00:03,41670.00,75,283675
20221103,15:00:16,41680.00,100,283675
20221103,15:00:18,41680.10,50,283675
20221103,15:00:21,41682.85,100,283675
20221103,15:00:23,41690.00,25,283675
20221103,15:00:25,41690.00,100,283675
20221103,15:00:35,41675.75,50,283675
20221103,15:00:40,41675.10,50,283675
20221103,15:01:22,41684.10,25,283650
20221103,15:01:34,41690.00,50,283650
20221103,15:01:37,41692.80,25,283650
20221103,15:01:49,41682.05,25,283650
20221103,15:01:55,41675.10,25,283650
20221103,15:02:01,41678.05,25,283650
20221103,15:02:29,41674.05,50,283650
20221103,15:02:37,41672.00,50,283650
20221103,15:02:39,41674.00,75,283650
20221103,15:02:41,41674.25,50,283650
20221103,15:02:42,41678.05,25,283650
20221103,15:02:44,41680.00,25,283650
20221103,15:02:46,41680.00,25,283650
20221103,15:02:47,41680.00,50,283650
20221103,15:02:56,41679.65,50,283650
20221103,15:03:04,41669.20,25,283650
20221103,15:03:24,41673.15,75,283650
20221103,15:03:32,41669.20,25,283650
20221103,15:03:42,41668.55,50,283850
20221103,15:03:49,41660.00,500,283850
20221103,15:03:55,41650.15,50,283850
20221103,15:04:02,41650.85,25,283850
20221103,15:04:04,41650.05,25,283850
20221103,15:04:09,41640.00,50,283850
20221103,15:04:22,41628.30,75,283850
20221103,15:04:24,41627.65,25,283850
20221103,15:04:25,41636.00,50,283850
20221103,15:04:27,41633.20,25,283850
20221103,15:05:18,41629.00,250,283850
20221103,15:05:37,41634.30,50,283850
20221103,15:05:53,41647.85,25,283850
20221103,15:05:56,41639.05,25,283850
20221103,15:06:01,41639.00,25,283850
20221103,15:06:16,41642.50,50,283850
20221103,15:06:18,41642.50,25,283850
20221103,15:06:19,41641.95,50,283850
20221103,15:06:23,41642.95,25,283850
20221103,15:06:33,41635.10,25,283475
20221103,15:06:39,41635.00,25,283475
20221103,15:06:59,41635.00,25,283475
20221103,15:07:37,41635.00,25,283475
20221103,15:07:42,41635.90,25,283475
20221103,15:07:58,41656.95,50,283475
20221103,15:08:17,41654.25,25,283475
20221103,15:08:52,41630.00,25,283475
20221103,15:09:13,41640.00,25,283475
20221103,15:09:17,41637.50,75,283475
20221103,15:09:23,41641.25,50,283475
20221103,15:09:53,41638.40,25,283550
20221103,15:09:59,41637.05,75,283550
20221103,15:10:08,41637.05,25,283550
20221103,15:10:09,41637.00,25,283550
20221103,15:10:26,41634.20,50,283550
20221103,15:10:27,41641.25,25,283550
20221103,15:10:35,41637.80,25,283550
20221103,15:10:45,41638.15,50,283550
20221103,15:11:01,41646.60,25,283550
20221103,15:11:06,41644.25,25,283550
20221103,15:11:08,41644.35,50,283550
20221103,15:11:15,41650.40,25,283550
20221103,15:11:19,41655.00,25,283550
20221103,15:11:29,41651.20,25,283550
20221103,15:12:04,41661.90,25,283550
20221103,15:12:07,41655.00,25,283550
20221103,15:12:14,41658.95,75,283550
20221103,15:12:36,41650.00,50,283550
20221103,15:12:50,41652.70,50,283550
20221103,15:13:02,41646.55,25,283550
20221103,15:13:05,41648.45,100,283550
20221103,15:13:07,41648.00,225,283550
20221103,15:13:13,41647.95,50,283550
20221103,15:13:18,41646.90,25,283550
20221103,15:13:36,41649.55,25,283550
20221103,15:14:03,41645.00,25,283550
20221103,15:14:05,41641.40,25,283550
20221103,15:14:11,41639.95,25,283550
20221103,15:14:15,41634.55,50,283550
20221103,15:14:16,41630.65,50,283550
20221103,15:14:18,41630.00,50,283550
20221103,15:14:21,41624.55,75,283550
20221103,15:14:23,41625.65,25,283550
20221103,15:14:26,41622.00,25,283550
20221103,15:14:32,41620.00,100,283550
20221103,15:14:39,41620.70,50,283550
20221103,15:14:40,41615.00,100,283550
20221103,15:14:42,41616.35,50,283550
20221103,15:14:50,41611.15,25,283550
20221103,15:14:53,41615.00,50,283550
20221103,15:14:58,41611.00,50,283550
20221103,15:15:09,41610.00,225,283550
20221103,15:15:14,41610.00,25,283550
20221103,15:15:16,41610.00,375,283550
20221103,15:15:21,41604.00,50,283550
20221103,15:15:23,41606.75,25,283550
20221103,15:15:27,41608.85,225,283550
20221103,15:15:39,41609.60,25,284875
20221103,15:15:46,41605.95,100,284875
20221103,15:15:47,41605.00,50,284875
20221103,15:15:52,41611.55,25,284875
20221103,15:16:02,41611.40,25,284875
20221103,15:16:10,41610.55,100,284875
20221103,15:16:11,41602.00,25,284875
20221103,15:16:14,41601.95,50,284875
20221103,15:16:30,41601.00,25,284875
20221103,15:16:34,41600.10,225,284875
20221103,15:16:39,41600.00,150,284875
20221103,15:16:40,41600.00,200,284875
20221103,15:16:42,41600.00,100,284875
20221103,15:16:43,41600.30,25,284875
20221103,15:16:45,41596.55,50,284875
20221103,15:16:50,41601.60,25,284875
20221103,15:16:59,41600.00,50,284875
20221103,15:17:03,41600.00,125,284875
20221103,15:17:08,41600.00,50,284875
20221103,15:17:09,41600.00,25,284875
20221103,15:17:11,41600.00,50,284875
20221103,15:17:13,41600.00,75,284875
20221103,15:17:14,41600.00,175,284875
20221103,15:17:16,41600.00,75,284875
20221103,15:17:19,41610.00,50,284875
20221103,15:17:32,41610.00,25,284875
20221103,15:17:37,41616.30,25,284875
20221103,15:17:51,41625.70,150,284875
20221103,15:18:02,41625.10,25,284875
20221103,15:18:17,41622.00,25,284875
20221103,15:18:26,41622.00,25,284875
20221103,15:18:29,41624.00,50,284875
20221103,15:18:31,41617.40,25,284875
20221103,15:18:36,41627.90,25,285400
20221103,15:18:49,41622.95,25,285400
20221103,15:19:08,41623.40,50,285400
20221103,15:19:31,41621.00,50,285400
20221103,15:19:37,41623.40,25,285400
20221103,15:19:55,41619.05,25,285400
20221103,15:19:58,41619.45,25,285400
20221103,15:20:00,41619.90,25,285400
20221103,15:20:05,41619.70,25,285400
20221103,15:20:39,41619.05,50,285400
20221103,15:20:43,41623.40,25,285400
20221103,15:20:57,41627.95,25,285400
20221103,15:21:00,41622.30,50,285400
20221103,15:21:05,41629.30,25,285400
20221103,15:21:11,41629.30,25,285400
20221103,15:21:13,41629.90,25,285400
20221103,15:21:46,41622.20,150,285500
20221103,15:21:58,41625.25,25,285500
20221103,15:22:07,41620.80,50,285500
20221103,15:22:42,41620.00,25,285500
20221103,15:22:47,41620.00,50,285500
20221103,15:22:57,41619.00,25,285500
20221103,15:23:05,41620.00,50,285500
20221103,15:23:22,41620.00,100,285500
20221103,15:23:28,41620.00,25,285500
20221103,15:23:30,41620.00,25,285500
20221103,15:23:34,41628.25,25,285500
20221103,15:23:38,41621.00,25,285500
20221103,15:23:47,41621.60,25,285500
20221103,15:23:55,41621.30,25,285500
20221103,15:24:19,41628.00,25,285500
20221103,15:24:31,41628.00,25,285500
20221103,15:24:52,41628.00,25,285500
20221103,15:24:57,41628.00,25,285500
20221103,15:24:59,41628.05,50,285500
20221103,15:25:01,41634.65,350,285500
20221103,15:25:02,41631.00,25,285500
20221103,15:25:22,41632.00,25,285500
20221103,15:25:23,41636.20,175,285500
20221103,15:25:30,41633.00,25,285500
20221103,15:25:36,41636.00,25,285500
20221103,15:25:54,41636.00,25,285500
20221103,15:26:02,41639.95,75,285500
20221103,15:26:09,41641.95,25,285500
20221103,15:26:14,41645.90,50,285500
20221103,15:26:22,41644.55,50,285500
20221103,15:26:30,41644.35,75,285500
20221103,15:26:40,41643.30,350,285500
20221103,15:26:42,41640.05,50,285500
20221103,15:26:43,41640.05,25,285500
20221103,15:26:45,41642.35,125,285500
20221103,15:26:47,41640.05,25,285500
20221103,15:26:48,41640.05,25,285500
20221103,15:27:03,41644.35,150,285500
20221103,15:27:05,41645.00,50,285500
20221103,15:27:10,41643.60,25,285500
20221103,15:27:13,41645.00,25,285500
20221103,15:27:19,41638.05,25,285500
20221103,15:27:23,41646.15,100,285500
20221103,15:27:29,41643.65,25,285500
20221103,15:27:31,41641.00,25,285500
20221103,15:27:34,41640.00,25,286575
20221103,15:27:44,41640.05,200,286575
20221103,15:27:47,41638.85,75,286575
20221103,15:28:09,41640.80,150,286575
20221103,15:28:15,41635.00,25,286575
20221103,15:28:21,41635.00,50,286575
20221103,15:28:24,41633.75,25,286575
20221103,15:28:44,41638.00,25,286575
20221103,15:28:49,41635.00,25,286575
20221103,15:28:52,41638.00,75,286575
20221103,15:28:57,41638.00,25,286575
20221103,15:29:00,41635.10,25,286575
20221103,15:29:05,41638.65,50,286575
20221103,15:29:09,41637.40,125,286575
20221103,15:29:12,41635.00,25,286575
20221103,15:29:14,41635.00,25,286575
20221103,15:29:17,41637.95,125,286575
20221103,15:29:20,41635.00,25,286575
20221103,15:29:22,41635.00,25,286575
20221103,15:29:24,41637.50,75,286575
20221103,15:29:27,41636.00,25,286575
20221103,15:29:34,41635.00,25,286575
20221103,15:29:35,41635.00,125,286575
20221103,15:29:37,41637.95,25,286575
20221103,15:29:40,41636.00,25,286575
20221103,15:29:45,41632.15,25,286575
20221103,15:29:48,41635.00,25,286575
20221103,15:29:52,41640.00,50,286575
20221103,15:29:53,41645.00,175,286575
20221103,15:30:00,41640.00,25,286575
