20221103,09:15:00,41000.10,1,1843025
20221103,09:15:00,41049.00,1,1843025
20221103,09:15:00,40990.00,1,1843025
20221103,09:15:00,41020.00,1000,1843025
20221103,09:15:01,41019.20,2500,1843025
20221103,09:15:03,41022.05,2150,1843025
20221103,09:15:04,41025.00,4300,1843025
20221103,09:15:05,41037.00,2350,1843025
20221103,09:15:07,41080.60,5500,1843025
20221103,09:15:08,41085.65,2900,1843025
20221103,09:15:10,41095.20,2450,1843025
20221103,09:15:11,41100.00,3000,1843025
20221103,09:15:13,41111.95,2675,1843025
20221103,09:15:14,41129.95,3100,1843025
20221103,09:15:16,41145.00,4100,1843025
20221103,09:15:17,41116.70,1400,1843025
20221103,09:15:19,41104.95,2725,1843025
20221103,09:15:20,41085.45,2550,1843025
20221103,09:15:22,41085.80,925,1843025
20221103,09:15:23,41091.50,1300,1843025
20221103,09:15:25,41090.90,1300,1843025
20221103,09:15:27,41079.20,1300,1843025
20221103,09:15:28,41080.15,1675,1843025
20221103,09:15:30,41080.00,1225,1843025
20221103,09:15:31,41089.70,2675,1843025
20221103,09:15:33,41082.15,1100,1843025
20221103,09:15:35,41087.30,1700,1843025
20221103,09:15:36,41091.65,1950,1843025
20221103,09:15:38,41100.05,1450,1843025
20221103,09:15:39,41110.00,1525,1843025
20221103,09:15:41,41114.25,1825,1843025
20221103,09:15:43,41118.80,1550,1843025
20221103,09:15:44,41120.80,700,1843025
20221103,09:15:46,41101.95,950,1843025
20221103,09:15:47,41099.45,3950,1843025
20221103,09:15:49,41090.00,600,1843025
20221103,09:15:51,41106.10,2000,1843025
20221103,09:15:52,41105.50,950,1843025
20221103,09:15:54,41107.85,1325,1843025
20221103,09:15:56,41109.55,1950,1843025
20221103,09:15:57,41096.50,800,1843025
20221103,09:15:59,41101.75,725,1843025
20221103,09:16:00,41095.90,2175,1843025
20221103,09:16:02,41087.00,2050,1843025
20221103,09:16:04,41083.20,1250,1843025
20221103,09:16:05,41087.60,400,1843025
20221103,09:16:07,41092.55,1750,1843025
20221103,09:16:08,41102.50,2100,1843025
20221103,09:16:10,41095.80,1525,1843025
20221103,09:16:12,41095.00,4875,1843025
20221103,09:16:13,41097.10,2075,1843025
20221103,09:16:15,41097.00,3125,1843025
20221103,09:16:16,41087.00,1875,1843025
20221103,09:16:18,41083.00,875,1843025
20221103,09:16:20,41083.00,2300,1843025
20221103,09:16:21,41088.00,1075,1843025
20221103,09:16:23,41089.30,1200,1843025
20221103,09:16:25,41093.40,9525,1843025
20221103,09:16:26,41093.65,1900,1843025
20221103,09:16:28,41096.05,325,1843025
20221103,09:16:29,41098.60,1075,1843025
20221103,09:16:31,41094.50,1225,1843025
20221103,09:16:33,41100.00,1450,1843025
20221103,09:16:34,41096.80,1300,1843025
20221103,09:16:36,41100.00,825,1843025
20221103,09:16:37,41096.85,575,1843025
20221103,09:16:39,41096.85,1325,1843025
20221103,09:16:41,41098.00,550,1843025
20221103,09:16:42,41108.40,4325,1843025
20221103,09:16:44,41105.45,825,1843025
20221103,09:16:46,41114.55,475,1843025
20221103,09:16:47,41107.80,425,1843025
20221103,09:16:49,41106.50,150,1843025
20221103,09:16:50,41116.90,1425,1843025
20221103,09:16:52,41120.00,225,1843025
20221103,09:16:54,41121.35,650,1843025
20221103,09:16:55,41123.90,150,1843025
20221103,09:16:57,41126.90,700,1843025
20221103,09:16:59,41124.25,500,1843025
20221103,09:17:00,41127.60,425,1843025
20221103,09:17:02,41123.30,525,1843025
20221103,09:17:04,41130.00,1125,1843025
20221103,09:17:05,41130.10,1025,1843025
20221103,09:17:07,41143.60,525,1843025
20221103,09:17:09,41143.40,725,1843025
20221103,09:17:10,41150.00,1975,1843025
20221103,09:17:12,41157.00,2075,1843025
20221103,09:17:13,41143.30,1850,1843025
20221103,09:17:15,41140.00,500,1843025
20221103,09:17:17,41132.75,450,1843025
20221103,09:17:18,41136.95,450,1843025
20221103,09:17:20,41138.75,2300,1843025
20221103,09:17:22,41148.90,3050,1843025
20221103,09:17:23,41142.05,550,1843025
20221103,09:17:25,41150.00,3125,1843025
20221103,09:17:26,41150.00,800,1843025
20221103,09:17:28,41145.05,700,1843025
20221103,09:17:30,41139.10,800,1843025
20221103,09:17:31,41136.60,600,1843025
20221103,09:17:33,41126.05,4400,1843025
20221103,09:17:35,41136.20,1250,1843025
20221103,09:17:36,41138.45,3050,1843025
20221103,09:17:38,41138.55,800,1843025
20221103,09:17:39,41138.70,175,1843025
20221103,09:17:41,41128.85,3675,1844650
20221103,09:17:43,41129.50,5700,1844650
20221103,09:17:44,41129.85,175,1844650
20221103,09:17:46,41125.15,475,1844650
20221103,09:17:48,41115.30,1625,1844650
20221103,09:17:49,41110.70,975,1844650
20221103,09:17:51,41112.10,2575,1844650
20221103,09:17:52,41104.00,1550,1844650
20221103,09:17:54,41115.20,3350,1844650
20221103,09:17:56,41116.80,2975,1844650
20221103,09:17:57,41107.50,3200,1844650
20221103,09:17:59,41124.35,3975,1844650
20221103,09:18:01,41119.00,525,1844650
20221103,09:18:02,41118.45,600,1844650
20221103,09:18:04,41115.25,325,1844650
20221103,09:18:05,41120.00,625,1844650
20221103,09:18:07,41116.30,900,1844650
20221103,09:18:09,41120.15,325,1844650
20221103,09:18:10,41129.25,700,1844650
20221103,09:18:12,41134.00,450,1844650
20221103,09:18:14,41132.65,175,1844650
20221103,09:18:15,41130.70,300,1844650
20221103,09:18:17,41129.85,525,1844650
20221103,09:18:18,41132.00,75,1844650
20221103,09:18:20,41130.45,175,1844650
20221103,09:18:22,41130.00,300,1844650
20221103,09:18:23,41140.05,2425,1844650
20221103,09:18:25,41143.45,150,1844650
20221103,09:18:27,41159.40,5525,1844650
20221103,09:18:28,41151.05,875,1844650
20221103,09:18:30,41151.80,1425,1844650
20221103,09:18:31,41164.00,475,1844650
20221103,09:18:33,41164.40,275,1844650
20221103,09:18:35,41174.60,3525,1844650
20221103,09:18:36,41180.00,1750,1844650
20221103,09:18:38,41185.85,625,1844650
20221103,09:18:40,41170.25,1250,1844650
20221103,09:18:41,41167.35,2575,1844650
20221103,09:18:43,41168.10,1025,1844650
20221103,09:18:45,41167.75,375,1844650
20221103,09:18:46,41167.90,625,1844650
20221103,09:18:48,41169.80,700,1844650
20221103,09:18:49,41187.00,1975,1844650
20221103,09:18:51,41182.10,825,1844650
20221103,09:18:53,41164.80,4125,1844650
20221103,09:18:54,41160.00,675,1844650
20221103,09:18:56,41167.90,325,1844650
20221103,09:18:58,41169.05,625,1844650
20221103,09:18:59,41172.00,500,1844650
20221103,09:19:01,41172.00,1725,1844650
20221103,09:19:02,41174.85,850,1844650
20221103,09:19:04,41170.80,1750,1844650
20221103,09:19:06,41171.50,450,1844650
20221103,09:19:07,41171.15,200,1844650
20221103,09:19:09,41174.05,750,1844650
20221103,09:19:10,41172.00,150,1844650
20221103,09:19:12,41177.00,550,1844650
20221103,09:19:14,41164.20,525,1844650
20221103,09:19:15,41164.25,300,1844650
20221103,09:19:17,41164.25,225,1844650
20221103,09:19:19,41161.00,725,1844650
20221103,09:19:20,41168.75,100,1844650
20221103,09:19:22,41169.45,300,1844650
20221103,09:19:24,41170.60,500,1844650
20221103,09:19:25,41169.05,400,1844650
20221103,09:19:27,41167.95,450,1844650
20221103,09:19:29,41170.60,375,1844650
20221103,09:19:30,41165.50,625,1844650
20221103,09:19:32,41171.85,800,1844650
20221103,09:19:33,41168.60,450,1844650
20221103,09:19:35,41173.00,375,1844650
20221103,09:19:37,41170.55,275,1844650
20221103,09:19:38,41169.45,100,1844650
20221103,09:19:40,41173.95,700,1844650
20221103,09:19:41,41170.45,75,1844650
20221103,09:19:43,41174.70,475,1844650
20221103,09:19:45,41167.65,275,1844650
20221103,09:19:46,41170.65,275,1844650
20221103,09:19:48,41169.60,3750,1844650
20221103,09:19:50,41168.60,275,1844650
20221103,09:19:51,41168.85,175,1844650
20221103,09:19:53,41162.60,400,1844650
20221103,09:19:54,41162.55,125,1844650
20221103,09:19:56,41162.60,425,1844650
20221103,09:19:58,41167.65,400,1844650
20221103,09:19:59,41166.55,375,1844650
20221103,09:20:01,41166.05,275,1844650
20221103,09:20:02,41176.00,825,1844650
20221103,09:20:04,41167.95,1000,1844650
20221103,09:20:06,41165.55,275,1844650
20221103,09:20:07,41163.90,525,1844650
20221103,09:20:09,41158.00,2825,1844650
20221103,09:20:11,41160.00,875,1844650
20221103,09:20:12,41162.10,425,1844650
20221103,09:20:14,41166.60,375,1844650
20221103,09:20:16,41171.10,925,1844650
20221103,09:20:17,41179.45,675,1844650
20221103,09:20:19,41187.55,1675,1844650
20221103,09:20:21,41175.80,275,1844650
20221103,09:20:22,41170.00,1700,1844650
20221103,09:20:24,41174.90,650,1844650
20221103,09:20:26,41168.10,50,1844650
20221103,09:20:27,41166.95,75,1844650
20221103,09:20:29,41166.90,325,1844650
20221103,09:20:31,41169.85,325,1844650
20221103,09:20:32,41162.15,300,1844650
20221103,09:20:34,41151.55,700,1844650
20221103,09:20:36,41153.00,775,1844650
20221103,09:20:37,41158.75,200,1870650
20221103,09:20:39,41161.00,225,1870650
20221103,09:20:41,41159.80,175,1870650
20221103,09:20:42,41150.00,2175,1870650
20221103,09:20:44,41149.65,500,1870650
20221103,09:20:46,41148.35,175,1870650
20221103,09:20:47,41148.35,250,1870650
20221103,09:20:49,41145.30,525,1870650
20221103,09:20:51,41135.35,2100,1870650
20221103,09:20:52,41133.50,625,1870650
20221103,09:20:54,41145.00,275,1870650
20221103,09:20:56,41139.15,200,1870650
20221103,09:20:57,41142.45,575,1870650
20221103,09:20:59,41146.00,525,1870650
20221103,09:21:01,41145.60,175,1870650
20221103,09:21:02,41140.15,325,1870650
20221103,09:21:04,41140.90,1075,1870650
20221103,09:21:06,41145.00,1475,1870650
20221103,09:21:07,41137.95,575,1870650
20221103,09:21:09,41137.40,250,1870650
20221103,09:21:11,41141.60,175,1870650
20221103,09:21:12,41152.05,1200,1870650
20221103,09:21:14,41145.05,350,1870650
20221103,09:21:16,41141.35,500,1870650
20221103,09:21:17,41145.05,375,1870650
20221103,09:21:19,41146.90,50,1870650
20221103,09:21:21,41155.00,250,1870650
20221103,09:21:22,41147.15,375,1870650
20221103,09:21:24,41164.35,2075,1870650
20221103,09:21:26,41159.80,150,1870650
20221103,09:21:28,41153.25,200,1870650
20221103,09:21:29,41164.30,275,1870650
20221103,09:21:31,41164.35,150,1870650
20221103,09:21:33,41170.00,275,1870650
20221103,09:21:34,41170.75,250,1870650
20221103,09:21:36,41170.00,600,1870650
20221103,09:21:38,41167.40,875,1870650
20221103,09:21:39,41162.95,275,1870650
20221103,09:21:41,41167.30,175,1870650
20221103,09:21:43,41164.45,125,1870650
20221103,09:21:44,41164.00,200,1870650
20221103,09:21:46,41166.55,2350,1870650
20221103,09:21:48,41166.55,300,1870650
20221103,09:21:49,41161.30,300,1870650
20221103,09:21:51,41166.00,100,1870650
20221103,09:21:53,41160.00,400,1870650
20221103,09:21:54,41159.25,1175,1870650
20221103,09:21:56,41159.85,225,1870650
20221103,09:21:58,41163.85,2625,1870650
20221103,09:21:59,41162.70,275,1870650
20221103,09:22:01,41170.00,925,1870650
20221103,09:22:03,41170.55,50,1870650
20221103,09:22:04,41177.05,750,1870650
20221103,09:22:06,41171.60,325,1870650
20221103,09:22:08,41177.00,175,1870650
20221103,09:22:09,41179.85,275,1870650
20221103,09:22:11,41175.00,225,1870650
20221103,09:22:13,41187.95,950,1870650
20221103,09:22:14,41174.05,150,1870650
20221103,09:22:16,41175.30,600,1870650
20221103,09:22:18,41182.50,500,1870650
20221103,09:22:19,41181.55,1200,1870650
20221103,09:22:21,41180.00,225,1870650
20221103,09:22:23,41176.50,1825,1870650
20221103,09:22:24,41179.10,375,1870650
20221103,09:22:26,41175.30,375,1870650
20221103,09:22:28,41162.60,1875,1870650
20221103,09:22:29,41167.50,350,1870650
20221103,09:22:31,41169.00,175,1870650
20221103,09:22:33,41165.35,300,1870650
20221103,09:22:34,41167.45,275,1870650
20221103,09:22:36,41162.35,325,1870650
20221103,09:22:38,41161.05,125,1870650
20221103,09:22:39,41162.00,350,1870650
20221103,09:22:41,41163.05,225,1870650
20221103,09:22:43,41153.60,700,1870650
20221103,09:22:44,41161.05,300,1870650
20221103,09:22:46,41157.35,275,1870650
20221103,09:22:48,41154.05,300,1870650
20221103,09:22:49,41158.40,200,1870650
20221103,09:22:53,41157.15,150,1870650
20221103,09:22:54,41162.00,225,1870650
20221103,09:22:56,41153.05,2400,1870650
20221103,09:22:58,41151.05,325,1870650
20221103,09:22:59,41151.05,325,1870650
20221103,09:23:01,41152.05,225,1870650
20221103,09:23:03,41155.00,1400,1870650
20221103,09:23:04,41153.95,350,1870650
20221103,09:23:06,41154.00,225,1870650
20221103,09:23:08,41155.65,325,1870650
20221103,09:23:09,41152.10,350,1870650
20221103,09:23:11,41152.10,375,1870650
20221103,09:23:13,41153.00,500,1870650
20221103,09:23:14,41151.35,600,1870650
20221103,09:23:16,41160.00,150,1870650
20221103,09:23:18,41153.20,150,1870650
20221103,09:23:19,41154.00,100,1870650
20221103,09:23:21,41150.00,200,1870650
20221103,09:23:23,41150.30,175,1870650
20221103,09:23:24,41150.70,250,1870650
20221103,09:23:26,41148.40,2350,1870650
20221103,09:23:28,41148.20,275,1870650
20221103,09:23:29,41148.80,225,1870650
20221103,09:23:31,41150.00,725,1870650
20221103,09:23:33,41150.15,150,1870650
20221103,09:23:34,41155.00,150,1870650
20221103,09:23:36,41154.30,350,1880875
20221103,09:23:38,41154.30,275,1880875
20221103,09:23:39,41157.90,650,1880875
20221103,09:23:41,41157.85,400,1880875
20221103,09:23:43,41155.05,125,1880875
20221103,09:23:44,41157.95,150,1880875
20221103,09:23:46,41155.05,250,1880875
20221103,09:23:48,41157.95,50,1880875
20221103,09:23:49,41158.40,50,1880875
20221103,09:23:51,41158.40,150,1880875
20221103,09:23:53,41158.40,100,1880875
20221103,09:23:54,41165.00,675,1880875
20221103,09:23:56,41160.05,375,1880875
20221103,09:23:58,41159.45,125,1880875
20221103,09:23:59,41159.50,50,1880875
20221103,09:24:01,41164.55,250,1880875
20221103,09:24:03,41170.00,1425,1880875
20221103,09:24:04,41173.15,1000,1880875
20221103,09:24:06,41169.65,575,1880875
20221103,09:24:08,41169.65,125,1880875
20221103,09:24:09,41173.30,100,1880875
20221103,09:24:11,41172.60,1200,1880875
20221103,09:24:12,41176.70,125,1880875
20221103,09:24:14,41181.00,1000,1880875
20221103,09:24:16,41172.00,625,1880875
20221103,09:24:17,41174.55,75,1880875
20221103,09:24:19,41172.60,425,1880875
20221103,09:24:21,41171.90,75,1880875
20221103,09:24:22,41168.70,25,1880875
20221103,09:24:24,41172.55,100,1880875
20221103,09:24:26,41171.90,200,1880875
20221103,09:24:27,41167.90,1075,1880875
20221103,09:24:29,41166.15,1100,1880875
20221103,09:24:31,41161.70,125,1880875
20221103,09:24:32,41160.70,925,1880875
20221103,09:24:34,41154.85,300,1880875
20221103,09:24:36,41160.30,125,1880875
20221103,09:24:37,41166.15,200,1880875
20221103,09:24:39,41166.15,100,1880875
20221103,09:24:41,41168.70,25,1880875
20221103,09:24:44,41168.00,1225,1880875
20221103,09:24:46,41163.55,425,1880875
20221103,09:24:47,41163.40,200,1880875
20221103,09:24:49,41164.05,175,1880875
20221103,09:24:51,41167.05,200,1880875
20221103,09:24:52,41169.85,675,1880875
20221103,09:24:54,41175.60,350,1880875
20221103,09:24:56,41175.60,250,1880875
20221103,09:24:57,41178.15,1950,1880875
20221103,09:24:59,41171.35,1400,1880875
20221103,09:25:01,41170.35,250,1880875
20221103,09:25:02,41168.80,375,1880875
20221103,09:25:04,41176.70,675,1880875
20221103,09:25:06,41175.15,175,1880875
20221103,09:25:07,41167.10,400,1880875
20221103,09:25:09,41167.30,175,1880875
20221103,09:25:11,41170.90,250,1880875
20221103,09:25:12,41172.25,350,1880875
20221103,09:25:14,41168.80,50,1880875
20221103,09:25:16,41170.00,100,1880875
20221103,09:25:17,41172.55,450,1880875
20221103,09:25:19,41170.10,75,1880875
20221103,09:25:21,41170.10,300,1880875
20221103,09:25:22,41169.05,650,1880875
20221103,09:25:24,41171.25,750,1880875
20221103,09:25:26,41171.35,75,1880875
20221103,09:25:27,41168.85,300,1880875
20221103,09:25:29,41170.00,175,1880875
20221103,09:25:31,41168.35,150,1880875
20221103,09:25:32,41168.90,75,1880875
20221103,09:25:34,41171.00,150,1880875
20221103,09:25:36,41167.70,125,1880875
20221103,09:25:37,41162.00,300,1880875
20221103,09:25:39,41168.05,50,1880875
20221103,09:25:41,41165.15,150,1880875
20221103,09:25:42,41165.45,275,1880875
20221103,09:25:44,41168.00,225,1880875
20221103,09:25:46,41170.00,175,1880875
20221103,09:25:47,41162.00,1075,1880875
20221103,09:25:49,41160.00,600,1880875
20221103,09:25:51,41160.05,375,1880875
20221103,09:25:52,41164.75,100,1880875
20221103,09:25:54,41169.95,200,1880875
20221103,09:25:56,41165.75,1325,1880875
20221103,09:25:57,41166.90,425,1880875
20221103,09:25:59,41167.05,100,1880875
20221103,09:26:01,41165.55,625,1880875
20221103,09:26:02,41167.05,200,1880875
20221103,09:26:04,41166.45,225,1880875
20221103,09:26:06,41166.40,425,1880875
20221103,09:26:07,41166.20,50,1880875
20221103,09:26:09,41169.70,525,1880875
20221103,09:26:11,41170.20,75,1880875
20221103,09:26:12,41166.75,175,1880875
20221103,09:26:14,41170.70,325,1880875
20221103,09:26:16,41167.55,100,1880875
20221103,09:26:17,41168.50,850,1880875
20221103,09:26:19,41165.55,550,1880875
20221103,09:26:21,41163.40,125,1880875
20221103,09:26:22,41166.85,50,1880875
20221103,09:26:24,41160.00,325,1880875
20221103,09:26:29,41164.70,100,1880875
20221103,09:26:31,41165.00,25,1880875
20221103,09:26:32,41165.00,25,1880875
20221103,09:26:34,41165.00,25,1880875
20221103,09:26:36,41170.00,375,1887925
20221103,09:26:37,41171.95,100,1887925
20221103,09:26:39,41175.00,325,1887925
20221103,09:26:41,41178.70,575,1887925
20221103,09:26:42,41176.20,125,1887925
20221103,09:26:44,41178.10,925,1887925
20221103,09:26:46,41179.50,300,1887925
20221103,09:26:47,41185.00,1825,1887925
20221103,09:26:49,41187.50,325,1887925
20221103,09:26:51,41187.30,200,1887925
20221103,09:26:52,41193.35,2175,1887925
20221103,09:26:54,41194.75,400,1887925
20221103,09:26:55,41205.55,4750,1887925
20221103,09:26:57,41205.55,2225,1887925
20221103,09:26:59,41198.20,1250,1887925
20221103,09:27:00,41195.45,425,1887925
20221103,09:27:02,41199.25,325,1887925
20221103,09:27:04,41207.50,1325,1887925
20221103,09:27:05,41207.05,550,1887925
20221103,09:27:07,41215.00,1400,1887925
20221103,09:27:09,41215.00,2975,1887925
20221103,09:27:10,41202.60,1125,1887925
20221103,09:27:12,41201.35,1500,1887925
20221103,09:27:14,41201.30,1050,1887925
20221103,09:27:15,41192.05,425,1887925
20221103,09:27:17,41198.10,375,1887925
20221103,09:27:19,41201.30,2450,1887925
20221103,09:27:20,41198.10,250,1887925
20221103,09:27:22,41201.00,50,1887925
20221103,09:27:24,41189.65,5750,1887925
20221103,09:27:25,41192.35,175,1887925
20221103,09:27:27,41192.45,25,1887925
20221103,09:27:29,41197.35,350,1887925
20221103,09:27:30,41198.55,275,1887925
20221103,09:27:32,41194.05,550,1887925
20221103,09:27:34,41189.60,1075,1887925
20221103,09:27:35,41191.95,175,1887925
20221103,09:27:37,41194.85,3500,1887925
20221103,09:27:39,41198.00,925,1887925
20221103,09:27:40,41197.45,100,1887925
20221103,09:27:42,41195.05,150,1887925
20221103,09:27:44,41201.45,1875,1887925
20221103,09:27:45,41197.80,200,1887925
20221103,09:27:47,41198.50,125,1887925
20221103,09:27:49,41202.75,150,1887925
20221103,09:27:50,41205.00,150,1887925
20221103,09:27:52,41204.95,150,1887925
20221103,09:27:54,41206.15,525,1887925
20221103,09:27:55,41207.00,650,1887925
20221103,09:27:57,41205.00,350,1887925
20221103,09:27:59,41206.20,1050,1887925
20221103,09:28:00,41209.80,400,1887925
20221103,09:28:02,41209.50,250,1887925
20221103,09:28:04,41211.90,575,1887925
20221103,09:28:05,41208.70,250,1887925
20221103,09:28:07,41211.15,600,1887925
20221103,09:28:09,41209.10,125,1887925
20221103,09:28:10,41217.50,650,1887925
20221103,09:28:12,41218.00,575,1887925
20221103,09:28:14,41217.00,475,1887925
20221103,09:28:15,41219.75,100,1887925
20221103,09:28:17,41219.75,1600,1887925
20221103,09:28:19,41211.45,425,1887925
20221103,09:28:20,41209.85,400,1887925
20221103,09:28:22,41206.75,350,1887925
20221103,09:28:24,41210.70,125,1887925
20221103,09:28:25,41212.35,1150,1887925
20221103,09:28:27,41211.55,400,1887925
20221103,09:28:29,41212.70,850,1887925
20221103,09:28:30,41210.95,250,1887925
20221103,09:28:32,41205.05,200,1887925
20221103,09:28:34,41200.10,950,1887925
20221103,09:28:35,41204.55,200,1887925
20221103,09:28:37,41204.90,450,1887925
20221103,09:28:39,41204.05,625,1887925
20221103,09:28:40,41207.10,450,1887925
20221103,09:28:42,41208.75,1275,1887925
20221103,09:28:44,41204.80,300,1887925
20221103,09:28:45,41201.85,25,1887925
20221103,09:28:47,41200.30,275,1887925
20221103,09:28:49,41201.45,400,1887925
20221103,09:28:50,41195.25,750,1887925
20221103,09:28:52,41199.85,100,1887925
20221103,09:28:54,41205.85,600,1887925
20221103,09:28:55,41203.00,200,1887925
20221103,09:28:57,41198.75,1175,1887925
20221103,09:28:59,41202.20,125,1887925
20221103,09:29:00,41203.20,400,1887925
20221103,09:29:02,41204.20,250,1887925
20221103,09:29:04,41209.10,800,1887925
20221103,09:29:05,41209.10,475,1887925
20221103,09:29:07,41210.40,275,1887925
20221103,09:29:09,41212.90,1275,1887925
20221103,09:29:10,41217.50,400,1887925
20221103,09:29:12,41217.85,325,1887925
20221103,09:29:14,41217.45,475,1887925
20221103,09:29:15,41213.95,225,1887925
20221103,09:29:17,41209.45,525,1887925
20221103,09:29:19,41214.70,750,1887925
20221103,09:29:22,41215.00,125,1887925
20221103,09:29:24,41215.00,450,1887925
20221103,09:29:25,41203.80,1700,1887925
20221103,09:29:27,41203.00,100,1887925
20221103,09:29:29,41212.35,125,1887925
20221103,09:29:30,41211.15,525,1887925
20221103,09:29:32,41211.75,250,1887925
20221103,09:29:34,41206.05,125,1887925
20221103,09:29:35,41214.00,200,1887925
20221103,09:29:37,41207.95,200,1893375
20221103,09:29:39,41215.00,300,1893375
20221103,09:29:40,41214.70,275,1893375
20221103,09:29:42,41212.00,100,1893375
20221103,09:29:44,41210.60,700,1893375
20221103,09:29:45,41216.00,500,1893375
20221103,09:29:47,41212.60,225,1893375
20221103,09:29:49,41215.00,250,1893375
20221103,09:29:50,41222.55,1200,1893375
20221103,09:29:52,41224.90,275,1893375
20221103,09:29:54,41224.95,625,1893375
20221103,09:29:55,41216.55,625,1893375
20221103,09:29:57,41220.15,200,1893375
20221103,09:29:59,41215.00,325,1893375
20221103,09:30:00,41217.35,800,1893375
20221103,09:30:02,41228.00,1150,1893375
20221103,09:30:04,41237.20,1725,1893375
20221103,09:30:05,41237.80,1325,1893375
20221103,09:30:07,41240.00,2100,1893375
20221103,09:30:09,41241.00,850,1893375
20221103,09:30:10,41241.85,1675,1893375
20221103,09:30:12,41244.00,875,1893375
20221103,09:30:14,41250.00,4150,1893375
20221103,09:30:15,41239.20,2950,1893375
20221103,09:30:17,41245.10,1325,1893375
20221103,09:30:19,41252.30,5150,1893375
20221103,09:30:20,41243.15,1225,1893375
20221103,09:30:22,41251.00,175,1893375
20221103,09:30:24,41258.55,700,1893375
20221103,09:30:25,41253.95,1100,1893375
20221103,09:30:27,41273.30,2400,1893375
20221103,09:30:29,41265.00,325,1893375
20221103,09:30:30,41256.85,1350,1893375
20221103,09:30:32,41259.50,450,1893375
20221103,09:30:34,41266.05,300,1893375
20221103,09:30:35,41265.00,1175,1893375
20221103,09:30:37,41268.00,1000,1893375
20221103,09:30:39,41271.90,850,1893375
20221103,09:30:40,41272.20,675,1893375
20221103,09:30:42,41274.90,600,1893375
20221103,09:30:44,41271.85,500,1893375
20221103,09:30:45,41266.40,375,1893375
20221103,09:30:47,41278.65,3750,1893375
20221103,09:30:49,41280.00,375,1893375
20221103,09:30:50,41284.00,950,1893375
20221103,09:30:52,41285.50,1725,1893375
20221103,09:30:54,41289.00,1225,1893375
20221103,09:30:55,41282.85,475,1893375
20221103,09:30:57,41284.30,1075,1893375
20221103,09:30:59,41290.65,1300,1893375
20221103,09:31:00,41295.00,850,1893375
20221103,09:31:02,41300.00,2900,1893375
20221103,09:31:04,41323.90,4775,1893375
20221103,09:31:05,41328.00,2775,1893375
20221103,09:31:07,41330.15,2100,1893375
20221103,09:31:09,41337.40,3975,1893375
20221103,09:31:10,41319.65,4750,1893375
20221103,09:31:12,41320.80,2125,1893375
20221103,09:31:14,41306.45,1950,1893375
20221103,09:31:15,41306.70,750,1893375
20221103,09:31:17,41309.00,3725,1893375
20221103,09:31:19,41304.70,875,1893375
20221103,09:31:20,41302.25,950,1893375
20221103,09:31:22,41302.55,875,1893375
20221103,09:31:24,41297.50,1675,1893375
20221103,09:31:25,41302.80,1350,1893375
20221103,09:31:27,41305.00,2250,1893375
20221103,09:31:29,41306.70,925,1893375
20221103,09:31:30,41310.00,275,1893375
20221103,09:31:32,41317.50,675,1893375
20221103,09:31:34,41311.35,1025,1893375
20221103,09:31:35,41309.90,775,1893375
20221103,09:31:37,41309.30,1100,1893375
20221103,09:31:39,41315.20,625,1893375
20221103,09:31:40,41323.10,5000,1893375
20221103,09:31:42,41329.50,5000,1893375
20221103,09:31:44,41329.35,1975,1893375
20221103,09:31:45,41329.00,1325,1893375
20221103,09:31:47,41320.30,3775,1893375
20221103,09:31:49,41339.25,3850,1893375
20221103,09:31:50,41336.85,850,1893375
20221103,09:31:52,41340.00,1100,1893375
20221103,09:31:54,41343.60,700,1893375
20221103,09:31:55,41357.90,4025,1893375
20221103,09:31:57,41363.00,4275,1893375
20221103,09:31:59,41365.95,4225,1893375
20221103,09:32:00,41366.00,575,1893375
20221103,09:32:02,41370.00,2850,1893375
20221103,09:32:04,41379.00,1700,1893375
20221103,09:32:05,41379.30,1625,1893375
20221103,09:32:07,41377.10,1075,1893375
20221103,09:32:09,41393.20,4050,1893375
20221103,09:32:10,41394.15,1475,1893375
20221103,09:32:12,41397.00,1025,1893375
20221103,09:32:14,41412.70,9875,1893375
20221103,09:32:15,41399.80,1450,1893375
20221103,09:32:17,41393.35,1550,1893375
20221103,09:32:19,41393.20,2950,1893375
20221103,09:32:20,41378.40,1550,1893375
20221103,09:32:22,41372.15,500,1893375
20221103,09:32:24,41374.65,450,1893375
20221103,09:32:25,41369.25,800,1893375
20221103,09:32:27,41350.05,2300,1893375
20221103,09:32:29,41358.05,300,1893375
20221103,09:32:31,41362.25,850,1893375
20221103,09:32:32,41350.05,950,1893375
20221103,09:32:34,41349.80,900,1893375
20221103,09:32:36,41350.90,750,1893375
20221103,09:32:37,41356.00,350,1893375
20221103,09:32:39,41352.90,1175,1893375
20221103,09:32:41,41352.55,250,1893375
20221103,09:32:42,41354.60,675,1893375
20221103,09:32:44,41366.60,750,1913325
20221103,09:32:46,41362.80,925,1913325
20221103,09:32:47,41371.60,1175,1913325
20221103,09:32:49,41377.75,550,1913325
20221103,09:32:51,41373.90,250,1913325
20221103,09:32:52,41378.60,2000,1913325
20221103,09:32:54,41375.00,1700,1913325
20221103,09:32:56,41375.05,925,1913325
20221103,09:32:57,41373.90,625,1913325
20221103,09:32:59,41381.50,575,1913325
20221103,09:33:01,41391.95,1725,1913325
20221103,09:33:02,41389.10,2325,1913325
20221103,09:33:04,41383.00,975,1913325
20221103,09:33:06,41385.80,200,1913325
20221103,09:33:07,41385.00,1125,1913325
20221103,09:33:09,41387.75,975,1913325
20221103,09:33:11,41393.15,500,1913325
20221103,09:33:12,41396.80,1275,1913325
20221103,09:33:14,41389.10,1300,1913325
20221103,09:33:16,41393.15,1625,1913325
20221103,09:33:17,41394.05,225,1913325
20221103,09:33:19,41382.80,1525,1913325
20221103,09:33:21,41386.55,250,1913325
20221103,09:33:22,41384.20,325,1913325
20221103,09:33:24,41382.10,75,1913325
20221103,09:33:26,41382.10,625,1913325
20221103,09:33:27,41383.25,850,1913325
20221103,09:33:29,41379.25,500,1913325
20221103,09:33:31,41378.80,300,1913325
20221103,09:33:32,41379.00,200,1913325
20221103,09:33:34,41378.80,375,1913325
20221103,09:33:36,41375.10,150,1913325
20221103,09:33:37,41372.00,850,1913325
20221103,09:33:39,41360.00,1225,1913325
20221103,09:33:41,41355.95,525,1913325
20221103,09:33:42,41359.95,525,1913325
20221103,09:33:44,41357.80,425,1913325
20221103,09:33:46,41352.00,475,1913325
20221103,09:33:47,41350.00,1200,1913325
20221103,09:33:49,41351.15,625,1913325
20221103,09:33:51,41356.25,725,1913325
20221103,09:33:52,41358.80,950,1913325
20221103,09:33:54,41355.70,300,1913325
20221103,09:33:55,41354.40,100,1913325
20221103,09:33:57,41352.60,475,1913325
20221103,09:33:59,41363.55,325,1913325
20221103,09:34:00,41370.00,375,1913325
20221103,09:34:02,41359.15,200,1913325
20221103,09:34:04,41356.80,275,1913325
20221103,09:34:05,41354.75,275,1913325
20221103,09:34:07,41361.90,275,1913325
20221103,09:34:09,41360.25,375,1913325
20221103,09:34:10,41358.80,175,1913325
20221103,09:34:12,41359.85,175,1913325
20221103,09:34:14,41360.60,800,1913325
20221103,09:34:15,41358.15,100,1913325
20221103,09:34:17,41360.85,425,1913325
20221103,09:34:19,41356.25,1175,1913325
20221103,09:34:20,41350.00,275,1913325
20221103,09:34:22,41352.00,50,1913325
20221103,09:34:24,41357.30,1150,1913325
20221103,09:34:25,41366.10,550,1913325
20221103,09:34:27,41364.45,75,1913325
20221103,09:34:29,41357.40,450,1913325
20221103,09:34:30,41360.85,400,1913325
20221103,09:34:32,41360.00,500,1913325
20221103,09:34:34,41364.25,150,1913325
20221103,09:34:35,41366.00,150,1913325
20221103,09:34:37,41365.00,225,1913325
20221103,09:34:39,41360.00,325,1913325
20221103,09:34:41,41365.00,375,1913325
20221103,09:34:42,41360.70,250,1913325
20221103,09:34:44,41360.05,150,1913325
20221103,09:34:46,41357.75,175,1913325
20221103,09:34:47,41358.25,325,1913325
20221103,09:34:49,41351.65,275,1913325
20221103,09:34:51,41355.05,225,1913325
20221103,09:34:52,41350.70,250,1913325
20221103,09:34:54,41351.85,200,1913325
20221103,09:34:55,41351.00,100,1913325
20221103,09:34:57,41357.75,1000,1913325
20221103,09:34:59,41357.85,750,1913325
20221103,09:35:00,41360.70,575,1913325
20221103,09:35:02,41363.00,825,1913325
20221103,09:35:04,41369.45,1725,1913325
20221103,09:35:05,41370.00,675,1913325
20221103,09:35:07,41374.55,925,1913325
20221103,09:35:09,41377.00,1175,1913325
20221103,09:35:10,41385.00,875,1913325
20221103,09:35:12,41375.65,1150,1913325
20221103,09:35:14,41378.90,1625,1913325
20221103,09:35:15,41378.90,300,1913325
20221103,09:35:17,41382.70,1700,1913325
20221103,09:35:19,41396.10,2750,1913325
20221103,09:35:20,41400.65,2775,1913325
20221103,09:35:22,41400.80,625,1913325
20221103,09:35:24,41400.00,375,1913325
20221103,09:35:25,41400.00,400,1913325
20221103,09:35:27,41399.55,300,1913325
20221103,09:35:29,41400.00,1550,1913325
20221103,09:35:30,41400.00,1175,1913325
20221103,09:35:32,41410.00,1450,1913325
20221103,09:35:34,41406.05,1050,1913325
20221103,09:35:35,41417.55,800,1913325
20221103,09:35:37,41416.60,1000,1913325
20221103,09:35:39,41414.30,800,1913325
20221103,09:35:40,41406.90,375,1927050
20221103,09:35:42,41409.10,1300,1927050
20221103,09:35:44,41401.85,1550,1927050
20221103,09:35:45,41405.35,300,1927050
20221103,09:35:47,41396.85,1450,1927050
20221103,09:35:49,41399.90,750,1927050
20221103,09:35:50,41393.00,75,1927050
20221103,09:35:52,41394.25,625,1927050
20221103,09:35:54,41400.35,400,1927050
20221103,09:35:55,41402.75,600,1927050
20221103,09:35:57,41405.35,500,1927050
20221103,09:35:59,41420.00,600,1927050
20221103,09:36:00,41409.50,875,1927050
20221103,09:36:02,41425.00,1225,1927050
20221103,09:36:04,41427.00,875,1927050
20221103,09:36:05,41427.15,1275,1927050
20221103,09:36:07,41428.00,2050,1927050
20221103,09:36:09,41427.40,1800,1927050
20221103,09:36:10,41420.00,900,1927050
20221103,09:36:12,41419.10,500,1927050
20221103,09:36:14,41418.75,975,1927050
20221103,09:36:15,41417.35,1475,1927050
20221103,09:36:17,41414.35,675,1927050
20221103,09:36:19,41400.00,1250,1927050
20221103,09:36:20,41405.15,1100,1927050
20221103,09:36:22,41405.10,650,1927050
20221103,09:36:24,41408.05,600,1927050
20221103,09:36:25,41400.00,500,1927050
20221103,09:36:27,41398.85,825,1927050
20221103,09:36:29,41392.20,225,1927050
20221103,09:36:30,41394.60,475,1927050
20221103,09:36:32,41382.70,75,1927050
20221103,09:36:34,41384.40,925,1927050
20221103,09:36:35,41378.90,675,1927050
20221103,09:36:37,41387.20,450,1927050
20221103,09:36:39,41387.00,1225,1927050
20221103,09:36:40,41385.00,675,1927050
20221103,09:36:42,41387.30,400,1927050
20221103,09:36:44,41384.10,225,1927050
20221103,09:36:45,41380.00,200,1927050
20221103,09:36:47,41386.35,500,1927050
20221103,09:36:49,41379.90,275,1927050
20221103,09:36:50,41370.00,2375,1927050
20221103,09:36:52,41371.10,225,1927050
20221103,09:36:54,41373.70,950,1927050
20221103,09:36:55,41377.05,150,1927050
20221103,09:36:57,41379.30,375,1927050
20221103,09:36:59,41379.05,1275,1927050
20221103,09:37:00,41380.00,175,1927050
20221103,09:37:02,41371.10,650,1927050
20221103,09:37:04,41370.00,225,1927050
20221103,09:37:05,41370.15,300,1927050
20221103,09:37:07,41369.05,175,1927050
20221103,09:37:09,41370.25,75,1927050
20221103,09:37:10,41366.85,700,1927050
20221103,09:37:12,41362.95,175,1927050
20221103,09:37:14,41355.00,675,1927050
20221103,09:37:15,41362.25,1150,1927050
20221103,09:37:17,41365.55,375,1927050
20221103,09:37:19,41361.70,450,1927050
20221103,09:37:20,41362.95,225,1927050
20221103,09:37:22,41360.20,150,1927050
20221103,09:37:24,41360.00,975,1927050
20221103,09:37:25,41362.80,175,1927050
20221103,09:37:27,41365.00,600,1927050
20221103,09:37:29,41357.00,475,1927050
20221103,09:37:30,41360.40,200,1927050
20221103,09:37:32,41361.10,175,1927050
20221103,09:37:34,41360.05,275,1927050
20221103,09:37:35,41357.35,325,1927050
20221103,09:37:37,41365.55,350,1927050
20221103,09:37:39,41364.20,375,1927050
20221103,09:37:40,41360.00,100,1927050
20221103,09:37:42,41360.00,925,1927050
20221103,09:37:44,41358.25,275,1927050
20221103,09:37:45,41358.95,500,1927050
20221103,09:37:47,41360.00,450,1927050
20221103,09:37:49,41365.00,175,1927050
20221103,09:37:50,41361.85,375,1927050
20221103,09:37:52,41369.50,475,1927050
20221103,09:37:54,41372.20,75,1927050
20221103,09:37:55,41366.85,275,1927050
20221103,09:37:57,41371.65,250,1927050
20221103,09:37:58,41369.50,1050,1927050
20221103,09:38:00,41366.00,250,1927050
20221103,09:38:02,41360.00,225,1927050
20221103,09:38:03,41362.50,125,1927050
20221103,09:38:05,41353.45,700,1927050
20221103,09:38:07,41360.00,200,1927050
20221103,09:38:08,41356.95,200,1927050
20221103,09:38:10,41360.40,125,1927050
20221103,09:38:12,41356.40,150,1927050
20221103,09:38:13,41357.50,75,1927050
20221103,09:38:15,41357.80,975,1927050
20221103,09:38:16,41364.80,475,1927050
20221103,09:38:18,41365.05,150,1927050
20221103,09:38:20,41361.20,150,1927050
20221103,09:38:21,41360.00,75,1927050
20221103,09:38:23,41357.00,50,1927050
20221103,09:38:25,41361.20,825,1927050
20221103,09:38:26,41352.85,50,1927050
20221103,09:38:28,41354.75,450,1927050
20221103,09:38:29,41354.25,725,1927050
20221103,09:38:31,41356.15,925,1927050
20221103,09:38:33,41361.25,1775,1927050
20221103,09:38:34,41357.45,650,1927050
20221103,09:38:36,41357.90,175,1937800
20221103,09:38:38,41358.20,750,1937800
20221103,09:38:39,41361.75,1425,1937800
20221103,09:38:41,41361.90,475,1937800
20221103,09:38:42,41364.25,1300,1937800
20221103,09:38:44,41366.50,175,1937800
20221103,09:38:46,41360.40,50,1937800
20221103,09:38:47,41355.25,650,1937800
20221103,09:38:49,41361.65,950,1937800
20221103,09:38:51,41356.95,75,1937800
20221103,09:38:52,41354.70,50,1937800
20221103,09:38:54,41353.00,150,1937800
20221103,09:38:55,41352.00,50,1937800
20221103,09:38:57,41351.25,975,1937800
20221103,09:38:59,41355.15,1475,1937800
20221103,09:39:00,41359.30,275,1937800
20221103,09:39:02,41354.20,1100,1937800
20221103,09:39:04,41359.35,250,1937800
20221103,09:39:05,41362.65,500,1937800
20221103,09:39:07,41359.95,650,1937800
20221103,09:39:09,41360.00,300,1937800
20221103,09:39:10,41358.35,300,1937800
20221103,09:39:12,41350.00,1375,1937800
20221103,09:39:14,41349.95,850,1937800
20221103,09:39:15,41347.45,675,1937800
20221103,09:39:17,41346.75,250,1937800
20221103,09:39:19,41345.90,625,1937800
20221103,09:39:20,41346.80,50,1937800
20221103,09:39:22,41342.70,1175,1937800
20221103,09:39:24,41348.45,2800,1937800
20221103,09:39:25,41356.05,350,1937800
20221103,09:39:27,41352.40,1475,1937800
20221103,09:39:29,41355.60,50,1937800
20221103,09:39:30,41350.00,25,1937800
20221103,09:39:32,41346.75,300,1937800
20221103,09:39:34,41346.40,100,1937800
20221103,09:39:35,41346.25,125,1937800
20221103,09:39:37,41346.20,100,1937800
20221103,09:39:39,41341.55,400,1937800
20221103,09:39:40,41340.95,625,1937800
20221103,09:39:42,41345.15,300,1937800
20221103,09:39:44,41345.10,225,1937800
20221103,09:39:45,41335.75,475,1937800
20221103,09:39:47,41335.75,175,1937800
20221103,09:39:49,41340.00,250,1937800
20221103,09:39:50,41340.00,725,1937800
20221103,09:39:52,41340.55,250,1937800
20221103,09:39:54,41340.30,25,1937800
20221103,09:39:55,41340.45,275,1937800
20221103,09:39:57,41343.20,750,1937800
20221103,09:39:59,41340.00,325,1937800
20221103,09:40:00,41333.75,550,1937800
20221103,09:40:02,41333.00,175,1937800
20221103,09:40:04,41333.00,2150,1937800
20221103,09:40:05,41339.65,1250,1937800
20221103,09:40:07,41327.05,225,1937800
20221103,09:40:09,41329.90,525,1937800
20221103,09:40:10,41325.80,500,1937800
20221103,09:40:12,41322.00,1125,1937800
20221103,09:40:14,41324.70,950,1937800
20221103,09:40:15,41325.40,375,1937800
20221103,09:40:17,41320.95,2350,1937800
20221103,09:40:19,41320.90,500,1937800
20221103,09:40:20,41321.35,275,1937800
20221103,09:40:22,41317.00,225,1937800
20221103,09:40:24,41325.00,850,1937800
20221103,09:40:25,41317.00,1250,1937800
20221103,09:40:27,41319.10,450,1937800
20221103,09:40:29,41324.70,825,1937800
20221103,09:40:30,41325.00,125,1937800
20221103,09:40:32,41328.30,2975,1937800
20221103,09:40:34,41319.15,125,1937800
20221103,09:40:35,41315.60,200,1937800
20221103,09:40:37,41323.00,975,1937800
20221103,09:40:39,41325.35,1250,1937800
20221103,09:40:40,41330.90,800,1937800
20221103,09:40:42,41335.80,750,1937800
20221103,09:40:44,41333.30,100,1937800
20221103,09:40:45,41328.70,1125,1937800
20221103,09:40:47,41321.10,150,1937800
20221103,09:40:49,41320.95,700,1937800
20221103,09:40:50,41320.95,75,1937800
20221103,09:40:52,41320.95,275,1937800
20221103,09:40:54,41318.15,100,1937800
20221103,09:40:55,41321.90,175,1937800
20221103,09:40:57,41316.85,200,1937800
20221103,09:40:58,41315.85,50,1937800
20221103,09:41:00,41319.40,425,1937800
20221103,09:41:02,41323.55,350,1937800
20221103,09:41:03,41327.70,200,1937800
20221103,09:41:05,41330.95,150,1937800
20221103,09:41:07,41335.95,375,1937800
20221103,09:41:08,41339.95,325,1937800
20221103,09:41:10,41339.95,350,1937800
20221103,09:41:12,41334.55,1050,1937800
20221103,09:41:13,41330.30,400,1937800
20221103,09:41:15,41328.00,250,1937800
20221103,09:41:17,41331.55,200,1937800
20221103,09:41:19,41327.05,475,1937800
20221103,09:41:20,41330.15,1125,1937800
20221103,09:41:22,41329.00,75,1937800
20221103,09:41:24,41330.00,225,1937800
20221103,09:41:25,41330.40,825,1937800
20221103,09:41:27,41330.95,100,1937800
20221103,09:41:29,41326.25,50,1937800
20221103,09:41:30,41329.85,100,1937800
20221103,09:41:32,41334.15,750,1937800
20221103,09:41:34,41348.95,1575,1937800
20221103,09:41:35,41341.30,100,1937800
20221103,09:41:37,41343.95,100,1937800
20221103,09:41:39,41346.95,700,1953625
20221103,09:41:40,41335.60,125,1953625
20221103,09:41:42,41337.35,325,1953625
20221103,09:41:44,41336.00,275,1953625
20221103,09:41:45,41331.00,250,1953625
20221103,09:41:47,41332.75,25,1953625
20221103,09:41:49,41336.50,75,1953625
20221103,09:41:50,41340.00,250,1953625
20221103,09:41:52,41333.80,675,1953625
20221103,09:41:54,41338.95,50,1953625
20221103,09:41:55,41337.25,475,1953625
20221103,09:41:57,41336.15,1150,1953625
20221103,09:41:59,41323.75,900,1953625
20221103,09:42:02,41323.55,725,1953625
20221103,09:42:04,41323.20,150,1953625
20221103,09:42:05,41330.40,675,1953625
20221103,09:42:07,41335.60,200,1953625
20221103,09:42:09,41333.05,150,1953625
20221103,09:42:10,41330.00,275,1953625
20221103,09:42:12,41330.00,175,1953625
20221103,09:42:14,41335.20,650,1953625
20221103,09:42:15,41324.40,25,1953625
20221103,09:42:17,41322.00,175,1953625
20221103,09:42:19,41322.00,200,1953625
20221103,09:42:20,41322.00,75,1953625
20221103,09:42:22,41321.05,125,1953625
20221103,09:42:23,41321.50,150,1953625
20221103,09:42:25,41322.00,100,1953625
20221103,09:42:27,41322.00,50,1953625
20221103,09:42:28,41322.00,450,1953625
20221103,09:42:30,41320.95,500,1953625
20221103,09:42:32,41311.25,1050,1953625
20221103,09:42:33,41321.90,875,1953625
20221103,09:42:35,41316.00,2650,1953625
20221103,09:42:37,41315.00,475,1953625
20221103,09:42:38,41317.15,275,1953625
20221103,09:42:40,41320.95,875,1953625
20221103,09:42:42,41316.60,775,1953625
20221103,09:42:43,41327.95,375,1953625
20221103,09:42:45,41320.10,675,1953625
20221103,09:42:47,41319.30,250,1953625
20221103,09:42:48,41316.90,225,1953625
20221103,09:42:50,41315.05,150,1953625
20221103,09:42:52,41316.00,150,1953625
20221103,09:42:53,41317.15,300,1953625
20221103,09:42:55,41311.20,125,1953625
20221103,09:42:57,41315.00,525,1953625
20221103,09:42:58,41315.05,250,1953625
20221103,09:43:00,41317.20,325,1953625
20221103,09:43:02,41323.10,325,1953625
20221103,09:43:03,41323.25,375,1953625
20221103,09:43:05,41316.00,150,1953625
20221103,09:43:06,41322.05,325,1953625
20221103,09:43:08,41321.15,175,1953625
20221103,09:43:10,41333.55,1150,1953625
20221103,09:43:11,41334.50,350,1953625
20221103,09:43:13,41340.25,175,1953625
20221103,09:43:15,41337.25,200,1953625
20221103,09:43:16,41335.30,50,1953625
20221103,09:43:18,41336.35,100,1953625
20221103,09:43:20,41340.45,75,1953625
20221103,09:43:21,41339.00,200,1953625
20221103,09:43:23,41339.00,400,1953625
20221103,09:43:24,41336.05,725,1953625
20221103,09:43:26,41336.80,50,1953625
20221103,09:43:28,41340.40,125,1953625
20221103,09:43:29,41340.80,25,1953625
20221103,09:43:31,41342.50,100,1953625
20221103,09:43:33,41341.20,475,1953625
20221103,09:43:34,41341.70,250,1953625
20221103,09:43:36,41327.05,475,1953625
20221103,09:43:38,41335.90,125,1953625
20221103,09:43:39,41338.35,50,1953625
20221103,09:43:41,41329.05,250,1953625
20221103,09:43:43,41332.90,50,1953625
20221103,09:43:44,41333.00,50,1953625
20221103,09:43:46,41332.25,50,1953625
20221103,09:43:47,41332.80,25,1953625
20221103,09:43:49,41333.00,200,1953625
20221103,09:43:51,41332.35,150,1953625
20221103,09:43:54,41332.80,625,1953625
20221103,09:43:57,41333.00,175,1953625
20221103,09:43:59,41333.00,175,1953625
20221103,09:44:01,41328.80,125,1953625
20221103,09:44:02,41332.00,25,1953625
20221103,09:44:04,41328.70,200,1953625
20221103,09:44:06,41330.95,100,1953625
20221103,09:44:07,41330.00,25,1953625
20221103,09:44:09,41330.00,25,1953625
20221103,09:44:11,41329.70,100,1953625
20221103,09:44:12,41330.35,100,1953625
20221103,09:44:14,41331.80,75,1953625
20221103,09:44:16,41334.40,150,1953625
20221103,09:44:17,41332.70,450,1953625
20221103,09:44:19,41333.20,50,1953625
20221103,09:44:21,41331.95,150,1953625
20221103,09:44:22,41328.15,225,1953625
20221103,09:44:24,41326.15,50,1953625
20221103,09:44:26,41332.85,250,1953625
20221103,09:44:27,41325.35,25,1953625
20221103,09:44:29,41329.50,50,1953625
20221103,09:44:30,41329.00,25,1953625
20221103,09:44:32,41338.35,175,1953625
20221103,09:44:34,41338.30,125,1953625
20221103,09:44:35,41353.35,2025,1953625
20221103,09:44:37,41361.75,500,1953625
20221103,09:44:39,41360.85,125,1956475
20221103,09:44:40,41370.95,575,1956475
20221103,09:44:42,41374.80,650,1956475
20221103,09:44:44,41388.45,1250,1956475
20221103,09:44:45,41390.00,375,1956475
20221103,09:44:47,41389.45,275,1956475
20221103,09:44:49,41387.90,650,1956475
20221103,09:44:50,41392.90,2125,1956475
20221103,09:44:52,41389.90,875,1956475
20221103,09:44:54,41387.10,250,1956475
20221103,09:44:55,41390.80,400,1956475
20221103,09:44:57,41387.70,500,1956475
20221103,09:44:59,41389.25,375,1956475
20221103,09:45:00,41394.45,2250,1956475
20221103,09:45:02,41400.00,2300,1956475
20221103,09:45:04,41404.90,1250,1956475
20221103,09:45:05,41423.25,3750,1956475
20221103,09:45:07,41435.00,3650,1956475
20221103,09:45:09,41419.10,625,1956475
20221103,09:45:10,41437.55,1475,1956475
20221103,09:45:12,41441.95,2150,1956475
20221103,09:45:14,41443.70,1225,1956475
20221103,09:45:15,41450.00,4325,1956475
20221103,09:45:17,41446.35,1025,1956475
20221103,09:45:19,41449.50,975,1956475
20221103,09:45:20,41443.85,1775,1956475
20221103,09:45:22,41450.00,1725,1956475
20221103,09:45:24,41456.00,4675,1956475
20221103,09:45:25,41456.30,1625,1956475
20221103,09:45:27,41444.00,775,1956475
20221103,09:45:29,41441.80,825,1956475
20221103,09:45:30,41446.05,1375,1956475
20221103,09:45:32,41437.40,1400,1956475
20221103,09:45:34,41432.80,1550,1956475
20221103,09:45:35,41426.50,600,1956475
20221103,09:45:37,41429.45,1425,1956475
20221103,09:45:39,41434.80,1150,1956475
20221103,09:45:40,41432.10,200,1956475
20221103,09:45:42,41428.05,1000,1956475
20221103,09:45:44,41423.25,325,1956475
20221103,09:45:45,41419.35,1525,1956475
20221103,09:45:47,41423.85,600,1956475
20221103,09:45:49,41415.05,225,1956475
20221103,09:45:51,41419.65,350,1956475
20221103,09:45:52,41422.70,925,1956475
20221103,09:45:54,41421.30,400,1956475
20221103,09:45:55,41417.10,625,1956475
20221103,09:45:57,41413.10,375,1956475
20221103,09:45:59,41407.80,1025,1956475
20221103,09:46:00,41418.20,500,1956475
20221103,09:46:02,41417.00,200,1956475
20221103,09:46:04,41417.85,750,1956475
20221103,09:46:05,41415.90,425,1956475
20221103,09:46:07,41409.80,1050,1956475
20221103,09:46:09,41404.10,550,1956475
20221103,09:46:10,41413.25,225,1956475
20221103,09:46:12,41412.95,175,1956475
20221103,09:46:14,41412.95,825,1956475
20221103,09:46:15,41400.00,1150,1956475
20221103,09:46:17,41395.95,850,1956475
20221103,09:46:19,41403.90,200,1956475
20221103,09:46:20,41396.00,50,1956475
20221103,09:46:22,41396.35,675,1956475
20221103,09:46:24,41391.50,675,1956475
20221103,09:46:25,41388.20,350,1956475
20221103,09:46:27,41385.00,250,1956475
20221103,09:46:29,41394.90,525,1956475
20221103,09:46:30,41395.70,125,1956475
20221103,09:46:32,41389.40,375,1956475
20221103,09:46:34,41389.40,200,1956475
20221103,09:46:35,41388.20,350,1956475
20221103,09:46:37,41388.50,125,1956475
20221103,09:46:39,41394.25,225,1956475
20221103,09:46:40,41395.15,325,1956475
20221103,09:46:42,41393.65,425,1956475
20221103,09:46:44,41390.45,450,1956475
20221103,09:46:45,41387.40,175,1956475
20221103,09:46:47,41376.10,825,1956475
20221103,09:46:49,41380.75,2225,1956475
20221103,09:46:50,41375.85,250,1956475
20221103,09:46:52,41375.30,400,1956475
20221103,09:46:54,41376.75,125,1956475
20221103,09:46:55,41370.05,50,1956475
20221103,09:46:57,41376.10,325,1956475
20221103,09:46:59,41384.55,400,1956475
20221103,09:47:00,41376.05,125,1956475
20221103,09:47:02,41385.60,250,1956475
20221103,09:47:04,41382.00,200,1956475
20221103,09:47:05,41389.15,725,1956475
20221103,09:47:07,41388.55,1750,1956475
20221103,09:47:09,41383.35,1050,1956475
20221103,09:47:10,41387.55,1400,1956475
20221103,09:47:12,41373.00,375,1956475
20221103,09:47:14,41382.85,450,1956475
20221103,09:47:17,41364.10,625,1956475
20221103,09:47:19,41364.80,50,1956475
20221103,09:47:20,41361.00,300,1956475
20221103,09:47:22,41365.00,575,1956475
20221103,09:47:24,41369.20,225,1956475
20221103,09:47:25,41366.00,125,1956475
20221103,09:47:27,41365.00,175,1956475
20221103,09:47:29,41360.00,150,1956475
20221103,09:47:30,41360.00,100,1956475
20221103,09:47:32,41361.20,1050,1956475
20221103,09:47:34,41361.95,450,1956475
20221103,09:47:35,41355.00,375,1956475
20221103,09:47:37,41353.10,150,1956475
20221103,09:47:39,41358.00,200,1961975
20221103,09:47:40,41360.00,275,1961975
20221103,09:47:42,41360.25,400,1961975
20221103,09:47:44,41353.00,250,1961975
20221103,09:47:45,41351.05,75,1961975
20221103,09:47:47,41350.10,425,1961975
20221103,09:47:49,41356.00,125,1961975
20221103,09:47:50,41365.60,800,1961975
20221103,09:47:52,41370.00,75,1961975
20221103,09:47:54,41363.55,100,1961975
20221103,09:47:55,41355.00,250,1961975
20221103,09:47:57,41357.20,125,1961975
20221103,09:48:00,41357.10,50,1961975
20221103,09:48:02,41357.10,25,1961975
20221103,09:48:04,41358.10,350,1961975
20221103,09:48:05,41353.10,175,1961975
20221103,09:48:07,41355.45,675,1961975
20221103,09:48:09,41353.00,525,1961975
20221103,09:48:10,41358.00,375,1961975
20221103,09:48:12,41359.35,550,1961975
20221103,09:48:14,41354.00,975,1961975
20221103,09:48:15,41360.00,25,1961975
20221103,09:48:19,41358.05,125,1961975
20221103,09:48:20,41359.95,100,1961975
20221103,09:48:23,41358.20,200,1961975
20221103,09:48:25,41355.00,125,1961975
20221103,09:48:27,41346.70,1325,1961975
20221103,09:48:28,41348.80,50,1961975
20221103,09:48:30,41343.75,100,1961975
20221103,09:48:32,41355.00,200,1961975
20221103,09:48:33,41349.05,25,1961975
20221103,09:48:35,41355.00,350,1961975
20221103,09:48:38,41355.55,500,1961975
20221103,09:48:40,41355.05,225,1961975
20221103,09:48:42,41357.80,50,1961975
20221103,09:48:43,41351.15,325,1961975
20221103,09:48:45,41347.70,25,1961975
20221103,09:48:48,41348.55,25,1961975
20221103,09:48:52,41351.95,125,1961975
20221103,09:48:53,41352.00,525,1961975
20221103,09:48:55,41352.75,225,1961975
20221103,09:48:56,41354.75,100,1961975
20221103,09:48:58,41349.10,300,1961975
20221103,09:49:00,41355.00,300,1961975
20221103,09:49:01,41358.00,250,1961975
20221103,09:49:03,41354.95,400,1961975
20221103,09:49:05,41364.80,275,1961975
20221103,09:49:06,41360.15,50,1961975
20221103,09:49:08,41361.15,400,1961975
20221103,09:49:10,41361.80,950,1961975
20221103,09:49:11,41354.80,75,1961975
20221103,09:49:13,41361.15,75,1961975
20221103,09:49:15,41361.75,250,1961975
20221103,09:49:16,41356.50,125,1961975
20221103,09:49:20,41358.50,650,1961975
20221103,09:49:21,41359.00,100,1961975
20221103,09:49:23,41357.70,50,1961975
20221103,09:49:26,41349.30,125,1961975
20221103,09:49:28,41348.55,175,1961975
20221103,09:49:30,41349.00,25,1961975
20221103,09:49:31,41356.25,1550,1961975
20221103,09:49:33,41353.00,25,1961975
20221103,09:49:35,41349.35,25,1961975
20221103,09:49:36,41357.50,425,1961975
20221103,09:49:38,41355.00,50,1961975
20221103,09:49:40,41353.45,125,1961975
20221103,09:49:41,41350.00,225,1961975
20221103,09:49:43,41347.95,25,1961975
20221103,09:49:46,41345.25,175,1961975
20221103,09:49:48,41346.20,675,1961975
20221103,09:49:49,41345.00,25,1961975
20221103,09:49:51,41343.75,200,1961975
20221103,09:49:53,41347.95,225,1961975
20221103,09:49:54,41341.05,50,1961975
20221103,09:49:58,41337.35,500,1961975
20221103,09:50:00,41337.45,50,1961975
20221103,09:50:01,41345.85,100,1961975
20221103,09:50:03,41346.70,350,1961975
20221103,09:50:05,41342.70,425,1961975
20221103,09:50:06,41348.05,325,1961975
20221103,09:50:08,41346.40,200,1961975
20221103,09:50:10,41343.30,100,1961975
20221103,09:50:11,41341.60,350,1961975
20221103,09:50:13,41348.00,400,1961975
20221103,09:50:15,41348.75,125,1961975
20221103,09:50:16,41348.60,575,1961975
20221103,09:50:18,41346.60,325,1961975
20221103,09:50:20,41346.20,50,1961975
20221103,09:50:21,41343.20,25,1961975
20221103,09:50:23,41348.30,325,1961975
20221103,09:50:25,41355.15,1675,1961975
20221103,09:50:26,41347.85,25,1961975
20221103,09:50:28,41351.90,75,1961975
20221103,09:50:30,41354.80,125,1961975
20221103,09:50:31,41352.00,125,1961975
20221103,09:50:33,41356.00,150,1961975
20221103,09:50:35,41355.20,250,1961975
20221103,09:50:36,41354.75,175,1961975
20221103,09:50:38,41355.10,900,1961975
20221103,09:50:40,41354.50,200,1964350
20221103,09:50:41,41354.50,150,1964350
20221103,09:50:43,41354.90,700,1964350
20221103,09:50:45,41349.70,200,1964350
20221103,09:50:46,41350.45,25,1964350
20221103,09:50:50,41354.90,75,1964350
20221103,09:50:51,41355.00,100,1964350
20221103,09:50:53,41357.65,100,1964350
20221103,09:50:55,41358.95,125,1964350
20221103,09:50:56,41351.55,50,1964350
20221103,09:50:58,41358.05,50,1964350
20221103,09:50:59,41360.00,225,1964350
20221103,09:51:01,41363.65,1050,1964350
20221103,09:51:03,41373.90,375,1964350
20221103,09:51:04,41367.90,50,1964350
20221103,09:51:06,41369.35,225,1964350
20221103,09:51:08,41365.40,75,1964350
20221103,09:51:09,41363.95,1225,1964350
20221103,09:51:11,41365.95,200,1964350
20221103,09:51:13,41362.35,150,1964350
20221103,09:51:14,41369.05,100,1964350
20221103,09:51:16,41361.35,50,1964350
20221103,09:51:18,41365.00,25,1964350
20221103,09:51:19,41364.70,400,1964350
20221103,09:51:22,41362.90,50,1964350
20221103,09:51:24,41362.10,100,1964350
20221103,09:51:26,41366.00,50,1964350
20221103,09:51:27,41369.00,75,1964350
20221103,09:51:29,41364.10,75,1964350
20221103,09:51:31,41374.60,350,1964350
20221103,09:51:32,41380.00,300,1964350
20221103,09:51:34,41379.85,275,1964350
20221103,09:51:36,41382.05,275,1964350
20221103,09:51:37,41375.40,200,1964350
20221103,09:51:39,41377.65,600,1964350
20221103,09:51:41,41377.75,300,1964350
20221103,09:51:42,41377.60,475,1964350
20221103,09:51:44,41376.65,25,1964350
20221103,09:51:45,41371.00,100,1964350
20221103,09:51:47,41371.80,150,1964350
20221103,09:51:49,41368.40,25,1964350
20221103,09:51:50,41374.85,50,1964350
20221103,09:51:52,41371.80,100,1964350
20221103,09:51:53,41375.10,75,1964350
20221103,09:51:55,41373.25,25,1964350
20221103,09:51:57,41372.75,25,1964350
20221103,09:52:00,41375.00,75,1964350
20221103,09:52:02,41380.00,75,1964350
20221103,09:52:03,41382.35,75,1964350
20221103,09:52:05,41380.65,125,1964350
20221103,09:52:07,41380.60,300,1964350
20221103,09:52:09,41380.45,125,1964350
20221103,09:52:10,41386.00,500,1964350
20221103,09:52:12,41383.90,25,1964350
20221103,09:52:14,41380.60,50,1964350
20221103,09:52:15,41380.00,300,1964350
20221103,09:52:17,41373.80,75,1964350
20221103,09:52:19,41374.85,100,1964350
20221103,09:52:20,41374.30,175,1964350
20221103,09:52:22,41384.00,75,1964350
20221103,09:52:24,41382.25,100,1964350
20221103,09:52:25,41388.00,150,1964350
20221103,09:52:27,41385.75,75,1964350
20221103,09:52:29,41395.00,550,1964350
20221103,09:52:30,41395.00,100,1964350
20221103,09:52:32,41395.30,125,1964350
20221103,09:52:34,41394.85,425,1964350
20221103,09:52:35,41383.30,825,1964350
20221103,09:52:37,41390.55,75,1964350
20221103,09:52:39,41386.75,175,1964350
20221103,09:52:40,41377.90,425,1964350
20221103,09:52:42,41385.25,100,1964350
20221103,09:52:44,41382.75,375,1964350
20221103,09:52:45,41382.80,25,1964350
20221103,09:52:47,41380.40,75,1964350
20221103,09:52:49,41381.65,325,1964350
20221103,09:52:50,41381.95,575,1964350
20221103,09:52:52,41383.95,250,1964350
20221103,09:52:54,41379.30,225,1964350
20221103,09:52:55,41380.40,150,1964350
20221103,09:52:57,41391.00,150,1964350
20221103,09:52:58,41388.70,50,1964350
20221103,09:53:00,41388.75,150,1964350
20221103,09:53:02,41392.60,50,1964350
20221103,09:53:03,41399.00,875,1964350
20221103,09:53:05,41397.75,750,1964350
20221103,09:53:07,41394.65,525,1964350
20221103,09:53:08,41393.25,225,1964350
20221103,09:53:10,41396.50,50,1964350
20221103,09:53:12,41393.00,425,1964350
20221103,09:53:13,41395.00,425,1964350
20221103,09:53:15,41392.25,300,1964350
20221103,09:53:17,41400.00,400,1964350
20221103,09:53:18,41398.45,50,1964350
20221103,09:53:20,41388.70,175,1964350
20221103,09:53:22,41386.10,1025,1964350
20221103,09:53:23,41387.40,50,1964350
20221103,09:53:25,41386.10,350,1964350
20221103,09:53:27,41381.15,1075,1964350
20221103,09:53:28,41386.95,150,1964350
20221103,09:53:30,41386.65,50,1964350
20221103,09:53:32,41377.40,450,1964350
20221103,09:53:33,41380.50,75,1964350
20221103,09:53:35,41380.20,175,1964350
20221103,09:53:37,41379.60,150,1964350
20221103,09:53:38,41384.20,50,1964350
20221103,09:53:40,41377.00,175,1972800
20221103,09:53:42,41375.90,325,1972800
20221103,09:53:43,41374.70,300,1972800
20221103,09:53:45,41375.25,75,1972800
20221103,09:53:47,41373.40,75,1972800
20221103,09:53:48,41373.45,450,1972800
20221103,09:53:52,41365.90,150,1972800
20221103,09:53:53,41373.65,125,1972800
20221103,09:53:55,41370.10,225,1972800
20221103,09:53:57,41375.25,100,1972800
20221103,09:53:58,41380.00,50,1972800
20221103,09:54:00,41374.65,125,1972800
20221103,09:54:02,41380.00,175,1972800
20221103,09:54:03,41384.15,425,1972800
20221103,09:54:05,41386.65,450,1972800
20221103,09:54:07,41378.80,2050,1972800
20221103,09:54:08,41385.65,525,1972800
20221103,09:54:10,41388.10,650,1972800
20221103,09:54:12,41386.60,125,1972800
20221103,09:54:13,41386.65,325,1972800
20221103,09:54:15,41388.60,175,1972800
20221103,09:54:17,41386.75,375,1972800
20221103,09:54:19,41389.95,50,1972800
20221103,09:54:20,41391.30,150,1972800
20221103,09:54:22,41384.05,500,1972800
20221103,09:54:24,41388.30,125,1972800
20221103,09:54:25,41390.30,450,1972800
20221103,09:54:27,41395.00,350,1972800
20221103,09:54:29,41395.00,950,1972800
20221103,09:54:30,41392.10,425,1972800
20221103,09:54:32,41395.00,250,1972800
20221103,09:54:34,41392.25,150,1972800
20221103,09:54:35,41389.20,650,1972800
20221103,09:54:37,41389.40,125,1972800
20221103,09:54:39,41389.80,975,1972800
20221103,09:54:40,41383.75,150,1972800
20221103,09:54:42,41383.55,150,1972800
20221103,09:54:44,41385.00,225,1972800
20221103,09:54:45,41393.50,125,1972800
20221103,09:54:47,41384.95,150,1972800
20221103,09:54:49,41384.95,75,1972800
20221103,09:54:50,41385.00,150,1972800
20221103,09:54:53,41385.00,75,1972800
20221103,09:54:55,41374.70,800,1972800
20221103,09:54:57,41376.65,900,1972800
20221103,09:54:58,41376.65,75,1972800
20221103,09:55:00,41376.15,100,1972800
20221103,09:55:02,41374.10,75,1972800
20221103,09:55:03,41378.25,200,1972800
20221103,09:55:05,41373.75,75,1972800
20221103,09:55:07,41371.70,500,1972800
20221103,09:55:08,41375.35,75,1972800
20221103,09:55:10,41377.15,75,1972800
20221103,09:55:12,41377.65,200,1972800
20221103,09:55:13,41373.45,575,1972800
20221103,09:55:15,41377.30,200,1972800
20221103,09:55:17,41377.55,300,1972800
20221103,09:55:18,41375.60,150,1972800
20221103,09:55:20,41380.15,225,1972800
20221103,09:55:21,41375.05,225,1972800
20221103,09:55:23,41378.25,675,1972800
20221103,09:55:25,41378.90,25,1972800
20221103,09:55:26,41376.25,275,1972800
20221103,09:55:28,41381.45,25,1972800
20221103,09:55:30,41379.05,150,1972800
20221103,09:55:31,41380.05,150,1972800
20221103,09:55:33,41375.65,325,1972800
20221103,09:55:35,41382.00,25,1972800
20221103,09:55:36,41379.20,50,1972800
20221103,09:55:38,41378.45,100,1972800
20221103,09:55:40,41372.55,75,1972800
20221103,09:55:41,41375.90,100,1972800
20221103,09:55:43,41375.60,50,1972800
20221103,09:55:45,41372.95,775,1972800
20221103,09:55:46,41370.00,75,1972800
20221103,09:55:48,41372.00,625,1972800
20221103,09:55:49,41372.00,175,1972800
20221103,09:55:51,41375.00,50,1972800
20221103,09:55:53,41379.55,50,1972800
20221103,09:55:54,41374.05,875,1972800
20221103,09:55:56,41384.00,75,1972800
20221103,09:55:58,41383.60,400,1972800
20221103,09:55:59,41382.00,150,1972800
20221103,09:56:01,41379.90,550,1972800
20221103,09:56:03,41380.60,200,1972800
20221103,09:56:06,41385.05,250,1972800
20221103,09:56:08,41391.00,150,1972800
20221103,09:56:09,41383.80,50,1972800
20221103,09:56:11,41392.60,275,1972800
20221103,09:56:13,41384.60,100,1972800
20221103,09:56:14,41385.05,125,1972800
20221103,09:56:16,41382.00,575,1972800
20221103,09:56:18,41390.70,350,1972800
20221103,09:56:19,41391.00,50,1972800
20221103,09:56:21,41387.75,100,1972800
20221103,09:56:23,41390.35,175,1972800
20221103,09:56:24,41382.45,125,1972800
20221103,09:56:26,41384.85,375,1972800
20221103,09:56:27,41392.60,400,1972800
20221103,09:56:29,41395.00,150,1972800
20221103,09:56:31,41394.70,225,1972800
20221103,09:56:33,41390.80,25,1972800
20221103,09:56:34,41395.00,1225,1972800
20221103,09:56:36,41395.00,550,1972800
20221103,09:56:38,41392.95,625,1972800
20221103,09:56:39,41390.40,50,1983800
20221103,09:56:41,41392.75,100,1983800
20221103,09:56:43,41392.90,75,1983800
20221103,09:56:44,41384.80,500,1983800
20221103,09:56:46,41382.00,500,1983800
20221103,09:56:48,41380.00,1050,1983800
20221103,09:56:49,41382.15,275,1983800
20221103,09:56:51,41384.00,150,1983800
20221103,09:56:53,41388.50,150,1983800
20221103,09:56:54,41387.75,825,1983800
20221103,09:56:56,41383.00,75,1983800
20221103,09:56:57,41378.85,200,1983800
20221103,09:56:59,41377.30,1450,1983800
20221103,09:57:01,41377.35,50,1983800
20221103,09:57:02,41380.00,25,1983800
20221103,09:57:04,41377.60,50,1983800
20221103,09:57:06,41381.25,75,1983800
20221103,09:57:07,41377.70,125,1983800
20221103,09:57:09,41376.95,275,1983800
20221103,09:57:10,41379.50,700,1983800
20221103,09:57:12,41374.80,25,1983800
20221103,09:57:14,41377.55,150,1983800
20221103,09:57:15,41371.65,75,1983800
20221103,09:57:17,41371.65,325,1983800
20221103,09:57:20,41371.15,450,1983800
20221103,09:57:22,41377.45,125,1983800
20221103,09:57:23,41375.05,325,1983800
20221103,09:57:25,41375.25,150,1983800
20221103,09:57:26,41382.35,375,1983800
20221103,09:57:28,41381.10,25,1983800
20221103,09:57:30,41382.40,125,1983800
20221103,09:57:31,41383.00,25,1983800
20221103,09:57:33,41386.35,250,1983800
20221103,09:57:34,41388.15,125,1983800
20221103,09:57:36,41387.75,775,1983800
20221103,09:57:38,41390.45,150,1983800
20221103,09:57:39,41383.50,125,1983800
20221103,09:57:41,41388.25,275,1983800
20221103,09:57:43,41382.80,275,1983800
20221103,09:57:44,41383.30,50,1983800
20221103,09:57:46,41386.00,75,1983800
20221103,09:57:47,41373.80,275,1983800
20221103,09:57:51,41375.15,250,1983800
20221103,09:57:54,41376.55,150,1983800
20221103,09:57:55,41380.00,325,1983800
20221103,09:57:57,41378.75,650,1983800
20221103,09:57:59,41372.00,50,1983800
20221103,09:58:00,41370.05,225,1983800
20221103,09:58:02,41373.60,25,1983800
20221103,09:58:04,41378.05,200,1983800
20221103,09:58:05,41377.05,50,1983800
20221103,09:58:07,41373.15,125,1983800
20221103,09:58:09,41380.00,300,1983800
20221103,09:58:10,41376.40,325,1983800
20221103,09:58:12,41376.20,75,1983800
20221103,09:58:13,41376.10,225,1983800
20221103,09:58:15,41380.00,75,1983800
20221103,09:58:18,41378.65,150,1983800
20221103,09:58:20,41380.00,50,1983800
20221103,09:58:22,41374.85,75,1983800
20221103,09:58:23,41378.25,75,1983800
20221103,09:58:25,41379.00,50,1983800
20221103,09:58:27,41377.65,50,1983800
20221103,09:58:28,41379.35,25,1983800
20221103,09:58:30,41379.10,175,1983800
20221103,09:58:32,41382.75,200,1983800
20221103,09:58:33,41375.00,175,1983800
20221103,09:58:35,41375.00,225,1983800
20221103,09:58:38,41375.00,75,1983800
20221103,09:58:40,41382.75,275,1983800
20221103,09:58:41,41382.05,75,1983800
20221103,09:58:43,41380.00,50,1983800
20221103,09:58:45,41377.90,25,1983800
20221103,09:58:46,41383.00,75,1983800
20221103,09:58:48,41378.15,50,1983800
20221103,09:58:50,41380.55,350,1983800
20221103,09:58:51,41376.40,75,1983800
20221103,09:58:53,41381.45,175,1983800
20221103,09:58:55,41375.50,50,1983800
20221103,09:58:56,41373.60,50,1983800
20221103,09:58:58,41381.65,50,1983800
20221103,09:59:00,41377.10,250,1983800
20221103,09:59:01,41381.25,325,1983800
20221103,09:59:03,41381.25,550,1983800
20221103,09:59:04,41381.70,650,1983800
20221103,09:59:06,41380.45,125,1983800
20221103,09:59:08,41380.95,250,1983800
20221103,09:59:09,41374.20,300,1983800
20221103,09:59:11,41378.35,175,1983800
20221103,09:59:13,41376.80,50,1983800
20221103,09:59:14,41381.25,175,1983800
20221103,09:59:16,41374.80,75,1983800
20221103,09:59:18,41379.00,75,1983800
20221103,09:59:19,41375.00,25,1983800
20221103,09:59:21,41373.00,25,1983800
20221103,09:59:22,41376.35,50,1983800
20221103,09:59:24,41377.95,75,1983800
20221103,09:59:26,41376.35,75,1983800
20221103,09:59:27,41373.00,25,1983800
20221103,09:59:29,41373.00,75,1983800
20221103,09:59:31,41373.00,25,1983800
20221103,09:59:32,41373.05,75,1983800
20221103,09:59:34,41374.55,75,1983800
20221103,09:59:36,41377.00,50,1983800
20221103,09:59:39,41379.00,100,1983800
20221103,09:59:40,41379.15,25,1991575
20221103,09:59:42,41380.00,100,1991575
20221103,09:59:44,41380.20,50,1991575
20221103,09:59:45,41376.35,425,1991575
20221103,09:59:47,41381.40,125,1991575
20221103,09:59:49,41381.45,25,1991575
20221103,09:59:50,41378.75,100,1991575
20221103,09:59:52,41387.85,425,1991575
20221103,09:59:53,41384.20,100,1991575
20221103,09:59:55,41384.20,125,1991575
20221103,09:59:57,41384.20,125,1991575
20221103,09:59:58,41385.95,275,1991575
20221103,10:00:00,41386.00,125,1991575
20221103,10:00:02,41390.70,1000,1991575
20221103,10:00:03,41384.20,1325,1991575
20221103,10:00:05,41391.60,1075,1991575
20221103,10:00:07,41387.45,300,1991575
20221103,10:00:08,41390.35,700,1991575
20221103,10:00:10,41390.00,125,1991575
20221103,10:00:13,41383.30,125,1991575
20221103,10:00:15,41386.35,125,1991575
20221103,10:00:17,41390.00,75,1991575
20221103,10:00:18,41388.00,775,1991575
20221103,10:00:20,41384.10,125,1991575
20221103,10:00:22,41392.65,650,1991575
20221103,10:00:23,41395.00,600,1991575
20221103,10:00:25,41397.40,925,1991575
20221103,10:00:27,41404.75,4175,1991575
20221103,10:00:28,41405.15,1325,1991575
20221103,10:00:30,41416.95,1125,1991575
20221103,10:00:32,41410.05,275,1991575
20221103,10:00:33,41408.70,375,1991575
20221103,10:00:35,41405.25,200,1991575
20221103,10:00:37,41400.30,650,1991575
20221103,10:00:38,41401.80,300,1991575
20221103,10:00:40,41395.00,1925,1991575
20221103,10:00:42,41400.15,450,1991575
20221103,10:00:43,41400.15,50,1991575
20221103,10:00:45,41400.15,275,1991575
20221103,10:00:47,41400.00,250,1991575
20221103,10:00:48,41392.30,250,1991575
20221103,10:00:50,41395.00,25,1991575
20221103,10:00:52,41398.05,175,1991575
20221103,10:00:53,41400.00,950,1991575
20221103,10:00:55,41399.00,225,1991575
20221103,10:00:57,41397.70,50,1991575
20221103,10:00:58,41391.00,700,1991575
20221103,10:01:00,41384.60,625,1991575
20221103,10:01:02,41391.85,525,1991575
20221103,10:01:03,41389.50,125,1991575
20221103,10:01:05,41391.70,50,1991575
20221103,10:01:07,41387.55,25,1991575
20221103,10:01:08,41382.55,75,1991575
20221103,10:01:10,41380.00,75,1991575
20221103,10:01:12,41380.00,175,1991575
20221103,10:01:13,41380.00,975,1991575
20221103,10:01:15,41383.80,100,1991575
20221103,10:01:17,41381.00,200,1991575
20221103,10:01:18,41381.15,675,1991575
20221103,10:01:20,41375.85,50,1991575
20221103,10:01:22,41374.05,225,1991575
20221103,10:01:23,41378.80,125,1991575
20221103,10:01:25,41373.05,100,1991575
20221103,10:01:27,41376.05,100,1991575
20221103,10:01:28,41376.10,50,1991575
20221103,10:01:30,41381.00,25,1991575
20221103,10:01:32,41378.65,600,1991575
20221103,10:01:33,41375.00,150,1991575
20221103,10:01:35,41375.00,50,1991575
20221103,10:01:37,41375.00,125,1991575
20221103,10:01:38,41375.00,400,1991575
20221103,10:01:40,41375.00,100,1991575
20221103,10:01:42,41375.30,75,1991575
20221103,10:01:43,41374.60,150,1991575
20221103,10:01:45,41379.00,25,1991575
20221103,10:01:47,41372.00,225,1991575
20221103,10:01:48,41375.00,175,1991575
20221103,10:01:50,41376.15,75,1991575
20221103,10:01:52,41378.65,100,1991575
20221103,10:01:53,41378.70,50,1991575
20221103,10:01:55,41373.05,500,1991575
20221103,10:01:57,41377.25,25,1991575
20221103,10:01:58,41371.00,75,1991575
20221103,10:02:00,41373.00,75,1991575
20221103,10:02:02,41373.00,50,1991575
20221103,10:02:03,41371.00,50,1991575
20221103,10:02:05,41362.55,1025,1991575
20221103,10:02:07,41360.00,475,1991575
20221103,10:02:08,41360.00,75,1991575
20221103,10:02:10,41363.00,50,1991575
20221103,10:02:12,41360.00,175,1991575
20221103,10:02:13,41360.00,175,1991575
20221103,10:02:15,41360.00,175,1991575
20221103,10:02:17,41360.15,225,1991575
20221103,10:02:20,41365.60,100,1991575
20221103,10:02:22,41363.50,50,1991575
20221103,10:02:23,41368.60,25,1991575
20221103,10:02:25,41367.60,25,1991575
20221103,10:02:27,41367.60,150,1991575
20221103,10:02:28,41362.00,800,1991575
20221103,10:02:30,41367.55,125,1991575
20221103,10:02:32,41361.35,25,1991575
20221103,10:02:33,41365.85,75,1991575
20221103,10:02:35,41361.85,75,1991575
20221103,10:02:38,41364.95,50,1991575
20221103,10:02:40,41365.85,50,1991575
20221103,10:02:41,41361.30,50,1999225
20221103,10:02:45,41369.00,725,1999225
20221103,10:02:46,41368.75,125,1999225
20221103,10:02:48,41368.00,100,1999225
20221103,10:02:50,41368.00,25,1999225
20221103,10:02:51,41370.50,75,1999225
20221103,10:02:53,41368.75,75,1999225
20221103,10:02:54,41374.35,100,1999225
20221103,10:02:56,41371.95,625,1999225
20221103,10:02:58,41377.40,100,1999225
20221103,10:02:59,41375.10,275,1999225
20221103,10:03:01,41379.25,75,1999225
20221103,10:03:03,41384.60,75,1999225
20221103,10:03:04,41383.40,200,1999225
20221103,10:03:06,41375.25,550,1999225
20221103,10:03:08,41374.95,225,1999225
20221103,10:03:09,41370.55,100,1999225
20221103,10:03:11,41373.40,150,1999225
20221103,10:03:13,41375.90,50,1999225
20221103,10:03:14,41371.65,75,1999225
20221103,10:03:18,41375.35,75,1999225
20221103,10:03:19,41374.30,425,1999225
20221103,10:03:21,41368.00,75,1999225
20221103,10:03:24,41362.95,75,1999225
20221103,10:03:26,41362.00,200,1999225
20221103,10:03:28,41365.00,150,1999225
20221103,10:03:29,41368.00,25,1999225
20221103,10:03:31,41369.75,200,1999225
20221103,10:03:34,41369.40,25,1999225
20221103,10:03:36,41365.00,50,1999225
20221103,10:03:38,41367.00,50,1999225
20221103,10:03:41,41367.15,250,1999225
20221103,10:03:43,41370.00,25,1999225
20221103,10:03:44,41368.05,25,1999225
20221103,10:03:46,41372.85,25,1999225
20221103,10:03:48,41368.05,25,1999225
20221103,10:03:49,41373.70,150,1999225
20221103,10:03:51,41371.60,25,1999225
20221103,10:03:53,41373.20,50,1999225
20221103,10:03:54,41366.05,75,1999225
20221103,10:03:56,41371.80,75,1999225
20221103,10:03:58,41368.75,25,1999225
20221103,10:04:01,41372.65,100,1999225
20221103,10:04:03,41368.10,125,1999225
20221103,10:04:04,41374.55,350,1999225
20221103,10:04:06,41370.40,700,1999225
20221103,10:04:08,41370.05,50,1999225
20221103,10:04:09,41375.45,25,1999225
20221103,10:04:11,41377.00,25,1999225
20221103,10:04:13,41375.00,25,1999225
20221103,10:04:14,41376.30,375,1999225
20221103,10:04:16,41365.60,650,1999225
20221103,10:04:18,41369.65,100,1999225
20221103,10:04:19,41371.65,50,1999225
20221103,10:04:21,41367.30,25,1999225
20221103,10:04:23,41371.75,50,1999225
20221103,10:04:26,41370.95,50,1999225
20221103,10:04:29,41368.00,100,1999225
20221103,10:04:31,41365.60,25,1999225
20221103,10:04:32,41368.90,75,1999225
20221103,10:04:35,41365.15,75,1999225
20221103,10:04:39,41370.80,100,1999225
20221103,10:04:40,41366.05,75,1999225
20221103,10:04:42,41372.20,625,1999225
20221103,10:04:44,41371.80,25,1999225
20221103,10:04:45,41375.00,50,1999225
20221103,10:04:50,41377.00,25,1999225
20221103,10:04:52,41375.00,75,1999225
20221103,10:04:53,41375.00,75,1999225
20221103,10:04:55,41372.95,75,1999225
20221103,10:04:57,41374.10,150,1999225
20221103,10:04:58,41369.50,100,1999225
20221103,10:05:00,41369.80,50,1999225
20221103,10:05:01,41369.95,125,1999225
20221103,10:05:03,41379.75,750,1999225
20221103,10:05:05,41370.00,75,1999225
20221103,10:05:06,41377.10,50,1999225
20221103,10:05:08,41374.25,25,1999225
20221103,10:05:10,41375.85,275,1999225
20221103,10:05:11,41376.00,25,1999225
20221103,10:05:13,41377.05,175,1999225
20221103,10:05:16,41378.00,150,1999225
20221103,10:05:18,41377.00,125,1999225
20221103,10:05:19,41380.00,125,1999225
20221103,10:05:21,41379.20,275,1999225
20221103,10:05:22,41380.00,50,1999225
20221103,10:05:24,41377.40,550,1999225
20221103,10:05:26,41377.00,125,1999225
20221103,10:05:27,41370.00,300,1999225
20221103,10:05:29,41370.00,75,1999225
20221103,10:05:30,41368.00,125,1999225
20221103,10:05:32,41371.20,25,1999225
20221103,10:05:34,41370.95,50,1999225
20221103,10:05:35,41372.45,50,1999225
20221103,10:05:40,41373.05,25,2004000
20221103,10:05:42,41371.95,175,2004000
20221103,10:05:45,41373.25,25,2004000
20221103,10:05:48,41373.00,25,2004000
20221103,10:05:50,41371.95,25,2004000
20221103,10:05:51,41367.00,25,2004000
20221103,10:05:53,41369.80,125,2004000
20221103,10:05:54,41373.60,150,2004000
20221103,10:05:56,41370.45,50,2004000
20221103,10:05:59,41370.75,350,2004000
20221103,10:06:01,41370.75,25,2004000
20221103,10:06:02,41371.35,100,2004000
20221103,10:06:04,41375.45,600,2004000
20221103,10:06:06,41374.10,100,2004000
20221103,10:06:07,41373.75,200,2004000
20221103,10:06:09,41373.80,400,2004000
20221103,10:06:11,41372.00,450,2004000
20221103,10:06:12,41373.25,25,2004000
20221103,10:06:14,41374.00,225,2004000
20221103,10:06:15,41370.15,100,2004000
20221103,10:06:17,41373.85,150,2004000
20221103,10:06:19,41370.10,200,2004000
20221103,10:06:20,41373.25,175,2004000
20221103,10:06:22,41370.00,150,2004000
20221103,10:06:24,41370.00,25,2004000
20221103,10:06:25,41374.00,100,2004000
20221103,10:06:27,41370.05,200,2004000
20221103,10:06:28,41374.50,25,2004000
20221103,10:06:30,41375.15,250,2004000
20221103,10:06:32,41370.00,75,2004000
20221103,10:06:33,41365.30,100,2004000
20221103,10:06:35,41365.05,25,2004000
20221103,10:06:36,41370.80,50,2004000
20221103,10:06:38,41370.90,50,2004000
20221103,10:06:40,41365.65,300,2004000
20221103,10:06:41,41370.80,25,2004000
20221103,10:06:43,41371.70,25,2004000
20221103,10:06:46,41365.10,200,2004000
20221103,10:06:48,41365.10,100,2004000
20221103,10:06:49,41368.05,100,2004000
20221103,10:06:51,41368.60,50,2004000
20221103,10:06:53,41369.80,25,2004000
20221103,10:06:54,41368.75,25,2004000
20221103,10:06:56,41370.00,100,2004000
20221103,10:07:02,41370.00,275,2004000
20221103,10:07:06,41369.10,100,2004000
20221103,10:07:07,41365.00,100,2004000
20221103,10:07:09,41369.15,125,2004000
20221103,10:07:10,41365.15,250,2004000
20221103,10:07:14,41369.70,100,2004000
20221103,10:07:15,41365.00,25,2004000
20221103,10:07:18,41368.45,50,2004000
20221103,10:07:19,41369.05,75,2004000
20221103,10:07:21,41365.05,25,2004000
20221103,10:07:24,41368.80,175,2004000
20221103,10:07:27,41368.40,125,2004000
20221103,10:07:30,41365.10,50,2004000
20221103,10:07:32,41367.20,25,2004000
20221103,10:07:33,41361.20,250,2004000
20221103,10:07:35,41355.25,2000,2004000
20221103,10:07:37,41355.00,100,2004000
20221103,10:07:38,41355.00,50,2004000
20221103,10:07:40,41357.10,100,2004000
20221103,10:07:42,41353.60,200,2004000
20221103,10:07:43,41356.00,175,2004000
20221103,10:07:45,41359.00,125,2004000
20221103,10:07:46,41353.95,25,2004000
20221103,10:07:48,41357.95,175,2004000
20221103,10:07:50,41353.40,200,2004000
20221103,10:07:52,41354.05,50,2004000
20221103,10:07:53,41352.05,225,2004000
20221103,10:07:55,41353.40,25,2004000
20221103,10:07:57,41355.35,2625,2004000
20221103,10:07:58,41357.00,50,2004000
20221103,10:08:00,41362.95,200,2004000
20221103,10:08:02,41353.75,25,2004000
20221103,10:08:03,41355.85,50,2004000
20221103,10:08:05,41353.75,25,2004000
20221103,10:08:07,41353.75,25,2004000
20221103,10:08:08,41356.60,200,2004000
20221103,10:08:10,41353.75,50,2004000
20221103,10:08:12,41353.75,25,2004000
20221103,10:08:13,41352.45,25,2004000
20221103,10:08:15,41354.95,25,2004000
20221103,10:08:16,41355.00,50,2004000
20221103,10:08:18,41352.35,300,2004000
20221103,10:08:20,41352.00,250,2004000
20221103,10:08:21,41352.00,250,2004000
20221103,10:08:23,41354.95,50,2004000
20221103,10:08:26,41354.55,1275,2004000
20221103,10:08:28,41353.95,75,2004000
20221103,10:08:30,41356.00,375,2004000
20221103,10:08:31,41352.25,100,2004000
20221103,10:08:33,41357.65,900,2004000
20221103,10:08:34,41358.05,975,2004000
20221103,10:08:36,41350.60,25,2004000
20221103,10:08:38,41354.75,75,2004000
20221103,10:08:39,41348.00,1075,2004000
20221103,10:08:41,41345.00,375,2006950
20221103,10:08:43,41347.00,50,2006950
20221103,10:08:44,41345.45,25,2006950
20221103,10:08:46,41343.15,200,2006950
20221103,10:08:47,41348.80,175,2006950
20221103,10:08:49,41346.70,150,2006950
20221103,10:08:51,41350.00,325,2006950
20221103,10:08:52,41354.95,50,2006950
20221103,10:08:54,41348.35,50,2006950
20221103,10:08:56,41350.00,100,2006950
20221103,10:08:57,41350.00,125,2006950
20221103,10:08:59,41354.90,25,2006950
20221103,10:09:00,41354.90,25,2006950
20221103,10:09:02,41358.00,350,2006950
20221103,10:09:04,41362.20,200,2006950
20221103,10:09:05,41365.90,400,2006950
20221103,10:09:07,41367.60,250,2006950
20221103,10:09:09,41371.00,625,2006950
20221103,10:09:10,41374.70,100,2006950
20221103,10:09:14,41370.60,175,2006950
20221103,10:09:15,41368.20,550,2006950
20221103,10:09:17,41371.20,300,2006950
20221103,10:09:18,41370.00,50,2006950
20221103,10:09:20,41372.85,50,2006950
20221103,10:09:22,41371.70,150,2006950
20221103,10:09:23,41370.05,50,2006950
20221103,10:09:26,41375.00,275,2006950
20221103,10:09:28,41375.20,275,2006950
20221103,10:09:30,41374.25,250,2006950
20221103,10:09:31,41383.15,175,2006950
20221103,10:09:33,41384.40,225,2006950
20221103,10:09:34,41384.90,275,2006950
20221103,10:09:36,41383.15,25,2006950
20221103,10:09:38,41384.20,150,2006950
20221103,10:09:39,41384.35,725,2006950
20221103,10:09:41,41384.45,125,2006950
20221103,10:09:43,41382.30,475,2006950
20221103,10:09:44,41384.20,475,2006950
20221103,10:09:46,41395.00,650,2006950
20221103,10:09:48,41398.05,1375,2006950
20221103,10:09:49,41400.00,1400,2006950
20221103,10:09:51,41404.65,50,2006950
20221103,10:09:52,41408.50,150,2006950
20221103,10:09:54,41410.00,825,2006950
20221103,10:09:56,41413.50,425,2006950
20221103,10:09:57,41415.00,250,2006950
20221103,10:09:59,41415.35,1550,2006950
20221103,10:10:01,41413.10,200,2006950
20221103,10:10:02,41414.55,775,2006950
20221103,10:10:04,41420.60,1750,2006950
20221103,10:10:06,41419.35,1000,2006950
20221103,10:10:08,41415.90,325,2006950
20221103,10:10:09,41435.25,4425,2006950
20221103,10:10:11,41440.40,2250,2006950
20221103,10:10:13,41450.00,5375,2006950
20221103,10:10:14,41464.15,4375,2006950
20221103,10:10:16,41457.95,300,2006950
20221103,10:10:18,41460.05,675,2006950
20221103,10:10:19,41468.70,3250,2006950
20221103,10:10:21,41474.25,1875,2006950
20221103,10:10:23,41475.00,1300,2006950
20221103,10:10:24,41468.40,525,2006950
20221103,10:10:26,41466.00,725,2006950
20221103,10:10:27,41462.65,750,2006950
20221103,10:10:29,41463.20,1025,2006950
20221103,10:10:31,41463.60,500,2006950
20221103,10:10:32,41450.00,1550,2006950
20221103,10:10:34,41454.55,1025,2006950
20221103,10:10:36,41443.05,550,2006950
20221103,10:10:37,41445.65,175,2006950
20221103,10:10:39,41450.00,250,2006950
20221103,10:10:41,41442.15,425,2006950
20221103,10:10:42,41441.00,125,2006950
20221103,10:10:44,41442.15,1450,2006950
20221103,10:10:46,41446.65,150,2006950
20221103,10:10:47,41440.00,175,2006950
20221103,10:10:49,41440.00,225,2006950
20221103,10:10:51,41445.00,150,2006950
20221103,10:10:52,41442.80,225,2006950
20221103,10:10:54,41440.05,425,2006950
20221103,10:10:55,41448.25,50,2006950
20221103,10:10:57,41445.10,175,2006950
20221103,10:10:59,41445.00,250,2006950
20221103,10:11:00,41445.00,75,2006950
20221103,10:11:02,41447.75,575,2006950
20221103,10:11:04,41447.90,400,2006950
20221103,10:11:05,41440.75,675,2006950
20221103,10:11:07,41446.00,275,2006950
20221103,10:11:09,41443.40,225,2006950
20221103,10:11:10,41445.00,175,2006950
20221103,10:11:12,41443.45,525,2006950
20221103,10:11:14,41444.00,150,2006950
20221103,10:11:15,41445.00,300,2006950
20221103,10:11:17,41447.90,375,2006950
20221103,10:11:19,41451.00,1625,2006950
20221103,10:11:20,41454.50,75,2006950
20221103,10:11:22,41450.90,100,2006950
20221103,10:11:24,41450.00,350,2006950
20221103,10:11:25,41452.90,425,2006950
20221103,10:11:27,41452.85,175,2006950
20221103,10:11:29,41453.35,650,2006950
20221103,10:11:30,41451.00,975,2006950
20221103,10:11:32,41452.35,1450,2006950
20221103,10:11:34,41457.25,125,2006950
20221103,10:11:35,41450.05,75,2006950
20221103,10:11:37,41450.05,75,2006950
20221103,10:11:39,41453.55,125,2006950
20221103,10:11:40,41450.05,475,2006950
20221103,10:11:42,41446.35,525,2006950
20221103,10:11:44,41442.80,25,2002300
20221103,10:11:45,41448.90,25,2002300
20221103,10:11:47,41440.15,325,2002300
20221103,10:11:49,41446.00,75,2002300
20221103,10:11:50,41440.00,75,2002300
20221103,10:11:52,41435.25,1675,2002300
20221103,10:11:54,41436.45,475,2002300
20221103,10:11:55,41440.00,250,2002300
20221103,10:11:57,41433.55,50,2002300
20221103,10:11:59,41433.00,100,2002300
20221103,10:12:00,41433.55,200,2002300
20221103,10:12:02,41435.05,175,2002300
20221103,10:12:04,41440.00,400,2002300
20221103,10:12:07,41443.90,100,2002300
20221103,10:12:09,41436.70,425,2002300
20221103,10:12:10,41442.00,125,2002300
20221103,10:12:12,41446.35,200,2002300
20221103,10:12:14,41444.65,175,2002300
20221103,10:12:15,41444.05,25,2002300
20221103,10:12:17,41445.95,50,2002300
20221103,10:12:19,41441.80,450,2002300
20221103,10:12:20,41440.75,175,2002300
20221103,10:12:22,41446.60,125,2002300
20221103,10:12:24,41440.80,25,2002300
20221103,10:12:25,41447.00,75,2002300
20221103,10:12:27,41446.60,275,2002300
20221103,10:12:29,41441.55,75,2002300
20221103,10:12:30,41441.30,675,2002300
20221103,10:12:32,41440.05,150,2002300
20221103,10:12:34,41440.05,225,2002300
20221103,10:12:37,41437.30,50,2002300
20221103,10:12:39,41441.10,225,2002300
20221103,10:12:40,41444.75,125,2002300
20221103,10:12:42,41444.05,2075,2002300
20221103,10:12:44,41440.00,50,2002300
20221103,10:12:45,41444.05,225,2002300
20221103,10:12:47,41443.70,100,2002300
20221103,10:12:49,41442.95,150,2002300
20221103,10:12:50,41445.00,75,2002300
20221103,10:12:52,41438.85,575,2002300
20221103,10:12:53,41436.00,25,2002300
20221103,10:12:55,41437.10,100,2002300
20221103,10:12:57,41436.00,50,2002300
20221103,10:12:58,41432.50,300,2002300
20221103,10:13:03,41431.65,350,2002300
20221103,10:13:05,41431.75,75,2002300
20221103,10:13:07,41433.45,225,2002300
20221103,10:13:08,41436.00,125,2002300
20221103,10:13:10,41442.20,1150,2002300
20221103,10:13:12,41441.05,75,2002300
20221103,10:13:13,41438.20,50,2002300
20221103,10:13:15,41439.65,425,2002300
20221103,10:13:17,41448.80,200,2002300
20221103,10:13:18,41444.60,175,2002300
20221103,10:13:20,41445.35,100,2002300
20221103,10:13:22,41447.80,175,2002300
20221103,10:13:23,41447.70,200,2002300
20221103,10:13:25,41450.00,900,2002300
20221103,10:13:27,41449.95,125,2002300
20221103,10:13:28,41449.90,1050,2002300
20221103,10:13:30,41452.15,1500,2002300
20221103,10:13:32,41451.40,225,2002300
20221103,10:13:33,41449.90,1050,2002300
20221103,10:13:35,41452.55,500,2002300
20221103,10:13:37,41451.60,50,2002300
20221103,10:13:38,41444.60,150,2002300
20221103,10:13:40,41446.80,50,2002300
20221103,10:13:42,41451.00,250,2002300
20221103,10:13:43,41450.20,75,2002300
20221103,10:13:45,41450.10,300,2002300
20221103,10:13:47,41454.60,625,2002300
20221103,10:13:48,41452.00,125,2002300
20221103,10:13:50,41452.00,500,2002300
20221103,10:13:52,41451.65,975,2002300
20221103,10:13:53,41454.45,75,2002300
20221103,10:13:55,41454.35,75,2002300
20221103,10:13:58,41455.10,125,2002300
20221103,10:14:00,41455.65,175,2002300
20221103,10:14:01,41455.55,75,2002300
20221103,10:14:03,41450.55,125,2002300
20221103,10:14:05,41456.55,575,2002300
20221103,10:14:06,41459.55,100,2002300
20221103,10:14:08,41463.40,675,2002300
20221103,10:14:10,41475.25,3000,2002300
20221103,10:14:11,41478.75,2350,2002300
20221103,10:14:13,41468.05,700,2002300
20221103,10:14:15,41471.25,600,2002300
20221103,10:14:16,41472.20,100,2002300
20221103,10:14:18,41475.00,225,2002300
20221103,10:14:20,41485.00,2125,2002300
20221103,10:14:22,41486.00,525,2002300
20221103,10:14:23,41481.55,500,2002300
20221103,10:14:25,41480.00,200,2002300
20221103,10:14:27,41486.95,5325,2002300
20221103,10:14:28,41484.00,600,2002300
20221103,10:14:30,41480.05,475,2002300
20221103,10:14:32,41480.05,150,2002300
20221103,10:14:33,41481.65,325,2002300
20221103,10:14:35,41484.95,225,2002300
20221103,10:14:37,41485.25,475,2002300
20221103,10:14:38,41480.85,275,2002300
20221103,10:14:40,41479.60,800,2002300
20221103,10:14:42,41477.95,100,2002300
20221103,10:14:43,41480.00,875,2007925
20221103,10:14:45,41480.00,500,2007925
20221103,10:14:47,41480.60,500,2007925
20221103,10:14:48,41483.40,175,2007925
20221103,10:14:50,41482.85,350,2007925
20221103,10:14:52,41490.00,1825,2007925
20221103,10:14:53,41490.00,175,2007925
20221103,10:14:55,41489.35,1500,2007925
20221103,10:14:57,41497.00,4775,2007925
20221103,10:14:58,41498.40,3425,2007925
20221103,10:15:00,41500.00,5425,2007925
20221103,10:15:02,41511.25,7200,2007925
20221103,10:15:03,41514.50,2100,2007925
20221103,10:15:05,41508.90,1675,2007925
20221103,10:15:07,41512.50,1150,2007925
20221103,10:15:08,41514.55,350,2007925
20221103,10:15:10,41515.00,900,2007925
20221103,10:15:12,41518.80,1700,2007925
20221103,10:15:13,41520.00,750,2007925
20221103,10:15:15,41520.00,675,2007925
20221103,10:15:17,41525.00,3175,2007925
20221103,10:15:18,41528.00,1600,2007925
20221103,10:15:20,41520.10,1500,2007925
20221103,10:15:22,41520.00,850,2007925
20221103,10:15:23,41520.00,2150,2007925
20221103,10:15:25,41514.85,1275,2007925
20221103,10:15:26,41509.85,850,2007925
20221103,10:15:28,41512.55,2025,2007925
20221103,10:15:30,41506.85,1550,2007925
20221103,10:15:31,41504.90,500,2007925
20221103,10:15:33,41513.00,725,2007925
20221103,10:15:35,41504.90,150,2007925
20221103,10:15:36,41520.60,1325,2007925
20221103,10:15:38,41512.15,1000,2007925
20221103,10:15:40,41506.80,1175,2007925
20221103,10:15:41,41520.05,3500,2007925
20221103,10:15:43,41518.05,875,2007925
20221103,10:15:45,41517.90,150,2007925
20221103,10:15:46,41520.00,250,2007925
20221103,10:15:48,41515.00,100,2007925
20221103,10:15:49,41515.75,500,2007925
20221103,10:15:51,41515.25,1275,2007925
20221103,10:15:53,41516.00,1225,2007925
20221103,10:15:54,41515.15,1675,2007925
20221103,10:15:56,41515.15,1925,2007925
20221103,10:15:58,41515.15,175,2007925
20221103,10:15:59,41519.55,175,2007925
20221103,10:16:01,41520.55,325,2007925
20221103,10:16:03,41520.00,1175,2007925
20221103,10:16:04,41521.70,400,2007925
20221103,10:16:06,41518.15,300,2007925
20221103,10:16:07,41521.20,350,2007925
20221103,10:16:09,41520.00,1125,2007925
20221103,10:16:11,41515.00,375,2007925
20221103,10:16:12,41515.00,900,2007925
20221103,10:16:14,41515.50,3025,2007925
20221103,10:16:16,41513.70,1275,2007925
20221103,10:16:17,41515.00,400,2007925
20221103,10:16:19,41514.05,350,2007925
20221103,10:16:21,41509.95,550,2007925
20221103,10:16:22,41508.30,225,2007925
20221103,10:16:24,41507.00,525,2007925
20221103,10:16:26,41504.65,825,2007925
20221103,10:16:27,41508.30,250,2007925
20221103,10:16:29,41498.00,525,2007925
20221103,10:16:31,41503.00,350,2007925
20221103,10:16:32,41500.80,400,2007925
20221103,10:16:34,41501.15,525,2007925
20221103,10:16:36,41501.55,1050,2007925
20221103,10:16:38,41500.00,375,2007925
20221103,10:16:39,41500.00,1600,2007925
20221103,10:16:41,41500.00,350,2007925
20221103,10:16:43,41497.45,175,2007925
20221103,10:16:44,41495.45,700,2007925
20221103,10:16:46,41485.95,475,2007925
20221103,10:16:48,41486.05,400,2007925
20221103,10:16:49,41486.20,325,2007925
20221103,10:16:51,41483.35,400,2007925
20221103,10:16:53,41492.65,175,2007925
20221103,10:16:54,41487.25,425,2007925
20221103,10:16:56,41485.00,225,2007925
20221103,10:16:58,41486.40,150,2007925
20221103,10:16:59,41485.15,100,2007925
20221103,10:17:01,41490.90,725,2007925
20221103,10:17:03,41495.05,175,2007925
20221103,10:17:04,41495.05,400,2007925
20221103,10:17:06,41486.75,150,2007925
20221103,10:17:08,41486.30,350,2007925
20221103,10:17:09,41488.15,50,2007925
20221103,10:17:11,41483.95,50,2007925
20221103,10:17:13,41492.50,425,2007925
20221103,10:17:14,41486.65,25,2007925
20221103,10:17:16,41488.00,275,2007925
20221103,10:17:18,41490.60,125,2007925
20221103,10:17:19,41490.00,200,2007925
20221103,10:17:21,41487.20,250,2007925
20221103,10:17:23,41490.00,150,2007925
20221103,10:17:24,41490.00,150,2007925
20221103,10:17:26,41490.15,150,2007925
20221103,10:17:28,41490.15,500,2007925
20221103,10:17:29,41494.50,300,2007925
20221103,10:17:31,41495.05,50,2007925
20221103,10:17:33,41494.50,425,2007925
20221103,10:17:34,41498.40,625,2007925
20221103,10:17:36,41496.65,100,2007925
20221103,10:17:38,41500.00,1725,2007925
20221103,10:17:39,41499.40,25,2007925
20221103,10:17:41,41501.05,300,2007925
20221103,10:17:43,41505.00,350,2007925
20221103,10:17:44,41499.65,200,2007925
20221103,10:17:46,41505.10,975,2012575
20221103,10:17:47,41504.50,250,2012575
20221103,10:17:49,41500.00,650,2012575
20221103,10:17:51,41503.75,50,2012575
20221103,10:17:52,41501.05,250,2012575
20221103,10:17:54,41504.90,150,2012575
20221103,10:17:56,41504.90,175,2012575
20221103,10:17:57,41501.50,175,2012575
20221103,10:17:59,41502.45,1075,2012575
20221103,10:18:01,41500.00,75,2012575
20221103,10:18:02,41504.15,25,2012575
20221103,10:18:04,41505.55,225,2012575
20221103,10:18:06,41504.15,175,2012575
20221103,10:18:07,41507.30,575,2012575
20221103,10:18:09,41507.35,625,2012575
20221103,10:18:10,41503.50,200,2012575
20221103,10:18:12,41503.15,50,2012575
20221103,10:18:14,41504.15,1000,2012575
20221103,10:18:15,41503.40,225,2012575
20221103,10:18:17,41501.05,50,2012575
20221103,10:18:19,41503.15,300,2012575
20221103,10:18:20,41503.15,100,2012575
20221103,10:18:22,41500.00,225,2012575
20221103,10:18:23,41500.05,50,2012575
20221103,10:18:25,41505.00,300,2012575
20221103,10:18:27,41510.00,375,2012575
20221103,10:18:28,41513.65,750,2012575
20221103,10:18:30,41519.20,550,2012575
20221103,10:18:32,41519.90,1475,2012575
20221103,10:18:33,41516.45,75,2012575
20221103,10:18:35,41518.00,400,2012575
20221103,10:18:37,41517.80,125,2012575
20221103,10:18:38,41509.30,700,2012575
20221103,10:18:40,41510.90,225,2012575
20221103,10:18:42,41512.85,50,2012575
20221103,10:18:43,41511.00,200,2012575
20221103,10:18:45,41511.95,450,2012575
20221103,10:18:47,41512.15,200,2012575
20221103,10:18:48,41505.00,50,2012575
20221103,10:18:50,41508.10,50,2012575
20221103,10:18:52,41508.40,125,2012575
20221103,10:18:55,41508.00,75,2012575
20221103,10:18:57,41509.50,750,2012575
20221103,10:18:58,41510.00,175,2012575
20221103,10:19:00,41510.50,200,2012575
20221103,10:19:02,41507.90,150,2012575
20221103,10:19:03,41511.00,800,2012575
20221103,10:19:05,41512.05,625,2012575
20221103,10:19:07,41508.45,300,2012575
20221103,10:19:08,41512.60,100,2012575
20221103,10:19:10,41512.60,250,2012575
20221103,10:19:12,41515.15,225,2012575
20221103,10:19:13,41515.25,225,2012575
20221103,10:19:15,41510.00,425,2012575
20221103,10:19:17,41512.60,275,2012575
20221103,10:19:18,41511.40,25,2012575
20221103,10:19:20,41510.15,125,2012575
20221103,10:19:22,41510.20,225,2012575
20221103,10:19:23,41507.90,350,2012575
20221103,10:19:25,41505.75,1925,2012575
20221103,10:19:26,41500.00,125,2012575
20221103,10:19:28,41500.00,925,2012575
20221103,10:19:30,41500.45,125,2012575
20221103,10:19:31,41493.25,150,2012575
20221103,10:19:33,41495.10,150,2012575
20221103,10:19:35,41495.30,50,2012575
20221103,10:19:36,41490.00,200,2012575
20221103,10:19:38,41488.55,175,2012575
20221103,10:19:40,41486.90,50,2012575
20221103,10:19:41,41490.00,25,2012575
20221103,10:19:43,41493.45,150,2012575
20221103,10:19:45,41494.00,225,2012575
20221103,10:19:46,41493.50,75,2012575
20221103,10:19:48,41493.50,175,2012575
20221103,10:19:50,41493.50,50,2012575
20221103,10:19:51,41496.20,75,2012575
20221103,10:19:53,41497.00,125,2012575
20221103,10:19:55,41499.25,150,2012575
20221103,10:19:56,41499.25,150,2012575
20221103,10:19:58,41499.90,275,2012575
20221103,10:20:00,41498.85,250,2012575
20221103,10:20:01,41502.60,325,2012575
20221103,10:20:03,41505.05,300,2012575
20221103,10:20:05,41504.45,175,2012575
20221103,10:20:06,41505.80,275,2012575
20221103,10:20:08,41503.25,75,2012575
20221103,10:20:10,41506.70,150,2012575
20221103,10:20:11,41508.95,150,2012575
20221103,10:20:13,41511.05,225,2012575
20221103,10:20:15,41510.15,350,2012575
20221103,10:20:16,41509.55,200,2012575
20221103,10:20:18,41512.95,100,2012575
20221103,10:20:20,41506.75,625,2012575
20221103,10:20:21,41509.85,200,2012575
20221103,10:20:23,41510.05,200,2012575
20221103,10:20:25,41513.15,175,2012575
20221103,10:20:26,41507.20,100,2012575
20221103,10:20:28,41505.25,50,2012575
20221103,10:20:30,41510.00,175,2012575
20221103,10:20:31,41508.70,300,2012575
20221103,10:20:33,41510.00,150,2012575
20221103,10:20:35,41505.25,75,2012575
20221103,10:20:36,41500.00,1475,2012575
20221103,10:20:38,41500.00,25,2012575
20221103,10:20:39,41500.00,275,2012575
20221103,10:20:41,41490.00,5775,2012575
20221103,10:20:43,41490.00,525,2012575
20221103,10:20:44,41489.60,325,2027300
20221103,10:20:46,41482.90,3650,2027300
20221103,10:20:48,41485.00,200,2027300
20221103,10:20:49,41480.15,275,2027300
20221103,10:20:51,41480.00,1000,2027300
20221103,10:20:53,41479.95,1000,2027300
20221103,10:20:54,41480.00,425,2027300
20221103,10:20:56,41480.00,175,2027300
20221103,10:20:58,41475.00,4100,2027300
20221103,10:20:59,41472.10,150,2027300
20221103,10:21:01,41473.35,5925,2027300
20221103,10:21:03,41463.00,15950,2027300
20221103,10:21:05,41459.15,475,2027300
20221103,10:21:06,41460.85,350,2027300
20221103,10:21:08,41460.00,500,2027300
20221103,10:21:10,41460.00,225,2027300
20221103,10:21:11,41449.95,15075,2027300
20221103,10:21:13,41449.90,2450,2027300
20221103,10:21:15,41450.00,525,2027300
20221103,10:21:16,41450.00,775,2027300
20221103,10:21:18,41450.00,600,2027300
20221103,10:21:20,41450.00,2150,2027300
20221103,10:21:21,41450.00,12225,2027300
20221103,10:21:23,41450.00,3550,2027300
20221103,10:21:25,41449.95,5225,2027300
20221103,10:21:26,41449.95,375,2027300
20221103,10:21:28,41449.95,575,2027300
20221103,10:21:30,41449.95,450,2027300
20221103,10:21:31,41449.90,100,2027300
20221103,10:21:33,41449.95,1150,2027300
20221103,10:21:35,41449.95,375,2027300
20221103,10:21:36,41450.00,1000,2027300
20221103,10:21:38,41450.00,275,2027300
20221103,10:21:40,41450.00,75,2027300
20221103,10:21:41,41450.00,1850,2027300
20221103,10:21:43,41450.00,4375,2027300
20221103,10:21:45,41450.00,2125,2027300
20221103,10:21:46,41449.95,375,2027300
20221103,10:21:48,41449.95,125,2027300
20221103,10:21:50,41446.10,200,2027300
20221103,10:21:51,41448.80,75,2027300
20221103,10:21:53,41447.45,150,2027300
20221103,10:21:56,41449.25,125,2027300
20221103,10:21:58,41450.00,125,2027300
20221103,10:21:59,41460.00,1250,2027300
20221103,10:22:01,41470.00,325,2027300
20221103,10:22:03,41470.00,150,2027300
20221103,10:22:04,41473.95,75,2027300
20221103,10:22:06,41469.60,50,2027300
20221103,10:22:07,41467.75,25,2027300
20221103,10:22:09,41474.00,225,2027300
20221103,10:22:11,41475.00,250,2027300
20221103,10:22:12,41483.80,375,2027300
20221103,10:22:14,41485.00,125,2027300
20221103,10:22:16,41485.15,275,2027300
20221103,10:22:17,41485.65,100,2027300
20221103,10:22:19,41485.40,50,2027300
20221103,10:22:21,41480.30,100,2027300
20221103,10:22:22,41485.75,50,2027300
20221103,10:22:24,41485.90,475,2027300
20221103,10:22:25,41480.00,700,2027300
20221103,10:22:27,41470.00,325,2027300
20221103,10:22:29,41467.75,100,2027300
20221103,10:22:30,41473.05,600,2027300
20221103,10:22:32,41470.95,575,2027300
20221103,10:22:34,41467.75,50,2027300
20221103,10:22:35,41468.40,150,2027300
20221103,10:22:37,41476.25,100,2027300
20221103,10:22:38,41470.20,175,2027300
20221103,10:22:40,41473.75,625,2027300
20221103,10:22:42,41470.05,50,2027300
20221103,10:22:43,41475.20,1625,2027300
20221103,10:22:45,41474.95,400,2027300
20221103,10:22:47,41475.65,50,2027300
20221103,10:22:48,41475.20,300,2027300
20221103,10:22:50,41475.05,425,2027300
20221103,10:22:52,41471.20,250,2027300
20221103,10:22:53,41472.95,125,2027300
20221103,10:22:55,41470.45,25,2027300
20221103,10:22:56,41463.85,325,2027300
20221103,10:22:58,41466.35,150,2027300
20221103,10:23:01,41466.90,50,2027300
20221103,10:23:03,41468.50,75,2027300
20221103,10:23:05,41461.70,125,2027300
20221103,10:23:06,41469.05,25,2027300
20221103,10:23:10,41469.35,250,2027300
20221103,10:23:11,41471.10,75,2027300
20221103,10:23:13,41472.60,50,2027300
20221103,10:23:15,41470.00,200,2027300
20221103,10:23:16,41465.20,50,2027300
20221103,10:23:18,41469.30,50,2027300
20221103,10:23:20,41465.20,125,2027300
20221103,10:23:22,41470.20,250,2027300
20221103,10:23:23,41471.80,200,2027300
20221103,10:23:25,41473.40,400,2027300
20221103,10:23:26,41470.20,225,2027300
20221103,10:23:28,41474.00,500,2027300
20221103,10:23:30,41474.95,125,2027300
20221103,10:23:31,41475.00,700,2027300
20221103,10:23:33,41474.55,50,2027300
20221103,10:23:35,41474.55,50,2027300
20221103,10:23:36,41476.50,650,2027300
20221103,10:23:38,41476.45,150,2027300
20221103,10:23:40,41475.20,50,2027300
20221103,10:23:41,41473.85,500,2027300
20221103,10:23:43,41472.45,25,2027300
20221103,10:23:45,41473.15,50,2058050
20221103,10:23:46,41475.20,350,2058050
20221103,10:23:50,41471.30,525,2058050
20221103,10:23:51,41472.65,350,2058050
20221103,10:23:53,41472.30,375,2058050
20221103,10:23:55,41470.70,50,2058050
20221103,10:23:56,41471.30,25,2058050
20221103,10:23:58,41473.15,25,2058050
20221103,10:24:00,41476.90,100,2058050
20221103,10:24:01,41475.00,25,2058050
20221103,10:24:03,41479.15,250,2058050
20221103,10:24:05,41479.20,1675,2058050
20221103,10:24:06,41483.75,25,2058050
20221103,10:24:08,41486.85,200,2058050
20221103,10:24:10,41486.00,650,2058050
20221103,10:24:11,41486.85,75,2058050
20221103,10:24:13,41485.20,375,2058050
20221103,10:24:15,41487.65,175,2058050
20221103,10:24:16,41485.20,350,2058050
20221103,10:24:18,41481.60,775,2058050
20221103,10:24:20,41480.00,950,2058050
20221103,10:24:21,41480.15,25,2058050
20221103,10:24:23,41484.75,100,2058050
20221103,10:24:25,41480.55,100,2058050
20221103,10:24:26,41484.90,200,2058050
20221103,10:24:28,41480.40,75,2058050
20221103,10:24:29,41482.65,50,2058050
20221103,10:24:31,41487.65,150,2058050
20221103,10:24:33,41488.05,75,2058050
20221103,10:24:34,41490.60,525,2058050
20221103,10:24:36,41488.00,75,2058050
20221103,10:24:38,41491.20,100,2058050
20221103,10:24:39,41493.40,200,2058050
20221103,10:24:41,41493.70,150,2058050
20221103,10:24:43,41489.55,50,2058050
20221103,10:24:44,41493.00,75,2058050
20221103,10:24:46,41490.00,750,2058050
20221103,10:24:48,41485.25,325,2058050
20221103,10:24:49,41488.15,175,2058050
20221103,10:24:51,41490.15,100,2058050
20221103,10:24:53,41493.35,950,2058050
20221103,10:24:54,41493.10,75,2058050
20221103,10:24:56,41492.95,375,2058050
20221103,10:24:58,41494.75,325,2058050
20221103,10:24:59,41495.00,25,2058050
20221103,10:25:01,41492.95,275,2058050
20221103,10:25:03,41494.20,175,2058050
20221103,10:25:04,41494.10,175,2058050
20221103,10:25:06,41488.45,1500,2058050
20221103,10:25:08,41485.50,950,2058050
20221103,10:25:09,41485.80,375,2058050
20221103,10:25:11,41488.45,50,2058050
20221103,10:25:13,41490.20,425,2058050
20221103,10:25:14,41490.20,225,2058050
20221103,10:25:16,41493.40,50,2058050
20221103,10:25:18,41492.25,75,2058050
20221103,10:25:19,41491.05,225,2058050
20221103,10:25:21,41490.70,150,2058050
20221103,10:25:23,41491.05,75,2058050
20221103,10:25:24,41489.00,175,2058050
20221103,10:25:26,41490.00,375,2058050
20221103,10:25:28,41489.95,200,2058050
20221103,10:25:29,41487.65,50,2058050
20221103,10:25:31,41486.30,100,2058050
20221103,10:25:33,41489.10,400,2058050
20221103,10:25:34,41488.00,100,2058050
20221103,10:25:36,41488.15,25,2058050
20221103,10:25:38,41487.05,1125,2058050
20221103,10:25:39,41487.60,1475,2058050
20221103,10:25:41,41481.55,775,2058050
20221103,10:25:43,41483.70,225,2058050
20221103,10:25:46,41485.00,550,2058050
20221103,10:25:48,41488.05,3275,2058050
20221103,10:25:49,41490.00,250,2058050
20221103,10:25:51,41488.95,50,2058050
