20221103,09:15:00,18142.55,1,155850
20221103,09:15:00,18164.10,450,155850
20221103,09:15:03,18148.15,250,155850
20221103,09:15:04,18134.45,300,155850
20221103,09:15:05,18138.20,100,155850
20221103,09:15:05,18150.00,300,155850
20221103,09:15:06,18149.05,300,155850
20221103,09:15:07,18158.10,50,155850
20221103,09:15:09,18162.60,250,155850
20221103,09:15:10,18162.50,50,155850
20221103,09:15:11,18150.65,150,155850
20221103,09:15:14,18156.40,100,155850
20221103,09:15:15,18160.00,350,155850
20221103,09:15:16,18169.80,50,155850
20221103,09:15:20,18169.80,100,155850
20221103,09:15:23,18159.45,100,155850
20221103,09:15:25,18170.00,1050,155850
20221103,09:15:26,18170.00,100,155850
20221103,09:15:27,18168.10,100,155850
20221103,09:15:29,18161.55,150,155850
20221103,09:15:30,18157.40,200,155850
20221103,09:15:31,18159.00,50,155850
20221103,09:15:33,18159.60,50,155850
20221103,09:15:37,18161.10,1100,155850
20221103,09:15:38,18161.75,50,155850
20221103,09:15:42,18166.30,50,155850
20221103,09:15:43,18167.15,50,155850
20221103,09:15:46,18169.45,50,155850
20221103,09:15:52,18164.10,50,155850
20221103,09:15:57,18166.05,50,155850
20221103,09:16:00,18169.95,50,155850
20221103,09:16:02,18170.00,50,155850
20221103,09:16:04,18170.00,50,155850
20221103,09:16:06,18169.00,50,155850
20221103,09:16:11,18170.00,100,155850
20221103,09:16:17,18169.00,50,155850
20221103,09:16:18,18165.05,100,155850
20221103,09:16:19,18169.60,50,155850
20221103,09:16:19,18169.80,50,155850
20221103,09:16:20,18169.85,50,155850
20221103,09:16:28,18175.55,50,155850
20221103,09:16:29,18175.55,50,155850
20221103,09:16:32,18176.85,100,155850
20221103,09:16:36,18171.05,100,155850
20221103,09:16:37,18171.30,50,155850
20221103,09:16:38,18175.00,50,155850
20221103,09:16:40,18174.05,100,155850
20221103,09:16:47,18175.15,50,155850
20221103,09:16:54,18178.00,100,155850
20221103,09:16:55,18180.00,550,155850
20221103,09:16:56,18180.00,50,155850
20221103,09:17:06,18178.25,150,155850
20221103,09:17:14,18184.00,50,155850
20221103,09:17:18,18184.00,50,155850
20221103,09:17:21,18185.00,50,155000
20221103,09:17:29,18193.50,150,155000
20221103,09:17:30,18193.50,150,155000
20221103,09:17:31,18191.70,50,155000
20221103,09:17:32,18189.00,100,155000
20221103,09:17:33,18193.20,100,155000
20221103,09:17:36,18190.00,50,155000
20221103,09:17:37,18193.55,150,155000
20221103,09:17:41,18195.00,50,155000
20221103,09:17:42,18195.00,50,155000
20221103,09:17:43,18190.05,100,155000
20221103,09:17:44,18193.65,50,155000
20221103,09:17:47,18190.00,250,155000
20221103,09:17:48,18188.00,150,155000
20221103,09:17:50,18185.05,150,155000
20221103,09:17:52,18188.70,200,155000
20221103,09:17:53,18185.05,50,155000
20221103,09:18:05,18185.10,50,155000
20221103,09:18:07,18186.00,50,155000
20221103,09:18:13,18190.00,50,155000
20221103,09:18:22,18192.00,50,155000
20221103,09:18:26,18189.80,50,155000
20221103,09:18:30,18195.00,250,155000
20221103,09:18:31,18192.55,100,155000
20221103,09:18:35,18195.00,150,155000
20221103,09:18:40,18195.05,50,155000
20221103,09:18:42,18198.85,50,155000
20221103,09:18:49,18199.00,50,155000
20221103,09:18:53,18199.00,50,155000
20221103,09:18:55,18195.00,100,155000
20221103,09:18:56,18192.70,100,155000
20221103,09:18:57,18190.10,100,155000
20221103,09:19:05,18194.00,100,155000
20221103,09:19:09,18190.75,500,155000
20221103,09:19:21,18193.55,100,155000
20221103,09:19:22,18193.80,50,155000
20221103,09:19:35,18197.00,50,155000
20221103,09:19:41,18195.00,100,155000
20221103,09:19:43,18197.05,100,155000
20221103,09:19:49,18195.70,100,155000
20221103,09:19:52,18194.90,50,155000
20221103,09:20:01,18190.00,1350,155000
20221103,09:20:06,18188.00,100,155000
20221103,09:20:12,18182.10,50,155000
20221103,09:20:14,18185.00,50,155000
20221103,09:20:15,18186.50,100,155000
20221103,09:20:27,18182.00,50,154850
20221103,09:20:31,18185.05,150,154850
20221103,09:20:32,18182.00,150,154850
20221103,09:20:36,18184.80,100,154850
20221103,09:20:51,18180.05,50,154850
20221103,09:20:57,18180.30,50,154850
20221103,09:21:04,18180.00,100,154850
20221103,09:21:07,18180.00,50,154850
20221103,09:21:11,18184.80,100,154850
20221103,09:21:25,18185.00,100,154850
20221103,09:21:27,18184.80,50,154850
20221103,09:21:35,18188.90,150,154850
20221103,09:21:38,18189.95,100,154850
20221103,09:21:39,18189.90,50,154850
20221103,09:21:41,18184.75,500,154850
20221103,09:21:49,18189.85,50,154850
20221103,09:21:58,18185.50,50,154850
20221103,09:22:01,18189.85,50,154850
20221103,09:22:03,18190.00,50,154850
20221103,09:22:09,18190.75,100,154850
20221103,09:22:13,18192.80,50,154850
20221103,09:22:15,18189.85,100,154850
20221103,09:22:16,18192.25,50,154850
20221103,09:22:20,18192.25,50,154850
20221103,09:22:27,18192.35,50,154850
20221103,09:22:37,18190.00,50,154850
20221103,09:22:44,18188.85,50,154850
20221103,09:22:55,18185.50,50,154850
20221103,09:22:56,18188.85,50,154850
20221103,09:22:58,18189.05,50,154850
20221103,09:22:59,18189.05,50,154850
20221103,09:23:43,18188.05,50,155350
20221103,09:23:54,18184.10,100,155350
20221103,09:23:55,18187.85,50,155350
20221103,09:24:09,18187.85,150,155350
20221103,09:24:54,18185.55,100,155350
20221103,09:24:59,18185.00,50,155350
20221103,09:25:01,18184.00,50,155350
20221103,09:25:15,18183.95,50,155350
20221103,09:25:31,18182.45,50,155350
20221103,09:25:52,18183.35,50,155350
20221103,09:25:54,18185.55,100,155350
20221103,09:25:55,18185.50,50,155350
20221103,09:26:15,18185.50,50,155350
20221103,09:26:19,18185.00,50,155350
20221103,09:26:24,18185.60,50,155200
20221103,09:26:46,18187.25,700,155200
20221103,09:26:48,18187.10,350,155200
20221103,09:26:49,18187.15,350,155200
20221103,09:27:00,18187.15,50,155200
20221103,09:27:04,18189.00,50,155200
20221103,09:27:05,18190.00,100,155200
20221103,09:27:06,18190.00,50,155200
20221103,09:27:07,18190.00,50,155200
20221103,09:27:23,18189.80,50,155200
20221103,09:27:41,18190.00,50,155200
20221103,09:27:42,18189.50,50,155200
20221103,09:27:48,18190.00,50,155200
20221103,09:27:52,18190.05,50,155200
20221103,09:27:56,18192.90,100,155200
20221103,09:27:58,18195.00,50,155200
20221103,09:28:15,18195.00,100,155200
20221103,09:28:24,18195.00,50,155200
20221103,09:28:45,18195.00,50,155200
20221103,09:29:06,18196.00,50,155200
20221103,09:29:09,18197.05,50,155200
20221103,09:29:13,18199.00,100,155200
20221103,09:29:24,18199.10,50,154200
20221103,09:29:27,18199.10,50,154200
20221103,09:29:40,18197.05,50,154200
20221103,09:29:41,18197.35,50,154200
20221103,09:29:46,18197.90,200,154200
20221103,09:30:01,18199.10,50,154200
20221103,09:30:03,18200.00,300,154200
20221103,09:30:14,18200.00,100,154200
20221103,09:30:26,18205.00,50,154200
20221103,09:30:41,18205.00,50,154200
20221103,09:30:46,18205.00,50,154200
20221103,09:30:47,18206.00,50,154200
20221103,09:30:56,18208.00,50,154200
20221103,09:31:03,18212.00,200,154200
20221103,09:31:06,18212.20,50,154200
20221103,09:31:07,18215.70,50,154200
20221103,09:31:10,18216.15,50,154200
20221103,09:31:12,18216.15,50,154200
20221103,09:31:14,18213.80,50,154200
20221103,09:31:20,18213.95,50,154200
20221103,09:31:28,18210.00,50,154200
20221103,09:31:34,18212.00,50,154200
20221103,09:31:35,18213.00,50,154200
20221103,09:31:39,18211.30,50,154200
20221103,09:31:42,18212.45,100,154200
20221103,09:31:47,18215.00,300,154200
20221103,09:31:56,18216.00,50,154200
20221103,09:32:00,18217.90,100,154200
20221103,09:32:01,18221.00,200,154200
20221103,09:32:04,18230.00,150,154200
20221103,09:32:05,18231.35,50,154200
20221103,09:32:06,18231.35,50,154200
20221103,09:32:17,18229.85,50,154200
20221103,09:32:42,18222.20,50,155500
20221103,09:32:48,18225.35,1000,155500
20221103,09:32:50,18226.20,50,155500
20221103,09:32:55,18230.50,100,155500
20221103,09:32:58,18224.30,1000,155500
20221103,09:33:00,18230.65,50,155500
20221103,09:33:14,18230.00,50,155500
20221103,09:33:22,18229.95,50,155500
20221103,09:33:23,18228.95,50,155500
20221103,09:33:31,18229.90,50,155500
20221103,09:33:47,18225.20,100,155500
20221103,09:33:59,18229.85,100,155500
20221103,09:34:16,18226.00,50,155500
20221103,09:34:36,18227.30,100,155500
20221103,09:35:04,18228.00,50,155500
20221103,09:35:08,18228.45,50,155500
20221103,09:35:09,18230.00,300,155500
20221103,09:35:12,18232.00,50,155500
20221103,09:35:13,18232.00,50,155500
20221103,09:35:19,18232.00,50,155500
20221103,09:35:27,18238.10,50,156350
20221103,09:35:57,18238.10,100,156350
20221103,09:36:03,18240.00,50,156350
20221103,09:36:09,18240.00,50,156350
20221103,09:36:29,18240.00,150,156350
20221103,09:36:47,18230.00,50,156350
20221103,09:37:06,18225.00,50,156350
20221103,09:37:20,18224.30,100,156350
20221103,09:37:21,18223.10,50,156350
20221103,09:37:50,18220.10,50,156350
20221103,09:37:51,18221.75,50,156350
20221103,09:38:01,18220.00,50,156350
20221103,09:38:30,18220.00,50,156250
20221103,09:38:32,18220.60,50,156250
20221103,09:38:40,18223.10,50,156250
20221103,09:38:48,18221.20,300,156250
20221103,09:39:37,18221.20,50,156250
20221103,09:39:51,18221.20,100,156250
20221103,09:41:34,18217.10,50,156700
20221103,09:41:54,18217.05,50,156700
20221103,09:42:06,18218.50,100,156700
20221103,09:42:07,18220.00,50,156700
20221103,09:42:28,18215.05,200,156700
20221103,09:43:07,18211.65,50,156700
20221103,09:43:21,18220.00,50,156700
20221103,09:43:28,18221.00,100,156700
20221103,09:43:33,18221.00,100,156700
20221103,09:43:45,18220.15,50,156700
20221103,09:43:48,18221.50,50,156700
20221103,09:44:11,18214.40,50,156700
20221103,09:44:34,18218.20,50,156950
20221103,09:44:41,18224.40,50,156950
20221103,09:44:53,18229.00,50,156950
20221103,09:45:00,18226.75,50,156950
20221103,09:45:03,18229.00,200,156950
20221103,09:45:04,18230.00,100,156950
20221103,09:45:06,18236.00,200,156950
20221103,09:45:07,18239.20,100,156950
20221103,09:45:15,18244.40,1100,156950
20221103,09:45:21,18244.40,300,156950
20221103,09:45:45,18243.55,100,156950
20221103,09:46:35,18235.00,50,156950
20221103,09:46:43,18235.85,50,156950
20221103,09:46:48,18235.00,50,156950
20221103,09:47:11,18234.80,50,156950
20221103,09:47:31,18230.55,100,158000
20221103,09:47:37,18230.40,50,158000
20221103,09:47:44,18230.00,50,158000
20221103,09:48:03,18229.35,100,158000
20221103,09:48:26,18229.35,100,158000
20221103,09:48:53,18229.00,50,158000
20221103,09:49:10,18228.20,50,158000
20221103,09:49:19,18228.95,250,158000
20221103,09:50:28,18226.00,50,158300
20221103,09:50:31,18226.00,50,158300
20221103,09:50:34,18229.95,50,158300
20221103,09:51:02,18229.00,50,158300
20221103,09:51:03,18230.00,300,158300
20221103,09:51:43,18232.60,50,158300
20221103,09:52:11,18235.00,50,158300
20221103,09:52:19,18236.00,50,158300
20221103,09:53:07,18235.70,50,158300
20221103,09:54:29,18240.50,200,158400
20221103,09:55:48,18243.65,50,158400
20221103,09:55:54,18242.60,50,158400
20221103,09:56:42,18242.00,100,158600
20221103,09:57:08,18240.00,50,158600
20221103,09:57:32,18240.00,50,158600
20221103,09:58:13,18237.80,50,158600
20221103,09:58:17,18237.00,50,158600
20221103,09:58:22,18237.00,100,158600
20221103,09:58:40,18237.00,50,158600
20221103,09:59:09,18235.10,50,158600
20221103,09:59:23,18235.00,150,158600
20221103,10:00:20,18239.90,50,158750
20221103,10:00:22,18240.00,50,158750
20221103,10:00:23,18241.55,50,158750
20221103,10:00:26,18242.60,50,158750
20221103,10:00:28,18243.65,100,158750
20221103,10:00:29,18245.00,50,158750
20221103,10:00:30,18245.00,200,158750
20221103,10:00:31,18246.00,50,158750
20221103,10:00:49,18246.00,50,158750
20221103,10:01:52,18239.05,50,158750
20221103,10:02:05,18235.00,50,158750
20221103,10:02:10,18234.95,50,158750
20221103,10:02:38,18232.25,50,158750
20221103,10:03:01,18234.00,50,159350
20221103,10:03:02,18235.00,50,159350
20221103,10:04:36,18230.00,50,159350
20221103,10:07:35,18225.05,50,159500
20221103,10:07:51,18222.05,50,159500
20221103,10:08:06,18220.25,50,159500
20221103,10:08:27,18221.65,50,159500
20221103,10:08:34,18220.65,50,159500
20221103,10:08:35,18220.65,50,159550
20221103,10:08:36,18220.65,50,159550
20221103,10:08:42,18220.00,100,159550
20221103,10:08:51,18220.00,450,159550
20221103,10:08:54,18220.00,150,159550
20221103,10:08:56,18220.00,250,159550
20221103,10:08:57,18220.00,200,159550
20221103,10:08:58,18220.00,250,159550
20221103,10:08:59,18220.00,50,159550
20221103,10:09:01,18220.00,50,159550
20221103,10:09:13,18227.75,50,159550
20221103,10:09:29,18227.05,50,159550
20221103,10:09:47,18228.95,200,159550
20221103,10:09:51,18233.50,150,159550
20221103,10:10:23,18239.95,50,159550
20221103,10:10:32,18241.05,50,159550
20221103,10:10:51,18237.55,50,159550
20221103,10:11:06,18237.00,50,159550
20221103,10:11:32,18235.00,250,159100
20221103,10:11:33,18237.00,100,159100
20221103,10:11:54,18232.80,50,159100
20221103,10:13:27,18235.00,50,159100
20221103,10:14:11,18240.00,50,159100
20221103,10:14:42,18240.20,50,159400
20221103,10:14:51,18242.30,50,159400
20221103,10:14:54,18245.00,100,159400
20221103,10:14:57,18249.00,50,159400
20221103,10:15:00,18249.70,150,159400
20221103,10:15:01,18253.80,350,159400
20221103,10:15:09,18253.80,50,159400
20221103,10:15:12,18254.40,50,159400
20221103,10:15:17,18258.00,50,159400
20221103,10:15:32,18258.00,50,159400
20221103,10:15:43,18260.00,100,159400
20221103,10:15:45,18264.55,1050,159400
20221103,10:15:47,18264.55,150,159400
20221103,10:16:06,18258.90,50,159400
20221103,10:16:32,18257.65,100,159400
20221103,10:16:33,18257.35,100,159400
20221103,10:17:00,18255.00,50,159400
20221103,10:18:21,18259.00,50,159400
20221103,10:18:28,18259.00,150,160750
20221103,10:19:41,18255.85,50,160750
20221103,10:20:05,18257.85,100,160750
20221103,10:20:12,18261.00,50,160750
20221103,10:20:15,18262.00,50,160750
20221103,10:20:22,18262.50,50,160750
20221103,10:20:51,18262.20,50,160850
20221103,10:20:56,18262.50,50,160850
20221103,10:22:14,18262.50,50,160850
20221103,10:24:03,18260.00,50,160900
20221103,10:24:13,18262.00,100,160900
20221103,10:24:14,18262.00,100,160900
20221103,10:25:08,18265.00,50,160900
20221103,10:25:12,18265.00,50,160900
20221103,10:25:18,18265.00,100,160900
20221103,10:25:38,18266.25,50,160900
20221103,10:25:40,18266.25,50,160900
20221103,10:26:04,18267.50,1000,160900
20221103,10:26:26,18272.00,150,160900
20221103,10:26:47,18272.00,50,161400
20221103,10:26:59,18270.40,50,161400
20221103,10:27:02,18272.00,150,161400
20221103,10:27:10,18270.00,50,161400
20221103,10:27:37,18272.75,50,161400
20221103,10:27:47,18275.00,350,161400
20221103,10:27:49,18277.10,50,161400
20221103,10:28:13,18277.10,50,161400
20221103,10:28:17,18276.60,350,161400
20221103,10:28:37,18275.35,100,161400
20221103,10:28:38,18274.15,50,161400
20221103,10:29:19,18274.00,50,161400
20221103,10:29:20,18274.00,50,161400
20221103,10:29:55,18271.55,50,162150
20221103,10:31:18,18265.00,100,162150
20221103,10:31:28,18265.25,50,162150
20221103,10:31:32,18265.25,50,162150
20221103,10:31:36,18265.25,50,162150
20221103,10:31:51,18265.35,50,162150
20221103,10:32:01,18265.25,50,162150
20221103,10:32:02,18265.25,100,162150
20221103,10:32:43,18265.35,50,162350
20221103,10:32:47,18265.25,50,162350
20221103,10:32:48,18265.35,250,162350
20221103,10:32:53,18265.25,50,162350
20221103,10:33:02,18265.25,50,162350
20221103,10:33:35,18268.85,50,162350
20221103,10:33:45,18268.85,50,162350
20221103,10:33:53,18268.80,50,162350
20221103,10:34:48,18266.10,50,162350
20221103,10:35:48,18266.10,50,162300
20221103,10:36:29,18265.80,50,162300
20221103,10:36:58,18262.70,50,162300
20221103,10:37:08,18265.00,50,162300
20221103,10:37:09,18265.00,100,162300
20221103,10:37:23,18270.10,50,162300
20221103,10:37:24,18270.10,50,162300
20221103,10:37:26,18271.00,50,162300
20221103,10:37:27,18271.70,50,162300
20221103,10:37:29,18271.65,50,162300
20221103,10:37:33,18271.00,50,162300
20221103,10:37:45,18274.00,50,162300
20221103,10:37:46,18275.00,50,162300
20221103,10:38:00,18273.75,50,162300
20221103,10:38:03,18275.00,50,162300
20221103,10:38:10,18273.10,350,162300
20221103,10:38:16,18271.10,50,162300
20221103,10:38:26,18268.10,50,162300
20221103,10:38:27,18268.00,50,162300
20221103,10:38:33,18267.40,50,162850
20221103,10:38:38,18267.40,50,162850
20221103,10:38:44,18268.00,50,162850
20221103,10:38:46,18268.00,50,162850
20221103,10:38:48,18266.10,50,162850
20221103,10:38:54,18267.40,50,162850
20221103,10:39:53,18268.95,50,162850
20221103,10:40:27,18275.00,50,162850
20221103,10:40:28,18275.00,50,162850
20221103,10:40:35,18275.70,50,162850
20221103,10:40:36,18275.00,50,162850
20221103,10:40:48,18273.65,50,162850
20221103,10:41:02,18271.00,200,162850
20221103,10:41:03,18273.00,50,162850
20221103,10:41:37,18271.85,50,163050
20221103,10:41:39,18269.00,100,163050
20221103,10:41:40,18269.00,100,163050
20221103,10:41:43,18268.15,50,163050
20221103,10:41:54,18270.65,50,163050
20221103,10:42:16,18268.05,100,163050
20221103,10:42:19,18268.00,50,163050
20221103,10:42:20,18268.00,100,163050
20221103,10:42:23,18268.00,100,163050
20221103,10:42:25,18266.85,50,163050
20221103,10:42:31,18268.00,50,163050
20221103,10:43:49,18267.95,50,163050
20221103,10:44:32,18261.15,50,163050
20221103,10:45:05,18261.00,50,163150
20221103,10:45:47,18255.00,50,163150
20221103,10:45:52,18255.00,50,163150
20221103,10:46:34,18253.75,50,163150
20221103,10:46:40,18255.00,50,163150
20221103,10:47:16,18255.00,100,163150
20221103,10:47:22,18255.00,50,163150
20221103,10:47:32,18258.25,50,163150
20221103,10:48:39,18255.60,50,163050
20221103,10:48:47,18260.00,150,163050
20221103,10:48:48,18260.00,50,163050
20221103,10:48:49,18262.85,50,163050
20221103,10:48:55,18260.00,50,163050
20221103,10:49:52,18262.00,50,163050
20221103,10:49:56,18262.00,50,163050
20221103,10:50:04,18260.00,50,163050
20221103,10:50:15,18262.00,50,163050
20221103,10:50:19,18259.90,50,163050
20221103,10:50:31,18263.00,50,163050
20221103,10:50:43,18263.30,50,163500
20221103,10:51:26,18255.00,50,163500
20221103,10:51:54,18255.85,50,163500
20221103,10:52:01,18255.00,50,163500
20221103,10:52:17,18254.15,100,163500
20221103,10:52:28,18253.15,200,163500
20221103,10:53:39,18258.00,50,163600
20221103,10:54:09,18258.65,300,163600
20221103,10:59:56,18255.05,50,163700
20221103,11:01:58,18245.00,50,163700
20221103,11:02:14,18245.50,100,163700
20221103,11:02:50,18244.90,150,163800
20221103,11:02:51,18247.60,100,163800
20221103,11:03:01,18245.00,50,163800
20221103,11:04:08,18245.85,50,163800
20221103,11:05:08,18245.85,50,163800
20221103,11:05:26,18245.00,50,163800
20221103,11:05:32,18245.00,50,163800
20221103,11:05:58,18245.00,50,163800
20221103,11:06:15,18244.45,50,163800
20221103,11:06:46,18241.00,50,163800
20221103,11:07:35,18242.90,50,163800
20221103,11:07:39,18243.10,100,163800
20221103,11:08:22,18238.00,250,163800
20221103,11:09:43,18236.00,100,163450
20221103,11:09:58,18238.00,50,163450
20221103,11:10:31,18236.00,50,163450
20221103,11:10:47,18238.00,50,163450
20221103,11:12:13,18248.80,50,163600
20221103,11:12:23,18248.35,50,163600
20221103,11:13:33,18250.00,100,163600
20221103,11:13:58,18256.35,50,163600
20221103,11:14:33,18256.00,50,163600
20221103,11:15:13,18260.00,50,163550
20221103,11:15:25,18268.70,50,163550
20221103,11:18:40,18268.50,50,163550
20221103,11:19:20,18265.15,50,163550
20221103,11:22:10,18269.95,50,163600
20221103,11:24:15,18264.15,50,163600
20221103,11:25:13,18264.75,50,163650
20221103,11:26:02,18260.65,50,163650
20221103,11:26:11,18256.40,100,163650
20221103,11:26:20,18255.85,50,163650
20221103,11:26:22,18255.50,50,163650
20221103,11:27:00,18255.00,50,163650
20221103,11:27:01,18255.00,50,163650
20221103,11:27:12,18255.50,50,163650
20221103,11:27:47,18255.05,50,163650
20221103,11:30:28,18249.00,150,163650
20221103,11:30:37,18246.85,100,163650
20221103,11:30:47,18248.25,50,163650
20221103,11:31:08,18253.45,250,163650
20221103,11:31:17,18246.80,50,163650
20221103,11:32:09,18253.55,50,163650
20221103,11:32:40,18252.00,50,163650
20221103,11:34:02,18247.00,50,163400
20221103,11:34:08,18245.10,50,163400
20221103,11:34:31,18245.10,50,163400
20221103,11:34:50,18242.90,50,163400
20221103,11:34:56,18240.00,100,163400
20221103,11:35:27,18238.75,100,163400
20221103,11:36:05,18235.35,50,163350
20221103,11:36:12,18233.15,50,163350
20221103,11:36:15,18233.35,50,163350
20221103,11:36:22,18234.70,100,163350
20221103,11:36:24,18235.60,50,163350
20221103,11:36:32,18236.20,100,163350
20221103,11:36:34,18237.65,50,163350
20221103,11:36:36,18236.20,50,163350
20221103,11:36:42,18234.90,100,163350
20221103,11:36:47,18235.65,50,163350
20221103,11:37:36,18237.50,50,163350
20221103,11:38:31,18232.90,100,163350
20221103,11:38:53,18232.90,100,163350
20221103,11:39:24,18230.90,150,163350
20221103,11:39:36,18230.90,100,163350
20221103,11:39:38,18231.00,350,163350
20221103,11:39:47,18230.00,50,163350
20221103,11:39:49,18226.80,50,163350
20221103,11:39:57,18223.05,850,163350
20221103,11:40:04,18220.00,150,163350
20221103,11:40:09,18220.00,50,163350
20221103,11:40:16,18219.90,50,163350
20221103,11:40:32,18215.30,100,163350
20221103,11:40:34,18215.00,100,163350
20221103,11:40:41,18214.30,50,163350
20221103,11:40:43,18214.50,50,163350
20221103,11:41:23,18215.95,50,163350
20221103,11:41:40,18215.55,50,163350
20221103,11:41:55,18214.50,50,163350
20221103,11:41:59,18212.00,150,162500
20221103,11:42:00,18211.00,100,162500
20221103,11:42:01,18208.45,200,162500
20221103,11:42:02,18208.00,50,162500
20221103,11:42:13,18210.00,50,162500
20221103,11:42:55,18214.95,50,162500
20221103,11:43:05,18214.25,50,162500
20221103,11:43:12,18212.75,50,162500
20221103,11:43:18,18215.90,200,162500
20221103,11:43:27,18216.65,50,162500
20221103,11:43:58,18221.00,50,162500
20221103,11:44:03,18221.50,50,162500
20221103,11:44:23,18221.50,50,162500
20221103,11:44:24,18221.65,100,162500
20221103,11:45:02,18220.95,50,162100
20221103,11:45:48,18212.00,50,162100
20221103,11:46:15,18215.00,50,162100
20221103,11:46:21,18221.15,50,162100
20221103,11:46:26,18222.00,50,162100
20221103,11:46:45,18224.00,50,162100
20221103,11:47:05,18228.50,50,162100
20221103,11:47:08,18225.95,50,162100
20221103,11:47:35,18225.95,50,162100
20221103,11:47:38,18226.90,50,162100
20221103,11:48:17,18225.00,50,162050
20221103,11:48:28,18222.00,50,162050
20221103,11:48:50,18220.00,50,162050
20221103,11:50:01,18218.65,100,162050
20221103,11:50:59,18211.10,100,162100
20221103,11:51:23,18216.40,50,162100
20221103,11:51:49,18214.00,50,162100
20221103,11:53:56,18217.10,50,162100
20221103,11:54:43,18210.00,100,162100
20221103,11:54:44,18210.00,50,162100
20221103,11:55:01,18205.05,200,162100
20221103,11:55:03,18205.00,100,162100
20221103,11:55:04,18205.00,500,162100
20221103,11:55:08,18205.05,50,162100
20221103,11:55:12,18208.60,100,162100
20221103,11:55:25,18210.00,50,162100
20221103,11:55:52,18212.00,50,162100
20221103,11:59:59,18220.00,50,162550
20221103,12:01:09,18214.50,50,162550
20221103,12:02:14,18215.00,50,162550
20221103,12:02:38,18215.00,50,162550
20221103,12:02:53,18218.70,50,162600
20221103,12:04:12,18214.25,100,162600
20221103,12:06:01,18218.80,50,162650
20221103,12:06:14,18218.25,50,162650
20221103,12:06:30,18218.15,50,162650
20221103,12:07:57,18221.35,50,162650
20221103,12:09:30,18210.10,50,162700
20221103,12:10:22,18210.10,50,162700
20221103,12:10:28,18210.00,50,162700
20221103,12:10:35,18210.00,200,162700
20221103,12:10:58,18214.20,50,162700
20221103,12:11:18,18213.15,100,162700
20221103,12:12:23,18215.30,50,162900
20221103,12:12:29,18215.70,50,162900
20221103,12:12:55,18217.80,50,162900
20221103,12:15:12,18215.00,50,163000
20221103,12:15:50,18215.00,50,163000
20221103,12:16:59,18212.00,50,163000
20221103,12:17:30,18212.85,50,163000
20221103,12:17:46,18212.35,50,163000
20221103,12:17:50,18216.45,50,163150
20221103,12:18:41,18213.00,200,163150
20221103,12:20:08,18213.00,250,163150
20221103,12:20:13,18210.00,100,163150
20221103,12:22:03,18215.00,100,163350
20221103,12:22:20,18215.25,50,163350
20221103,12:22:47,18215.25,100,163350
20221103,12:25:01,18213.00,50,163400
20221103,12:25:09,18212.85,50,163400
20221103,12:27:08,18209.55,100,163350
20221103,12:27:20,18208.25,50,163350
20221103,12:28:26,18223.00,50,163350
20221103,12:29:37,18216.20,50,163350
20221103,12:29:38,18219.75,350,163350
20221103,12:29:40,18219.90,50,163350
20221103,12:29:45,18218.40,50,163350
20221103,12:29:57,18216.50,50,163000
20221103,12:30:46,18218.70,50,163000
20221103,12:31:02,18222.15,50,163000
20221103,12:31:05,18220.85,50,163000
20221103,12:31:29,18217.00,450,163000
20221103,12:31:30,18217.00,200,163000
20221103,12:31:33,18216.50,400,163000
20221103,12:31:41,18211.95,50,163000
20221103,12:31:50,18210.00,50,163000
20221103,12:32:08,18208.00,100,163000
20221103,12:32:56,18210.00,200,163000
20221103,12:35:01,18204.00,200,163200
20221103,12:35:37,18203.50,150,163200
20221103,12:36:34,18209.95,100,163500
20221103,12:37:03,18208.70,50,163500
20221103,12:38:04,18208.20,50,163500
20221103,12:39:23,18205.10,50,163600
20221103,12:40:17,18206.00,50,163600
20221103,12:40:38,18206.75,350,163600
20221103,12:40:47,18207.20,100,163600
20221103,12:41:25,18210.00,50,163600
20221103,12:41:43,18215.00,50,163600
20221103,12:42:10,18214.85,50,163600
20221103,12:43:20,18209.25,150,163600
20221103,12:43:21,18209.85,100,163600
20221103,12:43:23,18208.95,200,163600
20221103,12:43:24,18209.70,550,163600
20221103,12:44:47,18207.00,50,163600
20221103,12:45:05,18206.75,50,163650
20221103,12:45:08,18204.90,600,163650
20221103,12:45:33,18201.65,100,163650
20221103,12:45:44,18201.25,100,163650
20221103,12:45:48,18202.00,500,163650
20221103,12:45:50,18201.40,50,163650
20221103,12:46:32,18203.25,50,163650
20221103,12:46:52,18204.00,50,163650
20221103,12:46:54,18204.50,50,163650
20221103,12:47:36,18201.50,50,163650
20221103,12:47:51,18205.00,100,163650
20221103,12:48:40,18201.55,50,163750
20221103,12:49:35,18202.75,50,163750
20221103,12:50:02,18203.00,50,163750
20221103,12:50:45,18203.00,50,163750
20221103,12:50:56,18202.00,50,163900
20221103,12:51:01,18202.75,50,163900
20221103,12:51:06,18201.55,50,163900
20221103,12:51:16,18202.00,50,163900
20221103,12:51:27,18201.50,150,163900
20221103,12:51:27,18201.00,150,163900
20221103,12:51:28,18201.00,500,163900
20221103,12:51:30,18200.00,500,163900
20221103,12:51:36,18199.40,150,163900
20221103,12:51:49,18195.60,100,163900
20221103,12:52:05,18195.60,50,163900
20221103,12:52:09,18195.00,50,163900
20221103,12:52:20,18190.80,450,163900
20221103,12:52:21,18190.10,50,163900
20221103,12:52:34,18190.10,50,163900
20221103,12:52:35,18190.00,250,163900
20221103,12:52:41,18190.00,150,163900
20221103,12:52:50,18190.00,50,163900
20221103,12:52:55,18190.00,50,163900
20221103,12:53:08,18188.00,50,163900
20221103,12:53:09,18186.00,50,163900
20221103,12:53:34,18186.00,50,163900
20221103,12:54:02,18186.00,50,163900
20221103,12:54:04,18185.00,100,164550
20221103,12:54:18,18184.00,50,164550
20221103,12:54:30,18183.80,50,164550
20221103,12:54:33,18183.45,450,164550
20221103,12:54:34,18183.75,50,164550
20221103,12:54:54,18182.30,50,164550
20221103,12:55:08,18182.50,50,164550
20221103,12:55:12,18182.30,50,164550
20221103,12:55:33,18183.85,50,164550
20221103,12:55:41,18184.70,50,164550
20221103,12:55:57,18180.00,400,164550
20221103,12:55:58,18180.00,150,164550
20221103,12:56:01,18180.00,50,164550
20221103,12:57:04,18184.65,50,165050
20221103,12:57:17,18185.00,50,165050
20221103,12:57:43,18184.20,50,165050
20221103,12:58:43,18185.00,100,165050
20221103,12:59:07,18184.00,50,165050
20221103,13:00:02,18184.20,50,165150
20221103,13:00:44,18183.00,50,165150
20221103,13:02:09,18189.30,50,165150
20221103,13:03:20,18180.00,150,165250
20221103,13:03:37,18180.00,250,165250
20221103,13:03:38,18179.85,450,165250
20221103,13:04:13,18180.00,50,165250
20221103,13:04:27,18180.00,50,165250
20221103,13:04:29,18180.00,100,165250
20221103,13:04:48,18180.00,150,165250
20221103,13:05:10,18179.25,50,165250
20221103,13:05:15,18176.55,100,165250
20221103,13:05:23,18177.50,350,165250
20221103,13:06:04,18179.45,50,165200
20221103,13:06:31,18178.40,50,165200
20221103,13:06:48,18183.50,50,165200
20221103,13:07:24,18183.50,50,165200
20221103,13:08:15,18186.45,1000,165200
20221103,13:08:21,18186.00,100,165200
20221103,13:08:24,18186.05,50,165200
20221103,13:08:28,18188.15,900,165200
20221103,13:09:04,18188.00,50,165200
20221103,13:09:21,18190.00,150,165200
20221103,13:10:08,18197.95,50,165200
20221103,13:10:13,18198.45,50,165200
20221103,13:10:18,18197.75,50,165200
20221103,13:10:27,18194.00,50,165200
20221103,13:11:00,18198.25,50,165200
20221103,13:11:18,18200.00,150,165200
20221103,13:11:22,18200.50,50,165200
20221103,13:11:27,18200.00,50,165200
20221103,13:11:40,18202.65,50,165200
20221103,13:11:47,18202.50,50,165200
20221103,13:12:05,18204.00,50,165200
20221103,13:12:39,18204.05,50,165250
20221103,13:13:25,18210.60,50,165250
20221103,13:14:05,18208.05,50,165250
20221103,13:14:56,18207.00,50,165250
20221103,13:15:24,18214.00,50,165350
20221103,13:16:22,18211.15,100,165350
20221103,13:16:36,18210.90,50,165350
20221103,13:17:15,18201.00,50,165350
20221103,13:17:29,18200.95,100,165350
20221103,13:17:33,18200.00,100,165350
20221103,13:17:36,18200.00,100,165350
20221103,13:17:37,18200.00,100,165350
20221103,13:17:42,18198.60,50,165350
20221103,13:18:02,18198.75,50,165500
20221103,13:18:08,18200.00,350,165500
20221103,13:18:10,18200.00,50,165500
20221103,13:18:12,18200.00,100,165500
20221103,13:19:16,18199.90,50,165500
20221103,13:21:25,18206.45,50,165550
20221103,13:25:51,18209.40,50,165600
20221103,13:25:56,18210.90,50,165600
20221103,13:26:03,18211.00,100,165600
20221103,13:26:42,18215.50,100,165600
20221103,13:26:46,18215.90,100,165600
20221103,13:27:23,18215.00,50,165600
20221103,13:27:31,18217.45,50,165700
20221103,13:27:55,18216.95,500,165700
20221103,13:28:25,18216.40,500,165700
20221103,13:29:01,18211.50,50,165700
20221103,13:29:34,18214.35,50,165700
20221103,13:30:04,18215.50,200,166750
20221103,13:30:08,18214.35,50,166750
20221103,13:31:13,18206.45,50,166750
20221103,13:32:30,18202.00,50,166750
20221103,13:32:31,18202.00,50,166750
20221103,13:32:34,18202.00,100,166750
20221103,13:33:11,18200.00,50,167050
20221103,13:33:20,18200.05,50,167050
20221103,13:33:21,18200.00,50,167050
20221103,13:33:22,18200.00,100,167050
20221103,13:36:00,18206.95,50,167050
20221103,13:36:39,18207.60,50,167200
20221103,13:38:20,18207.60,50,167200
20221103,13:39:22,18216.40,50,167200
20221103,13:39:32,18220.00,100,167250
20221103,13:40:02,18225.00,100,167250
20221103,13:40:03,18225.00,100,167250
20221103,13:41:12,18226.00,150,167250
20221103,13:41:33,18230.00,100,167250
20221103,13:41:34,18229.95,100,167250
20221103,13:41:42,18232.75,50,167250
20221103,13:41:49,18228.00,800,167250
20221103,13:41:58,18225.00,550,167250
20221103,13:41:59,18225.00,450,167250
20221103,13:42:09,18224.80,200,167250
20221103,13:42:25,18229.00,100,168750
20221103,13:42:29,18226.50,300,168750
20221103,13:43:23,18225.00,50,168750
20221103,13:43:39,18225.00,500,168750
20221103,13:43:40,18225.00,50,168750
20221103,13:43:41,18225.00,100,168750
20221103,13:43:42,18226.00,200,168750
20221103,13:43:43,18226.00,100,168750
20221103,13:43:55,18230.00,50,168750
20221103,13:44:03,18230.00,100,168750
20221103,13:44:49,18230.00,50,168750
20221103,13:44:50,18230.00,50,168750
20221103,13:45:48,18227.10,50,168250
20221103,13:45:56,18230.00,50,168250
20221103,13:48:33,18223.55,50,168200
20221103,13:48:41,18223.00,50,168200
20221103,13:49:11,18219.00,50,168200
20221103,13:49:43,18215.20,50,168200
20221103,13:50:14,18215.20,50,168200
20221103,13:51:21,18211.90,100,168400
20221103,13:51:33,18205.20,50,168400
20221103,13:52:02,18205.00,50,168400
20221103,13:53:10,18207.00,50,168400
20221103,13:53:13,18207.00,50,168400
20221103,13:54:44,18207.00,200,168500
20221103,13:55:18,18207.95,50,168500
20221103,13:55:49,18205.00,150,168500
20221103,13:56:11,18205.00,50,168500
20221103,13:56:19,18203.00,50,168500
20221103,13:56:23,18202.00,50,168500
20221103,13:56:24,18199.00,350,168500
20221103,13:56:48,18195.00,100,168500
20221103,13:56:51,18195.00,100,168500
20221103,13:56:53,18194.20,50,168500
20221103,13:57:50,18192.30,150,168650
20221103,13:58:13,18192.30,50,168650
20221103,13:58:29,18191.15,100,168650
20221103,13:58:30,18188.80,50,168650
20221103,13:58:47,18188.40,50,168650
20221103,13:59:01,18188.40,50,168650
20221103,13:59:19,18190.60,50,168650
20221103,14:00:07,18195.55,100,169000
20221103,14:00:25,18188.00,50,169000
20221103,14:02:54,18196.00,50,169000
20221103,14:03:07,18190.10,200,169050
20221103,14:03:48,18192.75,50,169050
20221103,14:05:24,18200.00,50,169050
20221103,14:05:32,18199.45,50,169050
20221103,14:06:07,18196.70,1000,169000
20221103,14:06:15,18199.45,50,169000
20221103,14:06:56,18199.55,50,169000
20221103,14:07:29,18205.00,50,169000
20221103,14:07:39,18209.80,50,169000
20221103,14:07:55,18209.80,50,169000
20221103,14:08:57,18205.65,50,169000
20221103,14:09:54,18199.85,50,169100
20221103,14:12:22,18207.00,50,169050
20221103,14:13:12,18211.00,150,169050
20221103,14:14:32,18208.70,50,169050
20221103,14:15:04,18204.00,50,169050
20221103,14:15:39,18205.25,100,168900
20221103,14:16:07,18205.00,100,168900
20221103,14:16:09,18203.50,50,168900
20221103,14:16:35,18203.50,100,168900
20221103,14:16:36,18200.60,150,168900
20221103,14:16:54,18201.95,100,168900
20221103,14:17:11,18196.90,50,168900
20221103,14:17:13,18200.00,100,168900
20221103,14:19:12,18196.20,150,169350
20221103,14:23:41,18196.95,50,169450
20221103,14:23:44,18196.40,50,169450
20221103,14:23:46,18196.00,50,169450
20221103,14:24:04,18192.00,50,169450
20221103,14:24:05,18190.80,50,169450
20221103,14:24:10,18190.00,150,169550
20221103,14:24:23,18190.60,50,169550
20221103,14:24:25,18187.30,50,169550
20221103,14:24:57,18192.70,50,169550
20221103,14:25:06,18190.00,100,169550
20221103,14:25:22,18191.40,50,169550
20221103,14:26:17,18189.30,400,169550
20221103,14:27:43,18200.00,100,169850
20221103,14:27:46,18201.00,50,169850
20221103,14:27:55,18205.00,50,169850
20221103,14:28:47,18199.50,100,169850
20221103,14:29:23,18202.30,50,169850
20221103,14:30:24,18205.00,50,169850
20221103,14:30:25,18206.00,50,169850
20221103,14:30:33,18207.00,100,169850
20221103,14:30:40,18210.25,300,169850
20221103,14:31:21,18209.95,50,169850
20221103,14:31:23,18212.00,50,169850
20221103,14:32:11,18211.95,50,169850
20221103,14:32:28,18212.00,50,169850
20221103,14:32:38,18213.20,50,169850
20221103,14:32:47,18215.00,100,169850
20221103,14:33:28,18225.00,150,169950
20221103,14:33:50,18230.00,50,169950
20221103,14:33:51,18230.40,50,169950
20221103,14:34:06,18224.35,50,169950
20221103,14:34:07,18224.10,50,169950
20221103,14:36:08,18220.00,50,169950
20221103,14:37:12,18217.00,50,169750
20221103,14:37:45,18220.00,50,169750
20221103,14:37:51,18221.45,100,169750
20221103,14:39:02,18215.60,50,169750
20221103,14:39:09,18218.35,50,169750
20221103,14:40:49,18218.35,50,169750
20221103,14:40:51,18220.00,50,169650
20221103,14:40:57,18222.80,50,169650
20221103,14:41:53,18216.95,50,169650
20221103,14:45:02,18217.65,50,169600
20221103,14:45:34,18216.95,50,169600
20221103,14:47:04,18216.05,50,169600
20221103,14:47:12,18213.85,100,169600
20221103,14:47:39,18216.00,50,169600
20221103,14:49:07,18211.90,50,169550
20221103,14:49:12,18215.00,100,169550
20221103,14:49:52,18225.00,50,169550
20221103,14:50:33,18221.00,50,169550
20221103,14:51:16,18222.85,50,169500
20221103,14:51:42,18226.45,50,169500
20221103,14:51:45,18227.00,50,169500
20221103,14:51:46,18227.70,250,169500
20221103,14:52:42,18224.00,100,169500
20221103,14:53:39,18224.00,50,169500
20221103,14:54:44,18221.00,50,169400
20221103,14:55:41,18220.00,100,169400
20221103,14:57:18,18225.00,200,169450
20221103,14:57:19,18226.00,50,169450
20221103,14:57:20,18227.00,50,169450
20221103,14:57:36,18224.15,50,169450
20221103,14:58:29,18227.95,50,169450
20221103,14:58:43,18228.00,50,169450
20221103,14:58:44,18231.00,350,169450
20221103,14:59:23,18227.00,50,169450
20221103,14:59:35,18228.65,50,169450
20221103,14:59:58,18224.20,50,169450
20221103,15:00:02,18228.65,50,169450
20221103,15:00:03,18230.00,50,169450
20221103,15:00:04,18234.95,150,169450
20221103,15:00:07,18235.00,200,169450
20221103,15:00:08,18237.00,50,169450
20221103,15:00:12,18240.00,400,169450
20221103,15:00:16,18245.00,50,169450
20221103,15:00:27,18245.00,50,169550
20221103,15:00:53,18242.30,50,169550
20221103,15:01:14,18245.00,50,169550
20221103,15:01:28,18249.00,50,169550
20221103,15:01:51,18247.20,50,169550
20221103,15:02:41,18247.00,200,169550
20221103,15:02:42,18247.20,50,169550
20221103,15:05:50,18242.90,50,169800
20221103,15:06:33,18241.55,50,169750
20221103,15:07:03,18241.00,50,169750
20221103,15:07:19,18240.00,50,169750
20221103,15:07:22,18240.00,50,169750
20221103,15:07:38,18242.00,50,169750
20221103,15:07:43,18241.55,50,169750
20221103,15:07:45,18242.65,100,169750
20221103,15:07:46,18242.90,50,169750
20221103,15:08:14,18244.70,50,169750
20221103,15:08:23,18245.15,50,169750
20221103,15:08:37,18247.70,100,169750
20221103,15:08:47,18239.80,150,169750
20221103,15:09:20,18247.00,50,170050
20221103,15:10:01,18247.00,200,170050
20221103,15:10:32,18247.00,50,170050
20221103,15:10:53,18248.55,50,170050
20221103,15:11:14,18248.00,50,170050
20221103,15:11:16,18248.00,50,170050
20221103,15:11:17,18246.15,150,170050
20221103,15:11:19,18248.00,50,170050
20221103,15:11:23,18247.25,50,170050
20221103,15:11:51,18248.40,100,170050
20221103,15:11:57,18244.55,100,170050
20221103,15:12:13,18243.80,50,170050
20221103,15:12:27,18243.80,50,170050
20221103,15:12:43,18242.85,50,170400
20221103,15:13:32,18242.85,50,170400
20221103,15:14:07,18244.95,50,170400
20221103,15:14:15,18240.00,150,170400
20221103,15:14:23,18236.35,50,170400
20221103,15:14:43,18235.30,50,170400
20221103,15:14:48,18235.60,50,170400
20221103,15:15:21,18235.60,50,170600
20221103,15:15:23,18235.10,50,170600
20221103,15:15:40,18233.00,200,170600
20221103,15:15:54,18235.10,100,170600
20221103,15:16:04,18235.10,50,170600
20221103,15:16:19,18234.35,100,170600
20221103,15:16:43,18233.70,500,170600
20221103,15:17:34,18233.65,50,170600
20221103,15:17:35,18233.70,50,170600
20221103,15:17:41,18235.00,400,170600
20221103,15:17:55,18236.95,50,170600
20221103,15:17:57,18236.15,100,170600
20221103,15:18:00,18236.20,50,170600
20221103,15:18:17,18236.00,550,171050
20221103,15:18:46,18236.75,50,171050
20221103,15:18:55,18236.75,100,171050
20221103,15:19:46,18236.55,100,171050
20221103,15:20:26,18239.95,250,171050
20221103,15:20:27,18240.80,1050,171050
20221103,15:20:28,18240.85,250,171050
20221103,15:20:29,18241.40,50,171050
20221103,15:20:31,18240.70,200,171050
20221103,15:20:33,18241.50,400,171050
20221103,15:20:34,18242.00,200,171050
20221103,15:20:35,18242.15,100,171050
20221103,15:20:36,18241.90,100,171050
20221103,15:20:38,18241.90,350,171050
20221103,15:20:39,18241.95,600,171050
20221103,15:20:39,18241.35,100,171050
20221103,15:20:40,18242.60,100,171050
20221103,15:20:42,18241.90,50,171050
20221103,15:20:43,18242.35,400,171050
20221103,15:20:43,18242.60,600,171050
20221103,15:20:44,18243.50,50,171050
20221103,15:20:45,18243.45,100,171050
20221103,15:20:46,18243.50,700,171050
20221103,15:20:48,18243.50,50,171050
20221103,15:20:49,18243.00,950,171050
20221103,15:20:50,18242.95,500,171050
20221103,15:20:51,18243.95,50,171050
20221103,15:20:57,18243.00,250,171050
20221103,15:20:58,18243.60,550,171050
20221103,15:20:59,18244.60,150,171050
20221103,15:21:00,18244.60,150,171050
20221103,15:21:01,18244.75,350,171050
20221103,15:21:02,18244.80,50,171050
20221103,15:21:03,18244.00,100,171050
20221103,15:21:04,18244.10,50,171050
20221103,15:21:05,18244.15,50,171050
20221103,15:21:06,18244.70,50,171050
20221103,15:21:07,18244.35,100,171050
20221103,15:21:08,18244.75,100,171050
20221103,15:21:09,18244.45,450,171050
20221103,15:21:11,18244.95,1100,171050
20221103,15:21:12,18245.00,50,171050
20221103,15:21:15,18244.45,50,171050
20221103,15:21:18,18245.00,150,181150
20221103,15:21:21,18244.80,150,181150
20221103,15:21:22,18244.60,100,181150
20221103,15:21:23,18244.45,50,181150
20221103,15:21:25,18244.15,150,181150
20221103,15:21:30,18244.55,50,181150
20221103,15:21:36,18243.70,100,181150
20221103,15:21:37,18243.85,100,181150
20221103,15:21:38,18243.50,50,181150
20221103,15:21:41,18243.95,50,181150
20221103,15:21:44,18240.80,100,181150
20221103,15:21:56,18242.40,50,181150
20221103,15:21:57,18242.40,150,181150
20221103,15:21:58,18239.60,100,181150
20221103,15:22:04,18242.05,50,181150
20221103,15:22:08,18241.40,50,181150
20221103,15:22:09,18241.40,50,181150
20221103,15:22:35,18239.70,100,181150
20221103,15:22:54,18238.45,50,181150
20221103,15:22:55,18240.45,200,181150
20221103,15:22:59,18237.95,100,181150
20221103,15:23:01,18239.00,50,181150
20221103,15:23:02,18239.80,50,181150
20221103,15:23:23,18240.75,50,181150
20221103,15:23:50,18241.00,50,181150
20221103,15:24:01,18239.55,50,181150
20221103,15:24:02,18238.00,50,181150
20221103,15:24:05,18242.55,500,181150
20221103,15:24:08,18241.30,100,181150
20221103,15:24:16,18238.00,50,181150
20221103,15:24:17,18240.00,150,183500
20221103,15:24:23,18239.80,150,183500
20221103,15:24:35,18240.40,150,183500
20221103,15:24:41,18239.55,100,183500
20221103,15:24:42,18239.95,50,183500
20221103,15:24:44,18239.70,50,183500
20221103,15:24:45,18238.25,50,183500
20221103,15:24:46,18241.00,50,183500
20221103,15:24:59,18241.00,50,183500
20221103,15:25:00,18242.00,100,183500
20221103,15:25:06,18241.60,500,183500
20221103,15:25:08,18243.75,50,183500
20221103,15:25:11,18242.00,50,183500
20221103,15:25:12,18242.95,100,183500
20221103,15:25:13,18244.00,50,183500
20221103,15:25:21,18244.35,100,183500
20221103,15:25:22,18244.50,150,183500
20221103,15:25:23,18244.50,50,183500
20221103,15:25:24,18244.45,100,183500
20221103,15:25:27,18244.35,50,183500
20221103,15:25:29,18244.45,50,183500
20221103,15:25:36,18243.25,50,183500
20221103,15:25:47,18243.15,50,183500
20221103,15:25:50,18243.25,50,183500
20221103,15:26:00,18243.45,100,183500
20221103,15:26:11,18243.55,50,183500
20221103,15:26:14,18243.30,50,183500
20221103,15:26:17,18245.00,150,183500
20221103,15:26:18,18244.65,50,183500
20221103,15:26:20,18245.00,50,183500
20221103,15:26:28,18245.95,50,183500
20221103,15:26:35,18245.05,50,183500
20221103,15:26:39,18244.10,50,183500
20221103,15:26:55,18245.00,50,183500
20221103,15:26:56,18246.00,50,183500
20221103,15:27:08,18243.70,50,183500
20221103,15:27:15,18244.50,50,183500
20221103,15:27:16,18245.45,50,183500
20221103,15:27:17,18244.50,50,185550
20221103,15:27:18,18245.55,50,185550
20221103,15:27:53,18244.00,50,185550
20221103,15:27:58,18244.00,50,185550
20221103,15:28:00,18244.00,100,185550
20221103,15:28:02,18245.00,50,185550
20221103,15:28:05,18245.05,150,185550
20221103,15:28:08,18245.10,50,185550
20221103,15:28:10,18243.30,300,185550
20221103,15:28:12,18245.00,50,185550
20221103,15:28:13,18244.55,150,185550
20221103,15:28:18,18244.80,50,185550
20221103,15:28:19,18245.00,50,185550
20221103,15:28:24,18244.80,50,185550
20221103,15:28:29,18244.75,50,185550
20221103,15:28:33,18244.80,50,185550
20221103,15:28:34,18242.15,50,185550
20221103,15:28:38,18243.70,50,185550
20221103,15:28:39,18242.15,50,185550
20221103,15:29:02,18244.25,250,185550
20221103,15:29:03,18244.40,50,185550
20221103,15:29:07,18242.55,50,185550
20221103,15:29:16,18242.40,50,185550
20221103,15:29:18,18245.00,150,185550
20221103,15:29:20,18245.45,50,185550
20221103,15:29:22,18245.40,150,185550
20221103,15:29:23,18245.45,300,185550
20221103,15:29:27,18245.65,100,185550
20221103,15:29:28,18246.15,150,185550
20221103,15:29:29,18245.65,50,185550
20221103,15:29:30,18245.45,100,185550
20221103,15:29:34,18245.95,50,185550
20221103,15:29:38,18238.15,1000,185550
20221103,15:29:41,18245.75,50,185550
20221103,15:29:43,18245.15,100,185550
20221103,15:29:44,18246.35,50,185550
20221103,15:29:47,18244.40,50,185550
20221103,15:29:51,18245.20,50,185550
20221103,15:29:56,18246.50,150,185550
20221103,15:29:59,18244.00,50,185550
