20221103,09:15:00,18046.90,1,11298800
20221103,09:15:00,18049.75,1,11298800
20221103,09:15:00,18008.00,1,11298800
20221103,09:15:00,18027.45,8250,11298800
20221103,09:15:00,18023.50,2750,11298800
20221103,09:15:02,18025.55,9550,11298800
20221103,09:15:02,18024.15,12100,11298800
20221103,09:15:03,18022.90,7000,11298800
20221103,09:15:04,18024.90,9450,11298800
20221103,09:15:05,18027.95,7550,11298800
20221103,09:15:07,18036.45,15100,11298800
20221103,09:15:08,18036.90,12950,11298800
20221103,09:15:08,18032.75,2700,11298800
20221103,09:15:09,18036.75,29700,11298800
20221103,09:15:10,18034.95,6600,11298800
20221103,09:15:12,18036.80,12200,11298800
20221103,09:15:13,18037.90,5450,11298800
20221103,09:15:14,18044.70,10300,11298800
20221103,09:15:14,18043.40,1250,11298800
20221103,09:15:15,18042.90,4350,11298800
20221103,09:15:17,18040.70,4950,11298800
20221103,09:15:17,18040.70,1000,11298800
20221103,09:15:19,18045.40,4750,11298800
20221103,09:15:19,18042.80,300,11298800
20221103,09:15:21,18044.40,6600,11298800
20221103,09:15:22,18040.90,5650,11298800
20221103,09:15:23,18042.90,3850,11298800
20221103,09:15:23,18040.00,1100,11298800
20221103,09:15:24,18040.90,3200,11298800
20221103,09:15:25,18042.90,3500,11298800
20221103,09:15:26,18041.05,5300,11298800
20221103,09:15:27,18040.00,3300,11298800
20221103,09:15:28,18038.75,4250,11298800
20221103,09:15:29,18037.15,3550,11298800
20221103,09:15:30,18038.75,2000,11298800
20221103,09:15:32,18036.80,6950,11298800
20221103,09:15:33,18040.05,2450,11298800
20221103,09:15:34,18040.00,2700,11298800
20221103,09:15:35,18040.00,4000,11298800
20221103,09:15:36,18039.80,2400,11298800
20221103,09:15:37,18038.75,3400,11298800
20221103,09:15:37,18038.75,150,11298800
20221103,09:15:38,18040.00,3650,11298800
20221103,09:15:39,18043.40,5350,11298800
20221103,09:15:40,18044.40,2550,11298800
20221103,09:15:41,18045.00,1900,11298800
20221103,09:15:42,18042.30,1550,11298800
20221103,09:15:43,18047.90,5150,11298800
20221103,09:15:45,18049.80,2250,11298800
20221103,09:15:46,18042.55,4000,11298800
20221103,09:15:47,18045.85,2550,11298800
20221103,09:15:48,18046.00,2750,11298800
20221103,09:15:49,18048.50,2250,11298800
20221103,09:15:50,18043.25,3150,11298800
20221103,09:15:51,18049.30,2700,11298800
20221103,09:15:51,18048.40,750,11298800
20221103,09:15:52,18049.75,1450,11298800
20221103,09:15:53,18045.85,2650,11298800
20221103,09:15:54,18047.40,1300,11298800
20221103,09:15:55,18048.40,1050,11298800
20221103,09:15:57,18047.10,1550,11298800
20221103,09:15:58,18049.40,850,11298800
20221103,09:15:59,18049.45,750,11298800
20221103,09:16:00,18049.80,4150,11298800
20221103,09:16:01,18049.80,6550,11298800
20221103,09:16:02,18046.05,8700,11298800
20221103,09:16:03,18050.00,7900,11298800
20221103,09:16:04,18050.75,5900,11298800
20221103,09:16:04,18048.90,700,11298800
20221103,09:16:05,18048.90,2050,11298800
20221103,09:16:06,18047.90,2000,11298800
20221103,09:16:07,18050.00,4100,11298800
20221103,09:16:08,18051.60,6850,11298800
20221103,09:16:10,18053.25,9650,11298800
20221103,09:16:11,18047.80,3050,11298800
20221103,09:16:12,18046.00,2850,11298800
20221103,09:16:13,18046.00,2000,11298800
20221103,09:16:14,18045.05,5350,11298800
20221103,09:16:15,18048.90,2300,11298800
20221103,09:16:16,18044.15,5150,11298800
20221103,09:16:17,18045.00,2300,11298800
20221103,09:16:18,18044.85,5550,11298800
20221103,09:16:19,18045.00,4500,11298800
20221103,09:16:20,18045.00,1750,11298800
20221103,09:16:22,18046.00,5100,11298800
20221103,09:16:23,18047.90,950,11298800
20221103,09:16:24,18050.00,1350,11298800
20221103,09:16:25,18050.00,1150,11298800
20221103,09:16:26,18050.00,2100,11298800
20221103,09:16:27,18050.00,2550,11298800
20221103,09:16:28,18050.90,1700,11298800
20221103,09:16:28,18051.90,200,11298800
20221103,09:16:29,18051.00,3650,11298800
20221103,09:16:30,18050.00,1300,11298800
20221103,09:16:31,18054.95,4900,11298800
20221103,09:16:32,18049.80,900,11298800
20221103,09:16:33,18049.50,2450,11298800
20221103,09:16:34,18051.00,550,11298800
20221103,09:16:35,18052.85,2850,11298800
20221103,09:16:36,18050.00,3100,11298800
20221103,09:16:38,18052.85,1450,11298800
20221103,09:16:39,18055.00,3900,11298800
20221103,09:16:40,18055.00,650,11298800
20221103,09:16:41,18052.35,2450,11298800
20221103,09:16:42,18052.85,850,11298800
20221103,09:16:43,18052.55,650,11298800
20221103,09:16:44,18054.80,650,11298800
20221103,09:16:45,18054.90,950,11298800
20221103,09:16:46,18055.85,2300,11298800
20221103,09:16:47,18055.85,2100,11298800
20221103,09:16:47,18052.95,850,11298800
20221103,09:16:48,18052.05,1500,11298800
20221103,09:16:49,18052.55,2650,11298800
20221103,09:16:50,18054.10,1900,11298800
20221103,09:16:51,18056.75,1500,11298800
20221103,09:16:52,18057.10,3000,11298800
20221103,09:16:54,18058.00,3100,11298800
20221103,09:16:55,18055.05,1700,11298800
20221103,09:16:56,18059.00,2650,11298800
20221103,09:16:57,18059.60,600,11298800
20221103,09:16:58,18059.85,1300,11298800
20221103,09:16:59,18056.80,550,11298800
20221103,09:17:00,18060.00,1000,11298800
20221103,09:17:00,18059.35,400,11298800
20221103,09:17:01,18059.00,1750,11298800
20221103,09:17:02,18060.00,3150,11298800
20221103,09:17:03,18059.40,600,11298800
20221103,09:17:04,18059.25,1900,11298800
20221103,09:17:06,18059.35,1800,11298800
20221103,09:17:07,18057.05,100,11298800
20221103,09:17:08,18059.80,2400,11298800
20221103,09:17:09,18059.25,500,11298800
20221103,09:17:10,18060.00,1600,11298800
20221103,09:17:10,18059.50,200,11298800
20221103,09:17:11,18061.80,1150,11298800
20221103,09:17:12,18061.95,650,11298800
20221103,09:17:14,18063.00,3550,11298800
20221103,09:17:15,18062.40,1200,11298800
20221103,09:17:16,18064.15,1300,11298800
20221103,09:17:17,18061.90,350,11298800
20221103,09:17:18,18064.85,1350,11298800
20221103,09:17:19,18064.05,700,11298800
20221103,09:17:20,18063.85,600,11298800
20221103,09:17:20,18064.00,100,11298800
20221103,09:17:21,18065.85,2150,11298800
20221103,09:17:23,18067.10,2050,11298800
20221103,09:17:24,18067.30,1000,11298800
20221103,09:17:25,18068.00,1900,11298800
20221103,09:17:26,18068.95,1800,11298800
20221103,09:17:27,18069.50,3150,11298800
20221103,09:17:28,18070.00,3900,11298800
20221103,09:17:29,18070.00,1000,11298800
20221103,09:17:29,18068.85,750,11298800
20221103,09:17:30,18067.40,1900,11298800
20221103,09:17:31,18069.90,3950,11298800
20221103,09:17:33,18071.45,2400,11298800
20221103,09:17:34,18069.60,1950,11298800
20221103,09:17:35,18067.90,3700,11298800
20221103,09:17:36,18069.65,2850,11298800
20221103,09:17:37,18069.65,2100,11298800
20221103,09:17:38,18072.60,2400,11298800
20221103,09:17:39,18071.85,1250,11298800
20221103,09:17:39,18071.75,850,11298800
20221103,09:17:40,18072.65,600,11311000
20221103,09:17:42,18072.90,3350,11311000
20221103,09:17:43,18070.90,2300,11311000
20221103,09:17:44,18069.90,850,11311000
20221103,09:17:45,18069.40,2700,11311000
20221103,09:17:46,18067.10,1050,11311000
20221103,09:17:47,18068.60,3200,11311000
20221103,09:17:48,18066.35,1400,11311000
20221103,09:17:49,18064.65,3600,11311000
20221103,09:17:50,18064.75,1650,11311000
20221103,09:17:50,18065.05,450,11311000
20221103,09:17:51,18064.00,300,11311000
20221103,09:17:52,18064.00,1350,11311000
20221103,09:17:54,18064.90,1750,11311000
20221103,09:17:55,18065.25,300,11311000
20221103,09:17:56,18064.20,800,11311000
20221103,09:17:57,18065.00,5850,11311000
20221103,09:17:58,18065.20,3000,11311000
20221103,09:17:59,18066.45,2650,11311000
20221103,09:18:00,18066.60,1950,11311000
20221103,09:18:01,18065.00,4550,11311000
20221103,09:18:02,18064.90,5600,11311000
20221103,09:18:03,18065.95,1550,11311000
20221103,09:18:04,18060.00,3000,11311000
20221103,09:18:05,18064.50,1050,11311000
20221103,09:18:07,18065.00,1700,11311000
20221103,09:18:08,18063.30,550,11311000
20221103,09:18:09,18064.75,550,11311000
20221103,09:18:10,18065.00,800,11311000
20221103,09:18:11,18066.00,600,11311000
20221103,09:18:12,18067.50,750,11311000
20221103,09:18:13,18066.60,2050,11311000
20221103,09:18:14,18068.00,1000,11311000
20221103,09:18:15,18068.00,900,11311000
20221103,09:18:16,18066.60,650,11311000
20221103,09:18:17,18068.85,750,11311000
20221103,09:18:19,18068.90,200,11311000
20221103,09:18:20,18068.25,500,11311000
20221103,09:18:21,18067.95,550,11311000
20221103,09:18:22,18068.90,1450,11311000
20221103,09:18:23,18069.15,2750,11311000
20221103,09:18:24,18069.85,850,11311000
20221103,09:18:25,18072.10,2600,11311000
20221103,09:18:26,18070.70,1100,11311000
20221103,09:18:26,18072.85,550,11311000
20221103,09:18:27,18072.00,1650,11311000
20221103,09:18:29,18074.00,850,11311000
20221103,09:18:30,18074.05,750,11311000
20221103,09:18:31,18075.00,2200,11311000
20221103,09:18:32,18075.30,650,11311000
20221103,09:18:33,18075.70,1150,11311000
20221103,09:18:34,18075.70,2200,11311000
20221103,09:18:35,18075.00,800,11311000
20221103,09:18:36,18077.40,2800,11311000
20221103,09:18:36,18077.40,150,11311000
20221103,09:18:37,18077.75,1400,11311000
20221103,09:18:38,18077.90,1150,11311000
20221103,09:18:40,18077.20,900,11311000
20221103,09:18:41,18075.20,1350,11311000
20221103,09:18:42,18077.00,550,11311000
20221103,09:18:43,18075.00,1950,11311000
20221103,09:18:44,18075.00,650,11311000
20221103,09:18:45,18077.00,250,11311000
20221103,09:18:46,18075.20,600,11311000
20221103,09:18:48,18076.70,600,11311000
20221103,09:18:49,18076.05,2200,11311000
20221103,09:18:50,18076.95,1200,11311000
20221103,09:18:51,18076.00,850,11311000
20221103,09:18:52,18076.00,900,11311000
20221103,09:18:53,18074.20,1250,11311000
20221103,09:18:54,18070.70,2400,11311000
20221103,09:18:55,18069.80,900,11311000
20221103,09:18:55,18070.35,50,11311000
20221103,09:18:56,18070.00,1000,11311000
20221103,09:18:57,18069.85,400,11311000
20221103,09:18:59,18070.85,2000,11311000
20221103,09:19:00,18069.30,200,11311000
20221103,09:19:01,18073.00,1300,11311000
20221103,09:19:02,18075.75,1150,11311000
20221103,09:19:03,18072.95,400,11311000
20221103,09:19:04,18072.55,1550,11311000
20221103,09:19:05,18070.50,1550,11311000
20221103,09:19:06,18072.90,400,11311000
20221103,09:19:07,18070.35,550,11311000
20221103,09:19:08,18074.20,2200,11311000
20221103,09:19:09,18072.00,300,11311000
20221103,09:19:11,18072.60,2550,11311000
20221103,09:19:12,18073.80,800,11311000
20221103,09:19:13,18074.75,250,11311000
20221103,09:19:14,18075.85,750,11311000
20221103,09:19:15,18075.15,1800,11311000
20221103,09:19:16,18075.35,1400,11311000
20221103,09:19:17,18075.00,400,11311000
20221103,09:19:18,18075.15,350,11311000
20221103,09:19:18,18075.50,50,11311000
20221103,09:19:19,18075.85,650,11311000
20221103,09:19:20,18075.50,1050,11311000
20221103,09:19:21,18075.50,850,11311000
20221103,09:19:23,18075.50,700,11311000
20221103,09:19:24,18075.50,1850,11311000
20221103,09:19:25,18075.00,2900,11311000
20221103,09:19:26,18074.90,350,11311000
20221103,09:19:27,18072.10,700,11311000
20221103,09:19:28,18072.00,200,11311000
20221103,09:19:29,18075.15,450,11311000
20221103,09:19:30,18075.00,800,11311000
20221103,09:19:31,18075.00,400,11311000
20221103,09:19:32,18073.95,350,11311000
20221103,09:19:33,18074.65,150,11311000
20221103,09:19:34,18075.00,100,11311000
20221103,09:19:35,18073.60,350,11311000
20221103,09:19:36,18075.00,300,11311000
20221103,09:19:37,18075.15,550,11311000
20221103,09:19:38,18075.35,350,11311000
20221103,09:19:39,18073.50,450,11311000
20221103,09:19:40,18074.50,100,11311000
20221103,09:19:41,18073.20,10600,11311000
20221103,09:19:42,18071.75,150,11311000
20221103,09:19:43,18071.20,450,11311000
20221103,09:19:44,18070.05,450,11311000
20221103,09:19:45,18071.35,800,11311000
20221103,09:19:46,18070.80,700,11311000
20221103,09:19:47,18071.00,200,11311000
20221103,09:19:48,18070.00,200,11311000
20221103,09:19:49,18071.95,100,11311000
20221103,09:19:50,18070.05,550,11311000
20221103,09:19:51,18071.20,500,11311000
20221103,09:19:52,18070.05,500,11311000
20221103,09:19:53,18070.10,500,11311000
20221103,09:19:54,18069.50,7950,11311000
20221103,09:19:55,18068.90,600,11311000
20221103,09:19:56,18068.00,400,11311000
20221103,09:19:57,18068.90,650,11311000
20221103,09:19:58,18068.85,1000,11311000
20221103,09:19:59,18068.70,150,11311000
20221103,09:20:00,18065.55,19350,11311000
20221103,09:20:01,18068.00,1100,11311000
20221103,09:20:02,18068.75,1500,11311000
20221103,09:20:03,18065.35,1100,11311000
20221103,09:20:04,18066.65,650,11311000
20221103,09:20:05,18066.35,1500,11311000
20221103,09:20:06,18065.80,450,11311000
20221103,09:20:07,18063.65,1150,11311000
20221103,09:20:08,18063.65,1050,11311000
20221103,09:20:09,18064.30,700,11311000
20221103,09:20:10,18060.30,1400,11311000
20221103,09:20:11,18064.45,200,11311000
20221103,09:20:12,18061.65,600,11311000
20221103,09:20:13,18066.00,1050,11311000
20221103,09:20:14,18064.30,600,11311000
20221103,09:20:15,18065.00,7200,11311000
20221103,09:20:16,18066.50,1500,11311000
20221103,09:20:17,18067.95,900,11311000
20221103,09:20:18,18068.30,300,11311000
20221103,09:20:19,18065.25,300,11311000
20221103,09:20:20,18065.00,1150,11311000
20221103,09:20:21,18064.50,300,11311000
20221103,09:20:22,18063.65,250,11311000
20221103,09:20:23,18062.10,750,11311000
20221103,09:20:24,18060.00,1000,11311000
20221103,09:20:25,18063.65,250,11311000
20221103,09:20:26,18060.35,400,11311000
20221103,09:20:27,18060.15,550,11311000
20221103,09:20:29,18063.00,1050,11311000
20221103,09:20:30,18061.00,1150,11311000
20221103,09:20:31,18062.00,750,11311000
20221103,09:20:32,18062.00,400,11311000
20221103,09:20:33,18061.00,450,11311000
20221103,09:20:34,18060.70,850,11311000
20221103,09:20:35,18060.00,1250,11311000
20221103,09:20:36,18060.00,300,11311000
20221103,09:20:37,18060.05,100,11311000
20221103,09:20:38,18062.00,650,11329450
20221103,09:20:39,18061.15,1700,11329450
20221103,09:20:40,18060.20,500,11329450
20221103,09:20:41,18060.20,2600,11329450
20221103,09:20:42,18060.25,400,11329450
20221103,09:20:43,18061.00,800,11329450
20221103,09:20:44,18062.75,400,11329450
20221103,09:20:45,18060.75,2750,11329450
20221103,09:20:46,18061.00,1250,11329450
20221103,09:20:47,18060.00,2450,11329450
20221103,09:20:48,18063.00,550,11329450
20221103,09:20:49,18060.45,800,11329450
20221103,09:20:50,18063.40,1500,11329450
20221103,09:20:51,18060.40,400,11329450
20221103,09:20:52,18061.50,2100,11329450
20221103,09:20:53,18060.75,1600,11329450
20221103,09:20:54,18062.00,2050,11329450
20221103,09:20:55,18060.00,1300,11329450
20221103,09:20:56,18062.95,250,11329450
20221103,09:20:57,18063.65,650,11329450
20221103,09:20:58,18062.30,850,11329450
20221103,09:20:59,18061.10,450,11329450
20221103,09:21:00,18061.10,500,11329450
20221103,09:21:01,18061.00,300,11329450
20221103,09:21:02,18061.00,250,11329450
20221103,09:21:03,18061.00,650,11329450
20221103,09:21:04,18060.00,800,11329450
20221103,09:21:05,18061.00,600,11329450
20221103,09:21:06,18059.90,1500,11329450
20221103,09:21:07,18059.90,450,11329450
20221103,09:21:08,18061.00,600,11329450
20221103,09:21:09,18059.90,850,11329450
20221103,09:21:10,18061.20,400,11329450
20221103,09:21:11,18064.40,1750,11329450
20221103,09:21:12,18063.70,3900,11329450
20221103,09:21:13,18064.30,1200,11329450
20221103,09:21:14,18063.60,1250,11329450
20221103,09:21:15,18062.05,1600,11329450
20221103,09:21:16,18064.80,350,11329450
20221103,09:21:17,18063.60,700,11329450
20221103,09:21:18,18065.00,300,11329450
20221103,09:21:19,18063.00,250,11329450
20221103,09:21:20,18063.35,1200,11329450
20221103,09:21:21,18063.30,1100,11329450
20221103,09:21:22,18063.75,200,11329450
20221103,09:21:23,18064.00,800,11329450
20221103,09:21:24,18062.65,150,11329450
20221103,09:21:25,18066.60,550,11329450
20221103,09:21:26,18064.50,500,11329450
20221103,09:21:27,18066.60,100,11329450
20221103,09:21:29,18066.95,150,11329450
20221103,09:21:30,18065.00,650,11329450
20221103,09:21:31,18065.00,1950,11329450
20221103,09:21:32,18067.00,400,11329450
20221103,09:21:33,18067.00,1650,11329450
20221103,09:21:35,18067.50,1200,11329450
20221103,09:21:36,18067.10,300,11329450
20221103,09:21:37,18068.70,2950,11329450
20221103,09:21:38,18067.50,1050,11329450
20221103,09:21:39,18068.70,700,11329450
20221103,09:21:40,18068.00,250,11329450
20221103,09:21:42,18068.00,300,11329450
20221103,09:21:43,18068.00,100,11329450
20221103,09:21:44,18067.00,1150,11329450
20221103,09:21:45,18067.60,300,11329450
20221103,09:21:46,18067.70,200,11329450
20221103,09:21:47,18067.60,850,11329450
20221103,09:21:49,18066.00,1500,11329450
20221103,09:21:49,18067.85,200,11329450
20221103,09:21:50,18067.60,200,11329450
20221103,09:21:51,18067.70,250,11329450
20221103,09:21:52,18068.00,2700,11329450
20221103,09:21:54,18067.95,500,11329450
20221103,09:21:54,18066.05,250,11329450
20221103,09:21:55,18066.80,1650,11329450
20221103,09:21:56,18066.10,250,11329450
20221103,09:21:57,18067.45,700,11329450
20221103,09:21:58,18067.45,300,11329450
20221103,09:21:59,18069.95,800,11329450
20221103,09:22:00,18069.95,250,11329450
20221103,09:22:01,18069.95,550,11329450
20221103,09:22:02,18071.20,3300,11329450
20221103,09:22:03,18071.80,250,11329450
20221103,09:22:04,18071.30,2500,11329450
20221103,09:22:05,18074.00,1600,11329450
20221103,09:22:06,18073.85,1050,11329450
20221103,09:22:08,18071.85,600,11329450
20221103,09:22:08,18070.55,1000,11329450
20221103,09:22:09,18073.00,350,11329450
20221103,09:22:10,18073.10,250,11329450
20221103,09:22:11,18070.30,900,11329450
20221103,09:22:12,18073.00,500,11329450
20221103,09:22:13,18072.00,250,11329450
20221103,09:22:15,18069.90,1350,11329450
20221103,09:22:15,18068.80,1550,11329450
20221103,09:22:16,18069.20,550,11329450
20221103,09:22:17,18069.90,1800,11329450
20221103,09:22:18,18068.20,100,11329450
20221103,09:22:19,18069.10,650,11329450
20221103,09:22:20,18069.00,900,11329450
20221103,09:22:21,18068.80,950,11329450
20221103,09:22:22,18069.95,2550,11329450
20221103,09:22:23,18069.00,150,11329450
20221103,09:22:24,18070.00,800,11329450
20221103,09:22:25,18070.00,300,11329450
20221103,09:22:26,18069.85,350,11329450
20221103,09:22:27,18068.00,400,11329450
20221103,09:22:28,18066.05,100,11329450
20221103,09:22:29,18068.80,300,11329450
20221103,09:22:30,18068.00,1500,11329450
20221103,09:22:31,18067.35,350,11329450
20221103,09:22:32,18068.00,100,11329450
20221103,09:22:33,18068.85,50,11329450
20221103,09:22:34,18067.20,1100,11329450
20221103,09:22:35,18068.85,200,11329450
20221103,09:22:36,18068.80,1600,11329450
20221103,09:22:37,18069.05,1350,11329450
20221103,09:22:38,18069.00,500,11329450
20221103,09:22:39,18070.00,50,11329450
20221103,09:22:40,18069.00,2400,11329450
20221103,09:22:42,18065.10,1100,11329450
20221103,09:22:43,18066.25,800,11329450
20221103,09:22:44,18067.90,250,11329450
20221103,09:22:45,18068.50,200,11329450
20221103,09:22:46,18066.10,250,11329450
20221103,09:22:47,18066.05,50,11329450
20221103,09:22:48,18064.90,200,11329450
20221103,09:22:49,18068.00,600,11329450
20221103,09:22:50,18064.40,1550,11329450
20221103,09:22:51,18065.25,700,11329450
20221103,09:22:53,18065.25,700,11329450
20221103,09:22:53,18067.80,50,11329450
20221103,09:22:54,18066.05,950,11329450
20221103,09:22:55,18067.65,350,11329450
20221103,09:22:56,18064.60,200,11329450
20221103,09:22:57,18065.05,50,11329450
20221103,09:22:58,18065.10,250,11329450
20221103,09:22:59,18065.00,750,11329450
20221103,09:23:01,18066.25,700,11329450
20221103,09:23:02,18068.00,550,11329450
20221103,09:23:03,18066.80,700,11329450
20221103,09:23:04,18066.20,400,11329450
20221103,09:23:06,18066.10,850,11329450
20221103,09:23:06,18067.00,300,11329450
20221103,09:23:07,18066.45,550,11329450
20221103,09:23:08,18064.00,500,11329450
20221103,09:23:09,18066.95,300,11329450
20221103,09:23:10,18066.30,700,11329450
20221103,09:23:11,18064.90,700,11329450
20221103,09:23:12,18066.40,650,11329450
20221103,09:23:13,18064.90,400,11329450
20221103,09:23:14,18065.60,200,11329450
20221103,09:23:16,18065.05,800,11329450
20221103,09:23:17,18067.00,850,11329450
20221103,09:23:18,18066.60,450,11329450
20221103,09:23:19,18067.00,450,11329450
20221103,09:23:19,18067.00,50,11329450
20221103,09:23:20,18066.05,250,11329450
20221103,09:23:21,18064.90,450,11329450
20221103,09:23:22,18064.90,950,11329450
20221103,09:23:23,18064.10,750,11329450
20221103,09:23:24,18066.05,250,11329450
20221103,09:23:25,18064.00,600,11329450
20221103,09:23:26,18063.90,850,11329450
20221103,09:23:27,18063.05,900,11329450
20221103,09:23:28,18065.00,650,11329450
20221103,09:23:29,18063.40,550,11329450
20221103,09:23:31,18063.00,1350,11329450
20221103,09:23:33,18063.40,500,11329450
20221103,09:23:34,18064.30,700,11329450
20221103,09:23:35,18065.00,1150,11314700
20221103,09:23:36,18065.45,350,11314700
20221103,09:23:37,18067.00,400,11314700
20221103,09:23:38,18065.75,400,11314700
20221103,09:23:39,18065.05,1000,11314700
20221103,09:23:40,18067.25,2250,11314700
20221103,09:23:41,18066.55,600,11314700
20221103,09:23:42,18066.20,350,11314700
20221103,09:23:43,18066.05,550,11314700
20221103,09:23:44,18066.05,900,11314700
20221103,09:23:45,18065.00,500,11314700
20221103,09:23:46,18065.00,950,11314700
20221103,09:23:47,18066.00,650,11314700
20221103,09:23:48,18066.60,1000,11314700
20221103,09:23:49,18064.10,250,11314700
20221103,09:23:50,18063.95,500,11314700
20221103,09:23:51,18064.75,550,11314700
20221103,09:23:52,18065.35,250,11314700
20221103,09:23:53,18065.30,850,11314700
20221103,09:23:54,18063.00,250,11314700
20221103,09:23:55,18065.60,250,11314700
20221103,09:23:56,18066.00,550,11314700
20221103,09:23:57,18066.90,300,11314700
20221103,09:23:58,18065.45,500,11314700
20221103,09:23:59,18064.30,550,11314700
20221103,09:24:00,18066.95,800,11314700
20221103,09:24:01,18065.40,650,11314700
20221103,09:24:02,18068.00,500,11314700
20221103,09:24:03,18068.40,800,11314700
20221103,09:24:05,18067.85,1050,11314700
20221103,09:24:06,18067.75,500,11314700
20221103,09:24:07,18067.10,550,11314700
20221103,09:24:08,18066.25,650,11314700
20221103,09:24:09,18065.45,900,11314700
20221103,09:24:10,18065.40,1600,11314700
20221103,09:24:11,18065.05,900,11314700
20221103,09:24:12,18065.20,800,11314700
20221103,09:24:13,18065.05,500,11314700
20221103,09:24:14,18065.50,50,11314700
20221103,09:24:15,18065.40,700,11314700
20221103,09:24:16,18067.00,450,11314700
20221103,09:24:17,18067.45,200,11314700
20221103,09:24:17,18067.45,100,11314700
20221103,09:24:20,18065.90,1150,11314700
20221103,09:24:20,18065.20,200,11314700
20221103,09:24:21,18066.00,600,11314700
20221103,09:24:22,18066.00,2000,11314700
20221103,09:24:24,18065.00,1200,11314700
20221103,09:24:25,18063.55,150,11314700
20221103,09:24:25,18063.00,200,11314700
20221103,09:24:26,18063.05,250,11314700
20221103,09:24:27,18063.00,450,11314700
20221103,09:24:28,18063.85,350,11314700
20221103,09:24:29,18064.40,150,11314700
20221103,09:24:30,18065.00,600,11314700
20221103,09:24:31,18063.15,650,11314700
20221103,09:24:32,18062.40,750,11314700
20221103,09:24:33,18063.70,550,11314700
20221103,09:24:34,18063.90,350,11314700
20221103,09:24:35,18062.05,200,11314700
20221103,09:24:36,18063.90,350,11314700
20221103,09:24:37,18064.40,50,11314700
20221103,09:24:38,18064.55,400,11314700
20221103,09:24:39,18064.75,600,11314700
20221103,09:24:40,18063.60,300,11314700
20221103,09:24:41,18062.50,150,11314700
20221103,09:24:42,18062.50,250,11314700
20221103,09:24:43,18062.50,550,11314700
20221103,09:24:44,18061.90,400,11314700
20221103,09:24:45,18062.95,350,11314700
20221103,09:24:46,18063.00,100,11314700
20221103,09:24:47,18063.00,250,11314700
20221103,09:24:48,18062.00,250,11314700
20221103,09:24:49,18061.85,450,11314700
20221103,09:24:50,18062.40,400,11314700
20221103,09:24:51,18061.95,550,11314700
20221103,09:24:52,18063.00,600,11314700
20221103,09:24:53,18061.20,700,11314700
20221103,09:24:54,18061.75,150,11314700
20221103,09:24:55,18063.00,150,11314700
20221103,09:24:56,18062.35,250,11314700
20221103,09:24:57,18063.95,1050,11314700
20221103,09:24:58,18062.35,800,11314700
20221103,09:25:00,18062.95,550,11314700
20221103,09:25:01,18060.95,1800,11314700
20221103,09:25:02,18061.45,850,11314700
20221103,09:25:03,18061.20,1200,11314700
20221103,09:25:04,18063.95,200,11314700
20221103,09:25:05,18063.20,400,11314700
20221103,09:25:06,18061.90,2500,11314700
20221103,09:25:07,18061.90,2400,11314700
20221103,09:25:08,18060.15,800,11314700
20221103,09:25:09,18061.90,400,11314700
20221103,09:25:10,18061.90,200,11314700
20221103,09:25:11,18060.15,450,11314700
20221103,09:25:11,18060.15,200,11314700
20221103,09:25:12,18061.80,750,11314700
20221103,09:25:13,18062.90,2250,11314700
20221103,09:25:14,18061.45,250,11314700
20221103,09:25:15,18061.70,250,11314700
20221103,09:25:16,18061.90,1200,11314700
20221103,09:25:17,18061.45,400,11314700
20221103,09:25:18,18062.95,200,11314700
20221103,09:25:19,18062.90,100,11314700
20221103,09:25:20,18062.00,100,11314700
20221103,09:25:21,18061.95,850,11314700
20221103,09:25:22,18061.60,50,11314700
20221103,09:25:23,18061.60,150,11314700
20221103,09:25:24,18060.75,150,11314700
20221103,09:25:25,18060.40,700,11314700
20221103,09:25:26,18060.55,300,11314700
20221103,09:25:27,18060.05,700,11314700
20221103,09:25:28,18061.00,750,11314700
20221103,09:25:29,18060.70,400,11314700
20221103,09:25:30,18061.60,1550,11314700
20221103,09:25:31,18062.75,1000,11314700
20221103,09:25:32,18062.60,450,11314700
20221103,09:25:33,18062.90,650,11314700
20221103,09:25:34,18062.05,300,11314700
20221103,09:25:35,18063.70,2050,11314700
20221103,09:25:36,18064.05,200,11314700
20221103,09:25:37,18064.20,900,11314700
20221103,09:25:38,18065.00,250,11314700
20221103,09:25:39,18065.00,150,11314700
20221103,09:25:40,18063.60,550,11314700
20221103,09:25:41,18065.00,400,11314700
20221103,09:25:42,18065.00,450,11314700
20221103,09:25:43,18065.00,250,11314700
20221103,09:25:44,18065.10,1500,11314700
20221103,09:25:45,18066.00,250,11314700
20221103,09:25:46,18066.60,150,11314700
20221103,09:25:47,18065.25,1750,11314700
20221103,09:25:48,18064.20,1000,11314700
20221103,09:25:49,18062.35,1500,11314700
20221103,09:25:50,18062.85,2550,11314700
20221103,09:25:51,18063.60,850,11314700
20221103,09:25:52,18063.65,2200,11314700
20221103,09:25:54,18065.50,2500,11314700
20221103,09:25:55,18065.20,900,11314700
20221103,09:25:55,18065.90,450,11314700
20221103,09:25:56,18065.15,700,11314700
20221103,09:25:57,18065.00,550,11314700
20221103,09:25:58,18064.95,1000,11314700
20221103,09:26:00,18065.50,300,11314700
20221103,09:26:01,18065.05,600,11314700
20221103,09:26:01,18063.30,200,11314700
20221103,09:26:02,18065.25,1200,11314700
20221103,09:26:03,18064.00,500,11314700
20221103,09:26:04,18065.00,1600,11314700
20221103,09:26:06,18062.90,1050,11314700
20221103,09:26:07,18065.55,850,11314700
20221103,09:26:08,18063.10,200,11314700
20221103,09:26:09,18065.00,1100,11314700
20221103,09:26:10,18063.90,200,11314700
20221103,09:26:12,18064.00,650,11314700
20221103,09:26:13,18064.00,150,11314700
20221103,09:26:13,18064.00,100,11314700
20221103,09:26:14,18065.00,100,11314700
20221103,09:26:15,18065.00,400,11314700
20221103,09:26:16,18066.00,700,11314700
20221103,09:26:18,18064.80,1750,11314700
20221103,09:26:19,18062.40,500,11314700
20221103,09:26:20,18060.90,1050,11314700
20221103,09:26:20,18060.85,50,11314700
20221103,09:26:21,18062.00,550,11314700
20221103,09:26:22,18063.60,1200,11314700
20221103,09:26:24,18061.90,300,11314700
20221103,09:26:25,18060.85,300,11314700
20221103,09:26:26,18061.00,350,11314700
20221103,09:26:26,18063.75,200,11314700
20221103,09:26:27,18062.00,100,11314700
20221103,09:26:28,18061.95,800,11314700
20221103,09:26:30,18062.00,250,11314700
20221103,09:26:31,18063.90,550,11314700
20221103,09:26:32,18061.55,400,11314700
20221103,09:26:33,18063.00,450,11314700
20221103,09:26:33,18062.90,50,11314700
20221103,09:26:34,18063.30,700,11314700
20221103,09:26:36,18064.40,400,11327800
20221103,09:26:37,18064.40,500,11327800
20221103,09:26:38,18064.50,300,11327800
20221103,09:26:39,18064.55,200,11327800
20221103,09:26:39,18065.00,50,11327800
20221103,09:26:40,18066.00,400,11327800
20221103,09:26:41,18065.80,400,11327800
20221103,09:26:43,18066.00,350,11327800
20221103,09:26:44,18066.00,700,11327800
20221103,09:26:45,18066.10,150,11327800
20221103,09:26:46,18067.45,1650,11327800
20221103,09:26:47,18068.00,150,11327800
20221103,09:26:49,18069.60,2550,11327800
20221103,09:26:50,18067.95,100,11327800
20221103,09:26:51,18069.80,1400,11327800
20221103,09:26:51,18069.00,150,11327800
20221103,09:26:52,18069.85,1650,11327800
20221103,09:26:53,18069.10,700,11327800
20221103,09:26:55,18068.25,450,11327800
20221103,09:26:56,18070.60,2350,11327800
20221103,09:26:57,18068.50,3200,11327800
20221103,09:26:58,18069.20,750,11327800
20221103,09:26:59,18068.35,900,11327800
20221103,09:27:00,18068.35,1650,11327800
20221103,09:27:01,18068.80,1050,11327800
20221103,09:27:01,18068.30,400,11327800
20221103,09:27:02,18069.80,900,11327800
20221103,09:27:04,18072.00,750,11327800
20221103,09:27:05,18070.40,1500,11327800
20221103,09:27:06,18073.00,750,11327800
20221103,09:27:07,18074.50,1250,11327800
20221103,09:27:08,18074.00,1850,11327800
20221103,09:27:09,18074.00,1400,11327800
20221103,09:27:10,18072.80,650,11327800
20221103,09:27:11,18073.35,850,11327800
20221103,09:27:12,18073.70,500,11327800
20221103,09:27:13,18074.40,400,11327800
20221103,09:27:14,18072.05,650,11327800
20221103,09:27:15,18072.75,700,11327800
20221103,09:27:16,18074.10,800,11327800
20221103,09:27:17,18074.10,450,11327800
20221103,09:27:18,18072.80,650,11327800
20221103,09:27:19,18073.05,250,11327800
20221103,09:27:20,18071.80,1050,11327800
20221103,09:27:20,18069.85,300,11327800
20221103,09:27:21,18069.05,600,11327800
20221103,09:27:22,18068.35,1200,11327800
20221103,09:27:23,18068.40,600,11327800
20221103,09:27:24,18067.95,1300,11327800
20221103,09:27:25,18066.95,450,11327800
20221103,09:27:26,18068.10,250,11327800
20221103,09:27:27,18069.30,650,11327800
20221103,09:27:28,18070.25,750,11327800
20221103,09:27:29,18070.30,150,11327800
20221103,09:27:30,18070.35,550,11327800
20221103,09:27:31,18071.60,500,11327800
20221103,09:27:32,18070.80,1100,11327800
20221103,09:27:33,18069.35,1000,11327800
20221103,09:27:34,18069.40,500,11327800
20221103,09:27:35,18071.80,100,11327800
20221103,09:27:36,18072.45,300,11327800
20221103,09:27:37,18070.85,150,11327800
20221103,09:27:38,18072.55,850,11327800
20221103,09:27:39,18072.70,2250,11327800
20221103,09:27:40,18071.85,1050,11327800
20221103,09:27:41,18071.50,700,11327800
20221103,09:27:42,18073.55,800,11327800
20221103,09:27:43,18073.35,550,11327800
20221103,09:27:44,18074.20,250,11327800
20221103,09:27:46,18074.20,250,11327800
20221103,09:27:47,18073.80,200,11327800
20221103,09:27:48,18073.35,400,11327800
20221103,09:27:49,18074.15,2700,11327800
20221103,09:27:50,18074.15,700,11327800
20221103,09:27:51,18075.20,350,11327800
20221103,09:27:52,18074.15,200,11327800
20221103,09:27:53,18073.60,2100,11327800
20221103,09:27:54,18075.00,250,11327800
20221103,09:27:55,18076.00,2050,11327800
20221103,09:27:55,18076.75,100,11327800
20221103,09:27:56,18077.90,2400,11327800
20221103,09:27:57,18077.00,600,11327800
20221103,09:27:58,18078.00,1450,11327800
20221103,09:27:59,18078.00,4100,11327800
20221103,09:28:00,18078.00,250,11327800
20221103,09:28:01,18079.00,1650,11327800
20221103,09:28:02,18079.00,1600,11327800
20221103,09:28:03,18078.95,1450,11327800
20221103,09:28:04,18078.70,300,11327800
20221103,09:28:05,18078.80,550,11327800
20221103,09:28:06,18078.95,3600,11327800
20221103,09:28:07,18078.85,350,11327800
20221103,09:28:08,18080.00,2800,11327800
20221103,09:28:09,18079.00,1250,11327800
20221103,09:28:10,18078.10,400,11327800
20221103,09:28:11,18076.30,2050,11327800
20221103,09:28:12,18076.05,1200,11327800
20221103,09:28:13,18079.20,600,11327800
20221103,09:28:15,18078.00,500,11327800
20221103,09:28:16,18079.25,350,11327800
20221103,09:28:17,18079.75,650,11327800
20221103,09:28:17,18079.05,50,11327800
20221103,09:28:19,18079.35,800,11327800
20221103,09:28:20,18078.65,2000,11327800
20221103,09:28:21,18078.95,300,11327800
20221103,09:28:22,18079.55,250,11327800
20221103,09:28:23,18076.50,2200,11327800
20221103,09:28:24,18079.75,450,11327800
20221103,09:28:25,18077.05,1150,11327800
20221103,09:28:25,18077.05,550,11327800
20221103,09:28:26,18079.40,2250,11327800
20221103,09:28:27,18078.00,350,11327800
20221103,09:28:28,18075.95,350,11327800
20221103,09:28:29,18078.10,2100,11327800
20221103,09:28:30,18079.00,1300,11327800
20221103,09:28:32,18075.55,2250,11327800
20221103,09:28:33,18077.00,550,11327800
20221103,09:28:34,18077.20,1950,11327800
20221103,09:28:35,18075.05,550,11327800
20221103,09:28:36,18078.25,900,11327800
20221103,09:28:37,18078.20,200,11327800
20221103,09:28:38,18076.05,400,11327800
20221103,09:28:39,18078.45,250,11327800
20221103,09:28:40,18078.10,1550,11327800
20221103,09:28:41,18078.95,550,11327800
20221103,09:28:42,18077.30,1200,11327800
20221103,09:28:44,18078.05,150,11327800
20221103,09:28:45,18078.90,1550,11327800
20221103,09:28:46,18078.45,1950,11327800
20221103,09:28:47,18078.30,450,11327800
20221103,09:28:48,18075.00,1400,11327800
20221103,09:28:49,18077.65,300,11327800
20221103,09:28:50,18076.95,300,11327800
20221103,09:28:51,18078.05,250,11327800
20221103,09:28:52,18078.40,50,11327800
20221103,09:28:52,18076.35,200,11327800
20221103,09:28:54,18078.55,300,11327800
20221103,09:28:55,18078.40,600,11327800
20221103,09:28:55,18077.85,100,11327800
20221103,09:28:56,18080.50,16350,11327800
20221103,09:28:58,18079.90,1000,11327800
20221103,09:28:59,18080.00,600,11327800
20221103,09:29:00,18080.05,1900,11327800
20221103,09:29:01,18079.85,1450,11327800
20221103,09:29:02,18080.85,800,11327800
20221103,09:29:03,18080.85,750,11327800
20221103,09:29:04,18081.00,400,11327800
20221103,09:29:05,18081.00,1850,11327800
20221103,09:29:06,18080.00,200,11327800
20221103,09:29:07,18082.70,4500,11327800
20221103,09:29:08,18082.70,500,11327800
20221103,09:29:10,18082.90,250,11327800
20221103,09:29:11,18084.40,3800,11327800
20221103,09:29:12,18084.40,100,11327800
20221103,09:29:14,18085.85,2500,11327800
20221103,09:29:15,18082.65,300,11327800
20221103,09:29:16,18082.70,1550,11327800
20221103,09:29:17,18081.90,500,11327800
20221103,09:29:18,18081.20,950,11327800
20221103,09:29:19,18083.35,5450,11327800
20221103,09:29:20,18083.60,2750,11327800
20221103,09:29:20,18084.85,1050,11327800
20221103,09:29:22,18083.75,300,11327800
20221103,09:29:22,18084.00,300,11327800
20221103,09:29:24,18081.05,1000,11327800
20221103,09:29:25,18082.20,3450,11327800
20221103,09:29:26,18078.90,1100,11327800
20221103,09:29:27,18077.40,650,11327800
20221103,09:29:28,18079.85,1550,11327800
20221103,09:29:29,18080.90,1300,11327800
20221103,09:29:30,18079.15,850,11327800
20221103,09:29:31,18080.70,400,11327800
20221103,09:29:32,18080.75,600,11327800
20221103,09:29:33,18082.70,900,11327800
20221103,09:29:34,18080.75,1050,11327800
20221103,09:29:36,18082.00,350,11327800
20221103,09:29:37,18083.05,1100,11336050
20221103,09:29:38,18083.00,2100,11336050
20221103,09:29:39,18081.40,300,11336050
20221103,09:29:40,18084.10,1350,11336050
20221103,09:29:42,18081.80,1200,11336050
20221103,09:29:43,18084.30,4750,11336050
20221103,09:29:44,18084.95,400,11336050
20221103,09:29:45,18084.95,1650,11336050
20221103,09:29:46,18080.45,2100,11336050
20221103,09:29:46,18084.30,50,11336050
20221103,09:29:48,18085.00,500,11336050
20221103,09:29:49,18084.15,3600,11336050
20221103,09:29:50,18082.70,350,11336050
20221103,09:29:50,18080.40,2100,11336050
20221103,09:29:51,18084.00,350,11336050
20221103,09:29:53,18084.35,550,11336050
20221103,09:29:54,18084.15,1450,11336050
20221103,09:29:55,18082.10,700,11336050
20221103,09:29:56,18082.45,1200,11336050
20221103,09:29:57,18082.80,400,11336050
20221103,09:29:58,18083.85,700,11336050
20221103,09:29:59,18083.50,2250,11336050
20221103,09:30:00,18083.45,2250,11336050
20221103,09:30:00,18085.45,400,11336050
20221103,09:30:02,18086.55,3950,11336050
20221103,09:30:03,18086.95,600,11336050
20221103,09:30:04,18088.20,6350,11336050
20221103,09:30:05,18088.90,3000,11336050
20221103,09:30:06,18087.20,400,11336050
20221103,09:30:07,18086.00,1450,11336050
20221103,09:30:08,18087.00,2300,11336050
20221103,09:30:08,18087.05,100,11336050
20221103,09:30:09,18084.95,2100,11336050
20221103,09:30:10,18086.55,1200,11336050
20221103,09:30:11,18086.05,2150,11336050
20221103,09:30:13,18087.30,1100,11336050
20221103,09:30:14,18089.05,6600,11336050
20221103,09:30:15,18087.60,6250,11336050
20221103,09:30:16,18085.75,2350,11336050
20221103,09:30:17,18086.65,600,11336050
20221103,09:30:18,18085.80,3300,11336050
20221103,09:30:18,18087.80,200,11336050
20221103,09:30:20,18089.10,1700,11336050
20221103,09:30:21,18087.90,1750,11336050
20221103,09:30:22,18088.65,1100,11336050
20221103,09:30:23,18090.00,3550,11336050
20221103,09:30:23,18089.20,100,11336050
20221103,09:30:25,18086.70,800,11336050
20221103,09:30:26,18090.00,750,11336050
20221103,09:30:27,18091.90,2950,11336050
20221103,09:30:28,18089.60,1500,11336050
20221103,09:30:28,18086.15,450,11336050
20221103,09:30:30,18088.70,550,11336050
20221103,09:30:31,18085.90,650,11336050
20221103,09:30:32,18086.15,1000,11336050
20221103,09:30:33,18088.00,1550,11336050
20221103,09:30:34,18088.90,600,11336050
20221103,09:30:34,18088.00,100,11336050
20221103,09:30:36,18088.00,250,11336050
20221103,09:30:37,18088.00,600,11336050
20221103,09:30:38,18088.00,550,11336050
20221103,09:30:39,18088.05,1150,11336050
20221103,09:30:39,18088.90,150,11336050
20221103,09:30:41,18088.90,1700,11336050
20221103,09:30:42,18089.00,700,11336050
20221103,09:30:43,18090.00,700,11336050
20221103,09:30:44,18090.00,100,11336050
20221103,09:30:45,18089.00,600,11336050
20221103,09:30:45,18089.45,250,11336050
20221103,09:30:46,18092.60,2250,11336050
20221103,09:30:48,18093.05,2100,11336050
20221103,09:30:49,18094.00,3050,11336050
20221103,09:30:50,18094.15,1850,11336050
20221103,09:30:51,18092.70,2000,11336050
20221103,09:30:51,18093.35,150,11336050
20221103,09:30:53,18094.20,250,11336050
20221103,09:30:54,18093.25,1250,11336050
20221103,09:30:55,18093.25,1400,11336050
20221103,09:30:56,18093.60,700,11336050
20221103,09:30:57,18094.35,550,11336050
20221103,09:30:58,18094.35,250,11336050
20221103,09:30:59,18093.95,2100,11336050
20221103,09:31:00,18094.35,800,11336050
20221103,09:31:01,18095.00,850,11336050
20221103,09:31:02,18094.30,350,11336050
20221103,09:31:03,18096.40,2400,11336050
20221103,09:31:04,18099.00,4700,11336050
20221103,09:31:05,18098.95,1350,11336050
20221103,09:31:06,18097.40,800,11336050
20221103,09:31:07,18098.35,250,11336050
20221103,09:31:08,18099.65,2450,11336050
20221103,09:31:09,18100.00,12000,11336050
20221103,09:31:10,18099.00,7400,11336050
20221103,09:31:11,18096.45,550,11336050
20221103,09:31:12,18096.00,400,11336050
20221103,09:31:13,18098.30,200,11336050
20221103,09:31:14,18095.05,1600,11336050
20221103,09:31:15,18095.85,2400,11336050
20221103,09:31:16,18094.40,1500,11336050
20221103,09:31:17,18097.35,2150,11336050
20221103,09:31:18,18096.50,2000,11336050
20221103,09:31:19,18096.75,200,11336050
20221103,09:31:20,18097.80,3900,11336050
20221103,09:31:21,18096.80,6350,11336050
20221103,09:31:22,18095.00,6100,11336050
20221103,09:31:23,18097.60,1300,11336050
20221103,09:31:24,18094.65,250,11336050
20221103,09:31:25,18096.00,850,11336050
20221103,09:31:26,18095.15,2250,11336050
20221103,09:31:27,18095.05,1250,11336050
20221103,09:31:28,18097.10,150,11336050
20221103,09:31:29,18096.20,50,11336050
20221103,09:31:30,18095.25,1400,11336050
20221103,09:31:31,18099.50,2450,11336050
20221103,09:31:32,18099.75,1550,11336050
20221103,09:31:33,18098.50,1350,11336050
20221103,09:31:34,18098.85,400,11336050
20221103,09:31:35,18097.95,650,11336050
20221103,09:31:36,18097.50,1000,11336050
20221103,09:31:37,18099.45,350,11336050
20221103,09:31:38,18097.55,500,11336050
20221103,09:31:39,18097.45,700,11336050
20221103,09:31:40,18099.55,1600,11336050
20221103,09:31:41,18099.00,300,11336050
20221103,09:31:42,18099.95,600,11336050
20221103,09:31:44,18100.00,2050,11336050
20221103,09:31:45,18100.00,2100,11336050
20221103,09:31:46,18101.35,4000,11336050
20221103,09:31:47,18101.50,8650,11336050
20221103,09:31:48,18100.55,1350,11336050
20221103,09:31:49,18100.00,1800,11336050
20221103,09:31:50,18100.60,1050,11336050
20221103,09:31:51,18101.50,600,11336050
20221103,09:31:52,18101.50,1350,11336050
20221103,09:31:53,18101.55,100,11336050
20221103,09:31:54,18100.05,250,11336050
20221103,09:31:55,18102.20,800,11336050
20221103,09:31:56,18102.90,850,11336050
20221103,09:31:57,18104.00,2050,11336050
20221103,09:31:58,18104.90,350,11336050
20221103,09:31:59,18104.90,750,11336050
20221103,09:32:00,18105.15,1950,11336050
20221103,09:32:01,18106.70,900,11336050
20221103,09:32:02,18108.15,2600,11336050
20221103,09:32:03,18109.00,2500,11336050
20221103,09:32:04,18119.70,12100,11336050
20221103,09:32:05,18115.00,2150,11336050
20221103,09:32:06,18113.70,3200,11336050
20221103,09:32:07,18118.10,10900,11336050
20221103,09:32:08,18117.50,850,11336050
20221103,09:32:09,18120.00,3650,11336050
20221103,09:32:10,18117.30,850,11336050
20221103,09:32:11,18115.30,2450,11336050
20221103,09:32:12,18115.00,1700,11336050
20221103,09:32:13,18116.15,1650,11336050
20221103,09:32:14,18117.65,2050,11336050
20221103,09:32:15,18118.00,1500,11336050
20221103,09:32:16,18116.05,1050,11336050
20221103,09:32:17,18113.95,800,11336050
20221103,09:32:18,18115.05,300,11336050
20221103,09:32:19,18115.60,450,11336050
20221103,09:32:20,18114.70,1000,11336050
20221103,09:32:21,18112.45,950,11336050
20221103,09:32:22,18111.00,1400,11336050
20221103,09:32:23,18113.20,800,11336050
20221103,09:32:24,18111.50,700,11336050
20221103,09:32:25,18110.05,350,11336050
20221103,09:32:26,18108.75,600,11336050
20221103,09:32:27,18104.65,2900,11336050
20221103,09:32:28,18106.90,700,11336050
20221103,09:32:29,18108.55,1050,11336050
20221103,09:32:30,18107.30,100,11336050
20221103,09:32:31,18107.90,1150,11336050
20221103,09:32:32,18107.00,500,11336050
20221103,09:32:33,18107.70,1850,11336050
20221103,09:32:34,18108.20,1050,11336050
20221103,09:32:35,18107.45,300,11336050
20221103,09:32:36,18109.15,550,11336050
20221103,09:32:37,18105.80,800,11336050
20221103,09:32:38,18110.00,250,11336050
20221103,09:32:39,18105.90,35900,11336050
20221103,09:32:40,18107.60,850,11336050
20221103,09:32:41,18107.10,550,11336050
20221103,09:32:42,18107.75,350,11336050
20221103,09:32:43,18107.05,600,11369650
20221103,09:32:44,18108.05,1500,11369650
20221103,09:32:45,18108.05,1000,11369650
20221103,09:32:46,18109.60,650,11369650
20221103,09:32:47,18109.00,450,11369650
20221103,09:32:48,18110.00,300,11369650
20221103,09:32:49,18111.00,900,11369650
20221103,09:32:50,18110.25,750,11369650
20221103,09:32:51,18111.85,1550,11369650
20221103,09:32:52,18112.80,650,11369650
20221103,09:32:53,18111.00,1200,11369650
20221103,09:32:54,18110.15,550,11369650
20221103,09:32:55,18112.85,1500,11369650
20221103,09:32:56,18111.30,200,11369650
20221103,09:32:57,18110.55,600,11369650
20221103,09:32:58,18110.10,1100,11369650
20221103,09:32:59,18112.00,600,11369650
20221103,09:33:00,18111.30,2100,11369650
20221103,09:33:01,18114.25,1300,11369650
20221103,09:33:02,18115.00,1350,11369650
20221103,09:33:03,18111.95,1000,11369650
20221103,09:33:04,18113.25,1200,11369650
20221103,09:33:05,18113.40,900,11369650
20221103,09:33:06,18115.00,950,11369650
20221103,09:33:07,18114.90,300,11369650
20221103,09:33:08,18112.65,100,11369650
20221103,09:33:09,18115.85,600,11369650
20221103,09:33:10,18115.85,950,11369650
20221103,09:33:11,18113.15,950,11369650
20221103,09:33:12,18114.65,2050,11369650
20221103,09:33:13,18115.00,1300,11369650
20221103,09:33:14,18113.55,1200,11369650
20221103,09:33:15,18114.35,450,11369650
20221103,09:33:16,18112.00,350,11369650
20221103,09:33:17,18112.45,250,11369650
20221103,09:33:18,18115.00,900,11369650
20221103,09:33:19,18113.45,700,11369650
20221103,09:33:21,18114.55,2400,11369650
20221103,09:33:21,18112.00,200,11369650
20221103,09:33:22,18111.80,500,11369650
20221103,09:33:23,18113.75,200,11369650
20221103,09:33:24,18112.00,700,11369650
20221103,09:33:25,18113.90,700,11369650
20221103,09:33:26,18113.70,250,11369650
20221103,09:33:27,18112.90,650,11369650
20221103,09:33:28,18113.45,500,11369650
20221103,09:33:29,18112.10,1000,11369650
20221103,09:33:30,18113.90,2300,11369650
20221103,09:33:31,18111.95,850,11369650
20221103,09:33:32,18113.45,300,11369650
20221103,09:33:33,18112.10,1350,11369650
20221103,09:33:34,18112.90,900,11369650
20221103,09:33:35,18111.80,600,11369650
20221103,09:33:37,18111.85,650,11369650
20221103,09:33:37,18110.05,150,11369650
20221103,09:33:38,18108.35,1550,11369650
20221103,09:33:39,18107.20,500,11369650
20221103,09:33:40,18107.00,650,11369650
20221103,09:33:41,18106.15,250,11369650
20221103,09:33:42,18106.45,650,11369650
20221103,09:33:43,18108.35,400,11369650
20221103,09:33:44,18107.10,400,11369650
20221103,09:33:45,18105.40,2700,11369650
20221103,09:33:46,18105.45,250,11369650
20221103,09:33:47,18105.00,800,11369650
20221103,09:33:48,18104.85,800,11369650
20221103,09:33:49,18105.65,250,11369650
20221103,09:33:50,18105.70,700,11369650
20221103,09:33:51,18108.15,1350,11369650
20221103,09:33:52,18108.65,300,11369650
20221103,09:33:53,18108.65,150,11369650
20221103,09:33:54,18109.60,250,11369650
20221103,09:33:55,18109.85,1600,11369650
20221103,09:33:57,18109.85,300,11369650
20221103,09:33:58,18109.85,200,11369650
20221103,09:33:59,18112.10,2050,11369650
20221103,09:34:00,18113.00,1150,11369650
20221103,09:34:01,18114.45,2100,11369650
20221103,09:34:02,18111.95,350,11369650
20221103,09:34:03,18113.00,550,11369650
20221103,09:34:04,18110.00,600,11369650
20221103,09:34:05,18111.75,1050,11369650
20221103,09:34:06,18109.75,750,11369650
20221103,09:34:07,18112.50,300,11369650
20221103,09:34:08,18111.80,500,11369650
20221103,09:34:09,18112.50,350,11369650
20221103,09:34:10,18112.20,250,11369650
20221103,09:34:11,18112.95,400,11369650
20221103,09:34:12,18110.00,650,11369650
20221103,09:34:13,18111.85,550,11369650
20221103,09:34:14,18112.20,1050,11369650
20221103,09:34:15,18110.55,1750,11369650
20221103,09:34:16,18112.00,150,11369650
20221103,09:34:17,18112.05,350,11369650
20221103,09:34:18,18112.00,400,11369650
20221103,09:34:19,18113.35,900,11369650
20221103,09:34:20,18111.45,1450,11369650
20221103,09:34:21,18108.90,1500,11369650
20221103,09:34:22,18112.80,1300,11369650
20221103,09:34:23,18112.80,100,11369650
20221103,09:34:24,18111.45,150,11369650
20221103,09:34:25,18113.00,200,11369650
20221103,09:34:26,18113.90,150,11369650
20221103,09:34:27,18113.90,650,11369650
20221103,09:34:28,18112.00,100,11369650
20221103,09:34:29,18113.60,2650,11369650
20221103,09:34:30,18113.95,250,11369650
20221103,09:34:31,18113.90,200,11369650
20221103,09:34:32,18112.00,550,11369650
20221103,09:34:33,18114.00,100,11369650
20221103,09:34:34,18112.00,250,11369650
20221103,09:34:35,18114.40,300,11369650
20221103,09:34:36,18112.00,350,11369650
20221103,09:34:37,18114.45,200,11369650
20221103,09:34:38,18112.00,1950,11369650
20221103,09:34:39,18111.45,350,11369650
20221103,09:34:40,18112.65,9200,11369650
20221103,09:34:41,18113.00,50,11369650
20221103,09:34:42,18110.80,150,11369650
20221103,09:34:43,18110.15,3050,11369650
20221103,09:34:44,18111.45,1350,11369650
20221103,09:34:45,18108.90,2250,11369650
20221103,09:34:46,18108.40,2900,11369650
20221103,09:34:47,18108.20,2650,11369650
20221103,09:34:48,18107.10,2250,11369650
20221103,09:34:49,18110.00,3650,11369650
20221103,09:34:50,18108.40,1400,11369650
20221103,09:34:51,18110.60,300,11369650
20221103,09:34:52,18109.25,1050,11369650
20221103,09:34:53,18107.00,300,11369650
20221103,09:34:54,18107.50,350,11369650
20221103,09:34:55,18106.25,1450,11369650
20221103,09:34:56,18107.00,1550,11369650
20221103,09:34:57,18107.30,350,11369650
20221103,09:34:58,18109.30,750,11369650
20221103,09:34:59,18109.50,2350,11369650
20221103,09:35:00,18110.00,450,11369650
20221103,09:35:01,18112.10,300,11369650
20221103,09:35:02,18111.15,2900,11369650
20221103,09:35:03,18113.95,400,11369650
20221103,09:35:04,18113.45,2700,11369650
20221103,09:35:05,18111.85,750,11369650
20221103,09:35:06,18114.30,50,11369650
20221103,09:35:07,18114.70,250,11369650
20221103,09:35:08,18112.55,350,11369650
20221103,09:35:09,18115.00,1200,11369650
20221103,09:35:10,18114.00,750,11369650
20221103,09:35:11,18114.75,200,11369650
20221103,09:35:12,18115.00,700,11369650
20221103,09:35:13,18113.35,300,11369650
20221103,09:35:14,18114.40,50,11369650
20221103,09:35:15,18116.70,3700,11369650
20221103,09:35:16,18116.10,200,11369650
20221103,09:35:17,18117.00,1250,11369650
20221103,09:35:18,18117.00,450,11369650
20221103,09:35:19,18117.25,350,11369650
20221103,09:35:20,18118.00,1750,11369650
20221103,09:35:21,18118.00,350,11369650
20221103,09:35:22,18118.00,550,11369650
20221103,09:35:23,18118.00,800,11369650
20221103,09:35:24,18118.30,400,11369650
20221103,09:35:25,18118.05,100,11369650
20221103,09:35:26,18120.00,1300,11369650
20221103,09:35:27,18118.00,600,11369650
20221103,09:35:28,18120.00,2000,11369650
20221103,09:35:29,18120.60,1600,11369650
20221103,09:35:30,18121.90,400,11369650
20221103,09:35:31,18122.00,850,11369650
20221103,09:35:32,18122.00,1050,11369650
20221103,09:35:33,18120.45,1000,11369650
20221103,09:35:34,18123.95,2150,11369650
20221103,09:35:35,18124.30,1600,11369650
20221103,09:35:36,18124.50,200,11369650
20221103,09:35:37,18124.50,550,11369650
20221103,09:35:38,18124.90,1400,11369650
20221103,09:35:39,18124.95,550,11369650
20221103,09:35:40,18123.95,400,11372300
20221103,09:35:41,18122.40,500,11372300
20221103,09:35:42,18121.35,1000,11372300
20221103,09:35:43,18122.00,250,11372300
20221103,09:35:44,18120.20,550,11372300
20221103,09:35:45,18121.90,250,11372300
20221103,09:35:46,18120.00,350,11372300
20221103,09:35:47,18119.70,600,11372300
20221103,09:35:48,18120.00,650,11372300
20221103,09:35:49,18119.00,350,11372300
20221103,09:35:50,18119.15,200,11372300
20221103,09:35:51,18119.85,450,11372300
20221103,09:35:52,18120.00,700,11372300
20221103,09:35:53,18120.65,300,11372300
20221103,09:35:54,18122.00,250,11372300
20221103,09:35:55,18122.00,400,11372300
20221103,09:35:56,18122.50,400,11372300
20221103,09:35:57,18121.15,800,11372300
20221103,09:35:58,18124.00,900,11372300
20221103,09:35:59,18123.70,650,11372300
20221103,09:36:00,18120.95,1150,11372300
20221103,09:36:01,18123.55,650,11372300
20221103,09:36:02,18123.35,500,11372300
20221103,09:36:03,18122.50,1250,11372300
20221103,09:36:04,18123.25,300,11372300
20221103,09:36:05,18122.50,1200,11372300
20221103,09:36:06,18124.65,1600,11372300
20221103,09:36:07,18122.00,1450,11372300
20221103,09:36:08,18123.25,300,11372300
20221103,09:36:09,18122.00,450,11372300
20221103,09:36:10,18122.75,450,11372300
20221103,09:36:11,18123.70,200,11372300
20221103,09:36:12,18122.00,700,11372300
20221103,09:36:13,18121.20,250,11372300
20221103,09:36:14,18123.25,1000,11372300
20221103,09:36:15,18123.90,350,11372300
20221103,09:36:17,18120.00,1700,11372300
20221103,09:36:18,18120.80,1000,11372300
20221103,09:36:18,18120.00,850,11372300
20221103,09:36:19,18119.00,1150,11372300
20221103,09:36:20,18118.05,600,11372300
20221103,09:36:22,18120.05,750,11372300
20221103,09:36:23,18121.70,200,11372300
20221103,09:36:24,18118.95,150,11372300
20221103,09:36:25,18118.05,1050,11372300
20221103,09:36:27,18119.95,250,11372300
20221103,09:36:28,18118.00,100,11372300
20221103,09:36:29,18115.75,900,11372300
20221103,09:36:30,18117.50,450,11372300
20221103,09:36:31,18114.05,650,11372300
20221103,09:36:32,18113.80,750,11372300
20221103,09:36:33,18113.30,300,11372300
20221103,09:36:34,18115.60,350,11372300
20221103,09:36:35,18113.95,800,11372300
20221103,09:36:37,18114.10,550,11372300
20221103,09:36:38,18115.70,350,11372300
20221103,09:36:38,18115.70,200,11372300
20221103,09:36:39,18117.20,1150,11372300
20221103,09:36:40,18118.50,400,11372300
20221103,09:36:42,18117.25,400,11372300
20221103,09:36:43,18114.85,1150,11372300
20221103,09:36:44,18112.20,1450,11372300
20221103,09:36:45,18115.90,1300,11372300
20221103,09:36:47,18115.70,400,11372300
20221103,09:36:48,18113.15,1000,11372300
20221103,09:36:49,18115.45,350,11372300
20221103,09:36:49,18114.85,50,11372300
20221103,09:36:50,18112.20,700,11372300
20221103,09:36:51,18111.05,350,11372300
20221103,09:36:53,18112.70,600,11372300
20221103,09:36:54,18111.55,350,11372300
20221103,09:36:55,18111.00,550,11372300
20221103,09:36:56,18112.15,800,11372300
20221103,09:36:57,18112.25,650,11372300
20221103,09:36:58,18110.85,800,11372300
20221103,09:36:59,18110.45,450,11372300
20221103,09:37:00,18112.20,1650,11372300
20221103,09:37:01,18110.00,550,11372300
20221103,09:37:02,18108.85,2000,11372300
20221103,09:37:03,18107.80,550,11372300
20221103,09:37:04,18110.00,150,11372300
20221103,09:37:06,18111.95,1350,11372300
20221103,09:37:07,18109.35,200,11372300
20221103,09:37:08,18110.00,300,11372300
20221103,09:37:09,18108.15,250,11372300
20221103,09:37:10,18108.45,500,11372300
20221103,09:37:11,18107.15,250,11372300
20221103,09:37:12,18109.00,1650,11372300
20221103,09:37:13,18105.35,900,11372300
20221103,09:37:14,18105.30,200,11372300
20221103,09:37:15,18105.10,500,11372300
20221103,09:37:16,18106.05,800,11372300
20221103,09:37:17,18107.00,400,11372300
20221103,09:37:18,18107.70,700,11372300
20221103,09:37:19,18108.90,500,11372300
20221103,09:37:20,18110.00,300,11372300
20221103,09:37:21,18108.90,150,11372300
20221103,09:37:22,18107.00,400,11372300
20221103,09:37:23,18110.00,350,11372300
20221103,09:37:24,18111.00,100,11372300
20221103,09:37:25,18111.45,250,11372300
20221103,09:37:25,18110.30,650,11372300
20221103,09:37:26,18111.35,200,11372300
20221103,09:37:27,18112.50,50,11372300
20221103,09:37:28,18110.85,750,11372300
20221103,09:37:29,18110.00,650,11372300
20221103,09:37:30,18110.00,1350,11372300
20221103,09:37:31,18108.85,1200,11372300
20221103,09:37:32,18109.45,450,11372300
20221103,09:37:33,18109.75,250,11372300
20221103,09:37:35,18107.05,300,11372300
20221103,09:37:36,18109.90,400,11372300
20221103,09:37:37,18107.35,500,11372300
20221103,09:37:38,18108.65,150,11372300
20221103,09:37:39,18106.35,2400,11372300
20221103,09:37:40,18107.50,2300,11372300
20221103,09:37:41,18105.00,2450,11372300
20221103,09:37:41,18107.10,150,11372300
20221103,09:37:42,18104.00,2900,11372300
20221103,09:37:43,18106.45,1350,11372300
20221103,09:37:44,18103.10,2050,11372300
20221103,09:37:45,18102.65,2350,11372300
20221103,09:37:46,18105.20,200,11372300
20221103,09:37:47,18106.00,850,11372300
20221103,09:37:48,18106.45,550,11372300
20221103,09:37:49,18107.00,200,11372300
20221103,09:37:50,18106.80,300,11372300
20221103,09:37:51,18106.35,1900,11372300
20221103,09:37:52,18106.35,700,11372300
20221103,09:37:53,18104.55,400,11372300
20221103,09:37:54,18105.40,50,11372300
20221103,09:37:55,18104.65,200,11372300
20221103,09:37:56,18102.55,1150,11372300
20221103,09:37:57,18104.50,750,11372300
20221103,09:37:58,18102.65,250,11372300
20221103,09:37:59,18104.45,200,11372300
20221103,09:38:00,18103.55,200,11372300
20221103,09:38:01,18100.85,1400,11372300
20221103,09:38:02,18100.00,2700,11372300
20221103,09:38:03,18100.55,5050,11372300
20221103,09:38:04,18100.15,1100,11372300
20221103,09:38:05,18101.55,300,11372300
20221103,09:38:06,18101.00,1100,11372300
20221103,09:38:07,18100.85,300,11372300
20221103,09:38:08,18100.00,200,11372300
20221103,09:38:09,18102.10,300,11372300
20221103,09:38:10,18102.30,200,11372300
20221103,09:38:11,18102.25,200,11372300
20221103,09:38:12,18100.00,1100,11372300
20221103,09:38:13,18101.00,250,11372300
20221103,09:38:14,18101.10,700,11372300
20221103,09:38:15,18104.65,250,11372300
20221103,09:38:16,18103.55,350,11372300
20221103,09:38:17,18106.35,200,11372300
20221103,09:38:18,18105.25,250,11372300
20221103,09:38:19,18106.35,200,11372300
20221103,09:38:20,18105.25,250,11372300
20221103,09:38:21,18104.50,900,11372300
20221103,09:38:22,18102.40,150,11372300
20221103,09:38:23,18101.85,350,11372300
20221103,09:38:24,18102.75,150,11372300
20221103,09:38:25,18101.90,150,11372300
20221103,09:38:26,18101.55,200,11372300
20221103,09:38:27,18104.25,550,11372300
20221103,09:38:28,18101.85,300,11372300
20221103,09:38:29,18102.00,300,11372300
20221103,09:38:30,18105.45,700,11372300
20221103,09:38:31,18105.85,200,11372300
20221103,09:38:32,18107.00,200,11372300
20221103,09:38:33,18105.05,200,11372300
20221103,09:38:35,18107.15,900,11372300
20221103,09:38:36,18103.85,200,11372300
20221103,09:38:37,18103.90,200,11374900
20221103,09:38:38,18106.95,100,11374900
20221103,09:38:39,18105.00,200,11374900
20221103,09:38:40,18108.00,150,11374900
20221103,09:38:40,18108.85,100,11374900
20221103,09:38:41,18109.45,1250,11374900
20221103,09:38:42,18109.60,200,11374900
20221103,09:38:43,18108.40,700,11374900
20221103,09:38:44,18108.70,450,11374900
20221103,09:38:45,18108.70,200,11374900
20221103,09:38:46,18107.90,250,11374900
20221103,09:38:47,18107.25,300,11374900
20221103,09:38:48,18108.25,100,11374900
20221103,09:38:49,18108.30,350,11374900
20221103,09:38:50,18105.65,150,11374900
20221103,09:38:51,18108.00,200,11374900
20221103,09:38:52,18107.95,350,11374900
20221103,09:38:53,18106.90,200,11374900
20221103,09:38:54,18107.35,100,11374900
20221103,09:38:55,18107.15,150,11374900
20221103,09:38:56,18107.05,150,11374900
20221103,09:38:57,18106.45,100,11374900
20221103,09:38:58,18104.90,450,11374900
20221103,09:39:00,18108.00,200,11374900
20221103,09:39:01,18109.40,1000,11374900
20221103,09:39:02,18109.25,1750,11374900
20221103,09:39:03,18109.60,1000,11374900
20221103,09:39:04,18110.00,950,11374900
20221103,09:39:05,18109.65,550,11374900
20221103,09:39:06,18110.00,750,11374900
20221103,09:39:07,18108.40,900,11374900
20221103,09:39:07,18107.25,100,11374900
20221103,09:39:08,18108.40,300,11374900
20221103,09:39:09,18110.00,300,11374900
20221103,09:39:10,18109.60,1800,11374900
20221103,09:39:11,18105.45,1500,11374900
20221103,09:39:12,18107.95,200,11374900
20221103,09:39:13,18108.05,550,11374900
20221103,09:39:14,18106.95,350,11374900
20221103,09:39:15,18108.60,400,11374900
20221103,09:39:16,18106.25,200,11374900
20221103,09:39:17,18109.55,100,11374900
20221103,09:39:18,18109.65,350,11374900
20221103,09:39:19,18106.90,400,11374900
20221103,09:39:20,18108.75,350,11374900
20221103,09:39:21,18106.45,50,11374900
20221103,09:39:22,18109.60,250,11374900
20221103,09:39:23,18111.00,1500,11374900
20221103,09:39:24,18109.65,700,11374900
20221103,09:39:25,18111.00,300,11374900
20221103,09:39:26,18108.25,750,11374900
20221103,09:39:27,18109.80,250,11374900
20221103,09:39:28,18108.25,50,11374900
20221103,09:39:29,18107.75,250,11374900
20221103,09:39:30,18106.20,1100,11374900
20221103,09:39:31,18109.40,250,11374900
20221103,09:39:32,18108.15,550,11374900
20221103,09:39:33,18107.15,450,11374900
20221103,09:39:34,18107.35,100,11374900
20221103,09:39:36,18105.55,100,11374900
20221103,09:39:37,18105.55,100,11374900
20221103,09:39:37,18107.20,1900,11374900
20221103,09:39:38,18106.15,300,11374900
20221103,09:39:39,18103.15,350,11374900
20221103,09:39:40,18107.20,300,11374900
20221103,09:39:41,18107.75,100,11374900
20221103,09:39:42,18107.70,150,11374900
20221103,09:39:43,18106.90,200,11374900
20221103,09:39:44,18104.20,200,11374900
20221103,09:39:45,18106.00,100,11374900
20221103,09:39:46,18104.20,300,11374900
20221103,09:39:47,18106.35,250,11374900
20221103,09:39:48,18106.15,150,11374900
20221103,09:39:49,18107.00,150,11374900
20221103,09:39:50,18105.00,1050,11374900
20221103,09:39:51,18104.80,250,11374900
20221103,09:39:52,18107.00,150,11374900
20221103,09:39:53,18107.00,200,11374900
20221103,09:39:54,18107.00,350,11374900
20221103,09:39:56,18104.00,200,11374900
20221103,09:39:57,18104.95,100,11374900
20221103,09:39:58,18104.00,600,11374900
20221103,09:39:59,18104.00,400,11374900
20221103,09:40:01,18104.60,200,11374900
20221103,09:40:03,18103.00,100,11374900
20221103,09:40:03,18103.00,50,11374900
20221103,09:40:04,18103.95,300,11374900
20221103,09:40:05,18102.20,200,11374900
20221103,09:40:06,18104.15,200,11374900
20221103,09:40:07,18102.00,650,11374900
20221103,09:40:08,18102.00,250,11374900
20221103,09:40:09,18101.00,400,11374900
20221103,09:40:10,18101.00,50,11374900
20221103,09:40:11,18101.55,200,11374900
20221103,09:40:13,18103.00,150,11374900
20221103,09:40:14,18102.00,550,11374900
20221103,09:40:15,18102.00,300,11374900
20221103,09:40:16,18101.00,300,11374900
20221103,09:40:18,18101.30,150,11374900
20221103,09:40:19,18102.85,100,11374900
20221103,09:40:20,18102.50,650,11374900
20221103,09:40:21,18100.85,450,11374900
20221103,09:40:22,18100.00,2200,11374900
20221103,09:40:23,18100.25,350,11374900
20221103,09:40:24,18097.75,1300,11374900
20221103,09:40:25,18097.15,50,11374900
20221103,09:40:26,18097.95,200,11374900
20221103,09:40:27,18098.95,150,11374900
20221103,09:40:28,18100.00,250,11374900
20221103,09:40:30,18096.65,5650,11374900
20221103,09:40:31,18097.05,500,11374900
20221103,09:40:33,18098.10,200,11374900
20221103,09:40:34,18096.00,550,11374900
20221103,09:40:35,18098.45,150,11374900
20221103,09:40:36,18099.75,350,11374900
20221103,09:40:37,18098.85,400,11374900
20221103,09:40:38,18098.45,700,11374900
20221103,09:40:39,18100.00,600,11374900
20221103,09:40:40,18101.75,200,11374900
20221103,09:40:42,18102.10,550,11374900
20221103,09:40:43,18099.55,200,11374900
20221103,09:40:44,18100.00,2200,11374900
20221103,09:40:45,18100.10,250,11374900
20221103,09:40:46,18099.35,150,11374900
20221103,09:40:48,18098.15,300,11374900
20221103,09:40:49,18098.15,200,11374900
20221103,09:40:50,18097.00,2550,11374900
20221103,09:40:51,18098.15,150,11374900
20221103,09:40:51,18099.10,50,11374900
20221103,09:40:53,18100.75,750,11374900
20221103,09:40:54,18100.95,750,11374900
20221103,09:40:55,18098.15,1650,11374900
20221103,09:40:56,18099.95,50,11374900
20221103,09:40:57,18097.60,2250,11374900
20221103,09:40:58,18097.00,50,11374900
20221103,09:40:59,18100.00,1000,11374900
20221103,09:41:00,18097.95,550,11374900
20221103,09:41:01,18098.25,900,11374900
20221103,09:41:02,18101.70,650,11374900
20221103,09:41:03,18102.85,500,11374900
20221103,09:41:05,18098.80,250,11374900
20221103,09:41:06,18101.00,200,11374900
20221103,09:41:07,18101.70,1000,11374900
20221103,09:41:08,18101.10,1100,11374900
20221103,09:41:09,18103.60,850,11374900
20221103,09:41:11,18103.60,150,11374900
20221103,09:41:12,18104.00,450,11374900
20221103,09:41:13,18101.00,300,11374900
20221103,09:41:14,18102.85,200,11374900
20221103,09:41:14,18101.00,50,11374900
20221103,09:41:16,18099.80,450,11374900
20221103,09:41:17,18099.05,700,11374900
20221103,09:41:18,18101.70,150,11374900
20221103,09:41:19,18101.65,400,11374900
20221103,09:41:20,18101.85,200,11374900
20221103,09:41:22,18101.85,250,11374900
20221103,09:41:23,18100.25,50,11374900
20221103,09:41:24,18102.10,150,11374900
20221103,09:41:28,18100.00,100,11374900
20221103,09:41:29,18101.20,100,11374900
20221103,09:41:30,18101.25,50,11374900
20221103,09:41:31,18102.00,1250,11374900
20221103,09:41:32,18102.85,150,11374900
20221103,09:41:34,18104.00,1200,11374900
20221103,09:41:36,18101.50,300,11374900
20221103,09:41:37,18104.60,700,11388700
20221103,09:41:37,18104.50,50,11388700
20221103,09:41:39,18101.25,300,11388700
20221103,09:41:40,18100.60,2150,11388700
20221103,09:41:41,18102.95,100,11388700
20221103,09:41:42,18103.75,150,11388700
20221103,09:41:43,18100.05,150,11388700
20221103,09:41:45,18102.45,150,11388700
20221103,09:41:46,18100.45,400,11388700
20221103,09:41:47,18102.85,150,11388700
20221103,09:41:48,18103.15,200,11388700
20221103,09:41:49,18103.50,300,11388700
20221103,09:41:51,18104.00,50,11388700
20221103,09:41:52,18103.90,150,11388700
20221103,09:41:53,18104.20,100,11388700
20221103,09:41:54,18104.50,100,11388700
20221103,09:41:55,18104.25,300,11388700
20221103,09:41:56,18104.35,200,11388700
20221103,09:41:56,18104.00,150,11388700
20221103,09:41:58,18102.60,200,11388700
20221103,09:41:58,18103.45,250,11388700
20221103,09:41:59,18104.00,200,11388700
20221103,09:42:00,18103.40,150,11388700
20221103,09:42:01,18104.25,300,11388700
20221103,09:42:02,18103.40,500,11388700
20221103,09:42:04,18104.75,450,11388700
20221103,09:42:05,18104.25,50,11388700
20221103,09:42:06,18102.85,50,11388700
20221103,09:42:07,18107.00,2000,11388700
20221103,09:42:08,18105.70,150,11388700
20221103,09:42:09,18103.50,200,11388700
20221103,09:42:11,18103.40,250,11388700
20221103,09:42:13,18104.25,150,11388700
20221103,09:42:15,18102.00,800,11388700
20221103,09:42:16,18103.15,2400,11388700
20221103,09:42:17,18100.30,200,11388700
20221103,09:42:19,18102.30,100,11388700
20221103,09:42:20,18102.25,200,11388700
20221103,09:42:22,18102.65,750,11388700
20221103,09:42:23,18102.20,50,11388700
20221103,09:42:25,18102.90,50,11388700
20221103,09:42:26,18103.20,50,11388700
20221103,09:42:27,18102.65,150,11388700
20221103,09:42:28,18103.35,250,11388700
20221103,09:42:29,18102.05,200,11388700
20221103,09:42:30,18101.00,800,11388700
20221103,09:42:31,18102.05,100,11388700
20221103,09:42:32,18100.30,50,11388700
20221103,09:42:33,18100.00,250,11388700
20221103,09:42:34,18100.90,200,11388700
20221103,09:42:35,18100.00,550,11388700
20221103,09:42:36,18100.00,200,11388700
20221103,09:42:37,18100.00,150,11388700
20221103,09:42:38,18100.80,200,11388700
20221103,09:42:40,18100.00,250,11388700
20221103,09:42:41,18100.00,1300,11388700
20221103,09:42:42,18100.00,700,11388700
20221103,09:42:43,18100.00,250,11388700
20221103,09:42:44,18100.00,100,11388700
20221103,09:42:45,18100.80,1000,11388700
20221103,09:42:46,18100.00,50,11388700
20221103,09:42:47,18102.05,2150,11388700
20221103,09:42:48,18100.00,150,11388700
20221103,09:42:49,18098.15,150,11388700
20221103,09:42:50,18099.55,50,11388700
20221103,09:42:51,18098.35,650,11388700
20221103,09:42:54,18099.80,100,11388700
20221103,09:42:55,18098.30,150,11388700
20221103,09:42:56,18098.40,50,11388700
20221103,09:42:58,18100.00,150,11388700
20221103,09:42:59,18099.15,100,11388700
20221103,09:43:00,18098.35,250,11388700
20221103,09:43:02,18100.00,900,11388700
20221103,09:43:03,18098.15,150,11388700
20221103,09:43:04,18098.00,100,11388700
20221103,09:43:06,18098.30,200,11388700
20221103,09:43:07,18098.00,150,11388700
20221103,09:43:08,18101.05,1600,11388700
20221103,09:43:09,18098.25,50,11388700
20221103,09:43:10,18103.00,1550,11388700
20221103,09:43:11,18101.95,200,11388700
20221103,09:43:12,18103.00,200,11388700
20221103,09:43:13,18102.35,100,11388700
20221103,09:43:14,18104.00,250,11388700
20221103,09:43:15,18104.00,150,11388700
20221103,09:43:16,18102.70,150,11388700
20221103,09:43:17,18102.70,150,11388700
20221103,09:43:18,18103.45,150,11388700
20221103,09:43:19,18104.35,100,11388700
20221103,09:43:20,18106.25,1750,11388700
20221103,09:43:21,18105.20,150,11388700
20221103,09:43:23,18106.30,200,11388700
20221103,09:43:24,18106.35,100,11388700
20221103,09:43:25,18106.40,50,11388700
20221103,09:43:26,18107.70,300,11388700
20221103,09:43:27,18107.70,250,11388700
20221103,09:43:28,18108.00,250,11388700
20221103,09:43:29,18107.00,650,11388700
20221103,09:43:30,18107.00,50,11388700
20221103,09:43:31,18108.00,700,11388700
20221103,09:43:33,18107.90,300,11388700
20221103,09:43:34,18107.00,150,11388700
20221103,09:43:36,18105.05,500,11388700
20221103,09:43:37,18106.25,100,11388700
20221103,09:43:38,18105.05,100,11388700
20221103,09:43:39,18106.65,500,11388700
20221103,09:43:41,18105.00,300,11388700
20221103,09:43:43,18105.90,100,11388700
20221103,09:43:44,18103.25,250,11388700
20221103,09:43:46,18103.00,50,11388700
20221103,09:43:47,18103.90,300,11388700
20221103,09:43:48,18104.10,150,11388700
20221103,09:43:49,18105.00,50,11388700
20221103,09:43:50,18105.90,150,11388700
20221103,09:43:51,18103.20,350,11388700
20221103,09:43:54,18103.95,250,11388700
20221103,09:43:55,18104.05,100,11388700
20221103,09:43:56,18104.40,200,11388700
20221103,09:43:58,18102.10,250,11388700
20221103,09:43:59,18102.90,50,11388700
20221103,09:44:00,18103.00,200,11388700
20221103,09:44:01,18101.90,150,11388700
20221103,09:44:02,18103.70,100,11388700
20221103,09:44:03,18101.75,50,11388700
20221103,09:44:04,18102.30,250,11388700
20221103,09:44:05,18101.10,50,11388700
20221103,09:44:11,18102.00,1950,11388700
20221103,09:44:12,18101.20,400,11388700
20221103,09:44:13,18101.80,300,11388700
20221103,09:44:14,18101.10,150,11388700
20221103,09:44:15,18101.00,200,11388700
20221103,09:44:16,18101.75,50,11388700
20221103,09:44:17,18100.00,100,11388700
20221103,09:44:18,18101.40,650,11388700
20221103,09:44:19,18101.20,50,11388700
20221103,09:44:21,18101.00,800,11388700
20221103,09:44:22,18101.00,150,11388700
20221103,09:44:23,18102.00,50,11388700
20221103,09:44:25,18102.10,100,11388700
20221103,09:44:26,18102.60,100,11388700
20221103,09:44:27,18100.05,100,11388700
20221103,09:44:28,18100.10,250,11388700
20221103,09:44:29,18100.05,100,11388700
20221103,09:44:30,18101.20,150,11388700
20221103,09:44:31,18103.65,50,11388700
20221103,09:44:32,18103.60,100,11388700
20221103,09:44:33,18103.30,50,11388700
20221103,09:44:34,18104.40,250,11388700
20221103,09:44:35,18105.00,200,11388700
20221103,09:44:36,18105.90,700,11388700
20221103,09:44:37,18106.95,50,11388700
20221103,09:44:38,18108.00,300,11406000
20221103,09:44:39,18108.00,100,11406000
20221103,09:44:40,18110.10,4700,11406000
20221103,09:44:41,18111.35,250,11406000
20221103,09:44:42,18110.65,100,11406000
20221103,09:44:43,18113.00,750,11406000
20221103,09:44:44,18114.95,300,11406000
20221103,09:44:45,18114.95,150,11406000
20221103,09:44:46,18115.55,1300,11406000
20221103,09:44:47,18113.60,100,11406000
20221103,09:44:48,18114.95,400,11406000
20221103,09:44:50,18116.05,150,11406000
20221103,09:44:50,18116.30,50,11406000
20221103,09:44:52,18116.15,200,11406000
20221103,09:44:53,18115.80,900,11406000
20221103,09:44:54,18115.00,50,11406000
20221103,09:44:55,18115.20,150,11406000
20221103,09:44:56,18113.85,150,11406000
20221103,09:44:58,18115.05,200,11406000
20221103,09:44:59,18113.10,200,11406000
20221103,09:45:00,18113.10,200,11406000
20221103,09:45:01,18114.50,500,11406000
20221103,09:45:02,18114.00,200,11406000
20221103,09:45:03,18117.00,1250,11406000
20221103,09:45:04,18115.80,450,11406000
20221103,09:45:05,18118.30,1350,11406000
20221103,09:45:06,18120.55,4800,11406000
20221103,09:45:07,18121.70,550,11406000
20221103,09:45:08,18120.65,350,11406000
20221103,09:45:09,18120.45,750,11406000
20221103,09:45:10,18119.55,400,11406000
20221103,09:45:10,18121.00,100,11406000
20221103,09:45:11,18120.70,250,11406000
20221103,09:45:12,18124.95,2400,11406000
20221103,09:45:13,18123.40,1100,11406000
20221103,09:45:15,18125.00,2500,11406000
20221103,09:45:15,18125.00,650,11406000
20221103,09:45:17,18132.70,56050,11406000
20221103,09:45:18,18127.85,1100,11406000
20221103,09:45:19,18128.60,400,11406000
20221103,09:45:20,18126.60,350,11406000
20221103,09:45:21,18127.10,750,11406000
20221103,09:45:22,18128.35,100,11406000
20221103,09:45:23,18130.00,3550,11406000
20221103,09:45:24,18129.10,750,11406000
20221103,09:45:25,18129.35,2750,11406000
20221103,09:45:26,18127.15,1350,11406000
20221103,09:45:27,18130.00,2600,11406000
20221103,09:45:28,18125.90,1300,11406000
20221103,09:45:29,18128.65,200,11406000
20221103,09:45:30,18127.85,400,11406000
20221103,09:45:31,18131.15,1350,11406000
20221103,09:45:32,18130.00,1200,11406000
20221103,09:45:33,18130.25,2000,11406000
20221103,09:45:34,18127.35,200,11406000
20221103,09:45:35,18128.95,250,11406000
20221103,09:45:36,18129.00,1900,11406000
20221103,09:45:37,18127.00,150,11406000
20221103,09:45:38,18127.65,100,11406000
20221103,09:45:39,18129.55,600,11406000
20221103,09:45:40,18129.85,250,11406000
20221103,09:45:41,18130.00,1200,11406000
20221103,09:45:42,18129.85,500,11406000
20221103,09:45:43,18127.35,850,11406000
20221103,09:45:44,18128.15,300,11406000
20221103,09:45:45,18129.15,1100,11406000
20221103,09:45:46,18129.40,750,11406000
20221103,09:45:47,18127.00,200,11406000
20221103,09:45:48,18128.00,450,11406000
20221103,09:45:49,18125.00,150,11406000
20221103,09:45:51,18126.55,50,11406000
20221103,09:45:52,18125.00,350,11406000
20221103,09:45:53,18125.00,150,11406000
20221103,09:45:54,18125.15,250,11406000
20221103,09:45:55,18125.15,1350,11406000
20221103,09:45:56,18127.00,50,11406000
20221103,09:45:57,18126.55,850,11406000
20221103,09:45:58,18125.65,450,11406000
20221103,09:45:59,18125.00,350,11406000
20221103,09:46:00,18126.00,300,11406000
20221103,09:46:01,18127.90,500,11406000
20221103,09:46:02,18125.00,1150,11406000
20221103,09:46:03,18128.55,450,11406000
20221103,09:46:04,18125.65,300,11406000
20221103,09:46:05,18127.45,150,11406000
20221103,09:46:06,18128.90,100,11406000
20221103,09:46:07,18125.90,600,11406000
20221103,09:46:08,18126.15,400,11406000
20221103,09:46:09,18126.40,100,11406000
20221103,09:46:10,18126.70,200,11406000
20221103,09:46:12,18127.10,500,11406000
20221103,09:46:12,18125.00,50,11406000
20221103,09:46:13,18127.25,50,11406000
20221103,09:46:14,18125.60,600,11406000
20221103,09:46:15,18125.40,250,11406000
20221103,09:46:16,18125.00,200,11406000
20221103,09:46:17,18125.40,1600,11406000
20221103,09:46:18,18125.40,2300,11406000
20221103,09:46:19,18125.30,50,11406000
20221103,09:46:20,18124.50,300,11406000
20221103,09:46:21,18126.65,200,11406000
20221103,09:46:22,18126.65,450,11406000
20221103,09:46:24,18124.00,500,11406000
20221103,09:46:25,18125.00,200,11406000
20221103,09:46:26,18124.65,100,11406000
20221103,09:46:27,18123.85,50,11406000
20221103,09:46:28,18122.10,100,11406000
20221103,09:46:30,18124.35,100,11406000
20221103,09:46:30,18123.65,50,11406000
20221103,09:46:31,18124.80,100,11406000
20221103,09:46:32,18123.85,50,11406000
20221103,09:46:33,18121.70,400,11406000
20221103,09:46:34,18123.55,900,11406000
20221103,09:46:35,18120.35,1200,11406000
20221103,09:46:36,18122.10,300,11406000
20221103,09:46:37,18123.65,700,11406000
20221103,09:46:38,18122.60,700,11406000
20221103,09:46:39,18122.70,1100,11406000
20221103,09:46:40,18125.00,1100,11406000
20221103,09:46:41,18124.95,400,11406000
20221103,09:46:42,18122.30,400,11406000
20221103,09:46:43,18120.80,300,11406000
20221103,09:46:46,18122.00,100,11406000
20221103,09:46:47,18121.35,50,11406000
20221103,09:46:48,18121.35,50,11406000
20221103,09:46:49,18121.35,50,11406000
20221103,09:46:49,18121.30,50,11406000
20221103,09:46:50,18122.85,700,11406000
20221103,09:46:53,18121.40,50,11406000
20221103,09:46:54,18121.00,300,11406000
20221103,09:46:55,18120.95,300,11406000
20221103,09:46:55,18119.95,700,11406000
20221103,09:46:56,18121.00,100,11406000
20221103,09:46:57,18121.00,650,11406000
20221103,09:46:59,18120.10,150,11406000
20221103,09:47:00,18118.75,200,11406000
20221103,09:47:01,18121.40,400,11406000
20221103,09:47:02,18119.75,300,11406000
20221103,09:47:03,18122.00,250,11406000
20221103,09:47:04,18119.55,250,11406000
20221103,09:47:05,18120.15,200,11406000
20221103,09:47:06,18120.35,150,11406000
20221103,09:47:09,18119.70,2250,11406000
20221103,09:47:10,18119.55,150,11406000
20221103,09:47:10,18121.00,150,11406000
20221103,09:47:11,18118.00,50,11406000
20221103,09:47:12,18116.80,150,11406000
20221103,09:47:14,18118.90,300,11406000
20221103,09:47:15,18116.30,300,11406000
20221103,09:47:16,18117.10,250,11406000
20221103,09:47:17,18118.00,200,11406000
20221103,09:47:18,18116.70,500,11406000
20221103,09:47:19,18116.35,800,11406000
20221103,09:47:22,18115.00,50,11406000
20221103,09:47:22,18114.30,50,11406000
20221103,09:47:23,18115.00,50,11406000
20221103,09:47:24,18115.00,450,11406000
20221103,09:47:26,18115.00,200,11406000
20221103,09:47:27,18115.00,1100,11406000
20221103,09:47:28,18115.00,1700,11406000
20221103,09:47:30,18116.45,100,11406000
20221103,09:47:31,18115.20,300,11406000
20221103,09:47:32,18115.20,100,11406000
20221103,09:47:33,18113.30,350,11406000
20221103,09:47:34,18116.15,100,11406000
20221103,09:47:35,18113.90,200,11406000
20221103,09:47:36,18115.00,100,11406000
20221103,09:47:37,18112.10,250,11406000
20221103,09:47:38,18112.10,250,11458750
20221103,09:47:39,18112.55,1150,11458750
20221103,09:47:41,18112.30,2650,11458750
20221103,09:47:42,18112.10,250,11458750
20221103,09:47:43,18113.00,150,11458750
20221103,09:47:44,18112.05,250,11458750
20221103,09:47:45,18113.00,50,11458750
20221103,09:47:46,18111.10,450,11458750
20221103,09:47:47,18110.45,1500,11458750
20221103,09:47:48,18111.00,200,11458750
20221103,09:47:50,18114.00,100,11458750
20221103,09:47:51,18115.00,50,11458750
20221103,09:47:52,18113.65,350,11458750
20221103,09:47:53,18111.40,200,11458750
20221103,09:47:55,18111.95,150,11458750
20221103,09:47:56,18109.15,600,11458750
20221103,09:47:57,18111.40,100,11458750
20221103,09:47:58,18111.00,400,11458750
20221103,09:47:59,18112.15,50,11458750
20221103,09:48:00,18110.10,250,11458750
20221103,09:48:02,18110.00,100,11458750
20221103,09:48:03,18110.00,50,11458750
20221103,09:48:04,18109.80,100,11458750
20221103,09:48:05,18110.00,150,11458750
20221103,09:48:06,18110.00,200,11458750
20221103,09:48:08,18109.75,300,11458750
20221103,09:48:10,18111.00,450,11458750
20221103,09:48:11,18111.10,750,11458750
20221103,09:48:12,18111.90,550,11458750
20221103,09:48:13,18111.05,600,11458750
20221103,09:48:14,18111.20,250,11458750
20221103,09:48:15,18113.00,100,11458750
20221103,09:48:16,18111.15,150,11458750
20221103,09:48:17,18111.05,50,11458750
20221103,09:48:18,18109.75,2600,11458750
20221103,09:48:19,18110.85,200,11458750
20221103,09:48:20,18111.00,100,11458750
20221103,09:48:21,18112.30,150,11458750
20221103,09:48:22,18110.90,200,11458750
20221103,09:48:23,18110.75,50,11458750
20221103,09:48:25,18109.90,200,11458750
20221103,09:48:26,18110.00,500,11458750
20221103,09:48:27,18110.55,50,11458750
20221103,09:48:28,18110.00,50,11458750
20221103,09:48:29,18108.10,100,11458750
20221103,09:48:30,18110.00,50,11458750
20221103,09:48:31,18110.20,600,11458750
20221103,09:48:32,18109.30,500,11458750
20221103,09:48:33,18108.55,50,11458750
20221103,09:48:34,18108.60,100,11458750
20221103,09:48:35,18110.10,100,11458750
20221103,09:48:36,18109.55,250,11458750
20221103,09:48:37,18109.55,150,11458750
20221103,09:48:38,18109.75,150,11458750
20221103,09:48:40,18111.95,50,11458750
20221103,09:48:41,18109.75,50,11458750
20221103,09:48:42,18110.00,1200,11458750
20221103,09:48:45,18111.80,1150,11458750
20221103,09:48:47,18110.00,50,11458750
20221103,09:48:48,18112.95,800,11458750
20221103,09:48:48,18110.40,50,11458750
20221103,09:48:51,18110.00,50,11458750
20221103,09:48:51,18110.05,50,11458750
20221103,09:48:52,18109.10,100,11458750
20221103,09:48:53,18110.00,50,11458750
20221103,09:48:55,18109.35,100,11458750
20221103,09:48:56,18108.00,950,11458750
20221103,09:48:58,18109.15,400,11458750
20221103,09:48:58,18108.00,50,11458750
20221103,09:48:59,18109.75,250,11458750
20221103,09:49:00,18108.00,200,11458750
20221103,09:49:02,18108.00,1200,11458750
20221103,09:49:03,18109.15,950,11458750
20221103,09:49:04,18109.25,200,11458750
20221103,09:49:05,18109.55,150,11458750
20221103,09:49:06,18110.00,50,11458750
20221103,09:49:08,18109.00,200,11458750
20221103,09:49:10,18108.00,300,11458750
20221103,09:49:11,18109.30,200,11458750
20221103,09:49:12,18108.20,200,11458750
20221103,09:49:14,18108.20,200,11458750
20221103,09:49:17,18108.20,350,11458750
20221103,09:49:19,18109.00,100,11458750
20221103,09:49:20,18110.00,150,11458750
20221103,09:49:20,18109.25,50,11458750
20221103,09:49:21,18108.20,150,11458750
20221103,09:49:23,18108.20,150,11458750
20221103,09:49:24,18108.20,50,11458750
20221103,09:49:25,18108.20,50,11458750
20221103,09:49:27,18108.10,350,11458750
20221103,09:49:28,18108.10,100,11458750
20221103,09:49:29,18108.20,950,11458750
20221103,09:49:31,18109.40,200,11458750
20221103,09:49:33,18109.90,300,11458750
20221103,09:49:34,18109.00,100,11458750
20221103,09:49:35,18109.60,100,11458750
20221103,09:49:36,18109.00,150,11458750
20221103,09:49:38,18109.95,50,11458750
20221103,09:49:39,18109.00,150,11458750
20221103,09:49:41,18109.00,200,11458750
20221103,09:49:42,18108.10,200,11458750
20221103,09:49:43,18107.00,100,11458750
20221103,09:49:44,18107.00,50,11458750
20221103,09:49:45,18108.70,250,11458750
20221103,09:49:46,18107.50,50,11458750
20221103,09:49:48,18107.00,100,11458750
20221103,09:49:51,18108.00,300,11458750
20221103,09:49:52,18108.25,100,11458750
20221103,09:49:53,18109.00,100,11458750
20221103,09:49:54,18109.95,300,11458750
20221103,09:49:56,18108.00,200,11458750
20221103,09:49:57,18108.00,50,11458750
20221103,09:49:58,18108.00,200,11458750
20221103,09:49:59,18108.50,250,11458750
20221103,09:50:00,18109.25,450,11458750
20221103,09:50:01,18109.50,600,11458750
20221103,09:50:03,18110.00,350,11458750
20221103,09:50:04,18107.55,400,11458750
20221103,09:50:05,18107.55,700,11458750
20221103,09:50:06,18110.05,250,11458750
20221103,09:50:07,18108.00,300,11458750
20221103,09:50:08,18108.50,50,11458750
20221103,09:50:11,18108.00,50,11458750
20221103,09:50:12,18109.00,200,11458750
20221103,09:50:13,18109.45,50,11458750
20221103,09:50:14,18110.40,250,11458750
20221103,09:50:15,18109.65,200,11458750
20221103,09:50:17,18110.95,100,11458750
20221103,09:50:18,18110.15,50,11458750
20221103,09:50:20,18109.95,450,11458750
20221103,09:50:23,18109.90,300,11458750
20221103,09:50:23,18109.80,250,11458750
20221103,09:50:24,18111.00,2050,11458750
20221103,09:50:26,18108.85,750,11458750
20221103,09:50:27,18110.00,150,11458750
20221103,09:50:28,18108.80,50,11458750
20221103,09:50:29,18109.90,50,11458750
20221103,09:50:30,18110.95,50,11458750
20221103,09:50:32,18109.75,200,11458750
20221103,09:50:33,18112.00,1900,11458750
20221103,09:50:34,18113.00,50,11458750
20221103,09:50:36,18111.35,250,11458750
20221103,09:50:37,18113.80,100,11458750
20221103,09:50:38,18112.40,50,11458750
20221103,09:50:39,18112.15,50,11462500
20221103,09:50:41,18110.55,50,11462500
20221103,09:50:42,18113.35,100,11462500
20221103,09:50:44,18112.95,100,11462500
20221103,09:50:45,18110.00,1550,11462500
20221103,09:50:46,18110.35,250,11462500
20221103,09:50:47,18109.85,100,11462500
20221103,09:50:48,18109.65,50,11462500
20221103,09:50:50,18110.55,750,11462500
20221103,09:50:52,18110.10,650,11462500
20221103,09:50:53,18111.20,400,11462500
20221103,09:50:54,18111.65,150,11462500
20221103,09:50:55,18109.85,500,11462500
20221103,09:50:56,18110.80,100,11462500
20221103,09:50:57,18110.40,50,11462500
20221103,09:50:58,18110.25,100,11462500
20221103,09:50:59,18112.00,300,11462500
20221103,09:51:00,18113.00,250,11462500
20221103,09:51:01,18114.00,200,11462500
20221103,09:51:03,18115.00,150,11462500
20221103,09:51:04,18115.85,1050,11462500
20221103,09:51:05,18116.20,50,11462500
20221103,09:51:07,18115.75,200,11462500
20221103,09:51:08,18114.60,50,11462500
20221103,09:51:09,18114.40,150,11462500
20221103,09:51:10,18113.65,100,11462500
20221103,09:51:11,18113.65,100,11462500
20221103,09:51:12,18114.30,100,11462500
20221103,09:51:13,18115.00,150,11462500
20221103,09:51:14,18113.75,50,11462500
20221103,09:51:15,18115.00,100,11462500
20221103,09:51:16,18114.45,50,11462500
20221103,09:51:19,18113.85,50,11462500
20221103,09:51:21,18114.75,50,11462500
20221103,09:51:22,18114.40,150,11462500
20221103,09:51:23,18115.20,100,11462500
20221103,09:51:25,18115.10,300,11462500
20221103,09:51:26,18115.80,150,11462500
20221103,09:51:27,18116.60,200,11462500
20221103,09:51:28,18117.00,200,11462500
20221103,09:51:29,18116.70,200,11462500
20221103,09:51:30,18117.80,300,11462500
20221103,09:51:31,18118.55,550,11462500
20221103,09:51:32,18118.75,150,11462500
20221103,09:51:33,18119.25,1150,11462500
20221103,09:51:35,18119.00,50,11462500
20221103,09:51:36,18120.00,300,11462500
20221103,09:51:37,18118.55,150,11462500
20221103,09:51:38,18118.55,250,11462500
20221103,09:51:39,18118.05,150,11462500
20221103,09:51:41,18119.00,200,11462500
20221103,09:51:43,18118.30,50,11462500
20221103,09:51:45,18118.00,50,11462500
20221103,09:51:46,18119.00,2000,11462500
20221103,09:51:47,18117.00,1200,11462500
20221103,09:51:48,18117.00,250,11462500
20221103,09:51:50,18117.85,400,11462500
20221103,09:51:51,18117.25,250,11462500
20221103,09:51:52,18117.70,100,11462500
20221103,09:51:53,18118.60,50,11462500
20221103,09:51:54,18115.70,300,11462500
20221103,09:51:55,18115.60,50,11462500
20221103,09:51:56,18117.10,150,11462500
20221103,09:51:57,18116.10,50,11462500
20221103,09:51:58,18115.55,100,11462500
20221103,09:51:59,18116.95,50,11462500
20221103,09:52:00,18118.00,50,11462500
20221103,09:52:01,18118.95,100,11462500
20221103,09:52:02,18119.95,100,11462500
20221103,09:52:03,18120.00,100,11462500
20221103,09:52:04,18120.00,750,11462500
20221103,09:52:05,18119.55,100,11462500
20221103,09:52:06,18120.00,100,11462500
20221103,09:52:07,18119.25,50,11462500
20221103,09:52:07,18118.75,100,11462500
20221103,09:52:09,18118.05,250,11462500
20221103,09:52:10,18118.15,200,11462500
20221103,09:52:11,18120.35,1300,11462500
20221103,09:52:12,18120.30,50,11462500
20221103,09:52:14,18119.30,350,11462500
20221103,09:52:15,18119.90,150,11462500
20221103,09:52:16,18120.15,400,11462500
20221103,09:52:17,18119.25,200,11462500
20221103,09:52:18,18119.60,100,11462500
20221103,09:52:18,18119.00,50,11462500
20221103,09:52:20,18119.90,100,11462500
20221103,09:52:20,18120.00,50,11462500
20221103,09:52:22,18119.25,150,11462500
20221103,09:52:23,18119.95,100,11462500
20221103,09:52:24,18120.35,200,11462500
20221103,09:52:25,18121.00,100,11462500
20221103,09:52:26,18122.00,200,11462500
20221103,09:52:27,18122.00,100,11462500
20221103,09:52:28,18122.10,150,11462500
20221103,09:52:29,18123.85,350,11462500
20221103,09:52:30,18122.35,150,11462500
20221103,09:52:31,18122.55,250,11462500
20221103,09:52:33,18123.50,100,11462500
20221103,09:52:34,18123.00,1950,11462500
20221103,09:52:35,18122.35,550,11462500
20221103,09:52:36,18120.30,350,11462500
20221103,09:52:36,18120.00,250,11462500
20221103,09:52:38,18123.40,1050,11462500
20221103,09:52:39,18120.05,150,11462500
20221103,09:52:40,18119.90,400,11462500
20221103,09:52:41,18120.10,350,11462500
20221103,09:52:42,18121.25,1300,11462500
20221103,09:52:43,18118.75,100,11462500
20221103,09:52:44,18119.90,500,11462500
20221103,09:52:45,18118.10,550,11462500
20221103,09:52:46,18118.45,250,11462500
20221103,09:52:47,18119.70,50,11462500
20221103,09:52:49,18120.00,850,11462500
20221103,09:52:50,18121.50,150,11462500
20221103,09:52:50,18121.50,250,11462500
20221103,09:52:51,18120.35,50,11462500
20221103,09:52:52,18122.25,1200,11462500
20221103,09:52:54,18119.65,1050,11462500
20221103,09:52:55,18119.95,250,11462500
20221103,09:52:55,18121.40,400,11462500
20221103,09:52:56,18121.10,50,11462500
20221103,09:52:57,18121.80,200,11462500
20221103,09:52:58,18123.00,50,11462500
20221103,09:52:59,18122.70,550,11462500
20221103,09:53:00,18122.55,100,11462500
20221103,09:53:02,18123.00,50,11462500
20221103,09:53:03,18124.10,1500,11462500
20221103,09:53:04,18123.90,500,11462500
20221103,09:53:05,18122.55,200,11462500
20221103,09:53:06,18122.10,100,11462500
20221103,09:53:07,18120.75,50,11462500
20221103,09:53:08,18120.65,50,11462500
20221103,09:53:09,18120.80,200,11462500
20221103,09:53:10,18120.85,1050,11462500
20221103,09:53:11,18122.40,100,11462500
20221103,09:53:14,18121.55,350,11462500
20221103,09:53:15,18121.55,50,11462500
20221103,09:53:16,18121.95,250,11462500
20221103,09:53:17,18121.75,50,11462500
20221103,09:53:18,18124.00,500,11462500
20221103,09:53:19,18123.50,1100,11462500
20221103,09:53:20,18120.90,50,11462500
20221103,09:53:22,18120.00,250,11462500
20221103,09:53:24,18121.25,100,11462500
20221103,09:53:25,18122.00,150,11462500
20221103,09:53:26,18123.90,150,11462500
20221103,09:53:27,18123.65,1200,11462500
20221103,09:53:28,18121.90,50,11462500
20221103,09:53:28,18120.75,100,11462500
20221103,09:53:30,18119.80,250,11462500
20221103,09:53:31,18120.85,500,11462500
20221103,09:53:33,18120.90,150,11462500
20221103,09:53:34,18121.10,100,11462500
20221103,09:53:35,18124.40,1100,11462500
20221103,09:53:36,18122.70,200,11462500
20221103,09:53:37,18121.95,550,11462500
20221103,09:53:40,18123.25,100,11476150
20221103,09:53:41,18123.20,1200,11476150
20221103,09:53:42,18120.40,100,11476150
20221103,09:53:44,18120.15,200,11476150
20221103,09:53:45,18120.50,250,11476150
20221103,09:53:47,18120.00,250,11476150
20221103,09:53:48,18120.70,150,11476150
20221103,09:53:49,18120.00,50,11476150
20221103,09:53:50,18122.05,1250,11476150
20221103,09:53:51,18120.35,50,11476150
20221103,09:53:52,18119.80,350,11476150
20221103,09:53:53,18121.40,600,11476150
20221103,09:53:56,18122.40,1200,11476150
20221103,09:53:58,18122.05,150,11476150
20221103,09:53:59,18121.20,100,11476150
20221103,09:54:00,18121.75,300,11476150
20221103,09:54:01,18120.65,350,11476150
20221103,09:54:02,18122.25,200,11476150
20221103,09:54:03,18125.00,1950,11476150
20221103,09:54:04,18124.30,400,11476150
20221103,09:54:06,18124.40,300,11476150
20221103,09:54:07,18124.35,150,11476150
20221103,09:54:08,18124.35,500,11476150
20221103,09:54:09,18124.90,200,11476150
20221103,09:54:10,18124.35,500,11476150
20221103,09:54:11,18125.00,150,11476150
20221103,09:54:12,18124.00,500,11476150
20221103,09:54:13,18123.30,1950,11476150
20221103,09:54:14,18124.35,900,11476150
20221103,09:54:15,18124.40,300,11476150
20221103,09:54:16,18125.40,250,11476150
20221103,09:54:17,18125.40,450,11476150
20221103,09:54:18,18124.40,300,11476150
20221103,09:54:20,18123.95,350,11476150
20221103,09:54:21,18125.90,200,11476150
20221103,09:54:22,18125.00,100,11476150
20221103,09:54:24,18124.20,50,11476150
20221103,09:54:25,18124.95,150,11476150
20221103,09:54:26,18124.95,50,11476150
20221103,09:54:27,18126.10,700,11476150
20221103,09:54:28,18128.00,1500,11476150
20221103,09:54:29,18128.00,250,11476150
20221103,09:54:30,18128.75,600,11476150
20221103,09:54:31,18127.25,550,11476150
20221103,09:54:32,18128.95,500,11476150
20221103,09:54:33,18130.00,1550,11476150
20221103,09:54:34,18130.00,1100,11476150
20221103,09:54:35,18130.00,350,11476150
20221103,09:54:36,18129.95,500,11476150
20221103,09:54:37,18128.40,200,11476150
20221103,09:54:38,18128.40,100,11476150
20221103,09:54:39,18127.70,50,11476150
20221103,09:54:40,18127.00,100,11476150
20221103,09:54:41,18125.00,150,11476150
20221103,09:54:42,18127.60,250,11476150
20221103,09:54:43,18125.90,200,11476150
20221103,09:54:44,18128.40,50,11476150
20221103,09:54:45,18129.95,600,11476150
20221103,09:54:47,18128.70,100,11476150
20221103,09:54:48,18126.90,800,11476150
20221103,09:54:49,18127.70,250,11476150
20221103,09:54:50,18126.35,50,11476150
20221103,09:54:51,18127.75,250,11476150
20221103,09:54:52,18127.65,200,11476150
20221103,09:54:53,18128.00,100,11476150
20221103,09:54:55,18125.25,50,11476150
20221103,09:54:56,18125.25,1800,11476150
20221103,09:54:57,18125.60,150,11476150
20221103,09:54:58,18126.35,250,11476150
20221103,09:54:59,18124.40,300,11476150
20221103,09:55:00,18125.60,100,11476150
20221103,09:55:01,18126.95,2200,11476150
20221103,09:55:02,18126.40,250,11476150
20221103,09:55:03,18123.95,150,11476150
20221103,09:55:05,18125.20,550,11476150
20221103,09:55:06,18124.90,250,11476150
20221103,09:55:07,18125.35,50,11476150
20221103,09:55:08,18125.40,250,11476150
20221103,09:55:09,18124.80,400,11476150
20221103,09:55:10,18124.90,200,11476150
20221103,09:55:12,18124.15,100,11476150
20221103,09:55:14,18126.05,350,11476150
20221103,09:55:15,18126.40,1100,11476150
20221103,09:55:16,18124.95,250,11476150
20221103,09:55:17,18126.85,250,11476150
20221103,09:55:18,18125.80,1250,11476150
20221103,09:55:19,18128.00,250,11476150
20221103,09:55:21,18128.00,350,11476150
20221103,09:55:22,18126.60,150,11476150
20221103,09:55:23,18127.90,50,11476150
20221103,09:55:24,18127.00,50,11476150
20221103,09:55:25,18128.70,300,11476150
20221103,09:55:26,18128.70,200,11476150
20221103,09:55:27,18127.60,100,11476150
20221103,09:55:28,18129.60,750,11476150
20221103,09:55:29,18129.90,50,11476150
20221103,09:55:30,18129.45,50,11476150
20221103,09:55:31,18129.90,150,11476150
20221103,09:55:32,18129.10,100,11476150
20221103,09:55:33,18128.45,150,11476150
20221103,09:55:34,18129.70,50,11476150
20221103,09:55:35,18128.10,100,11476150
20221103,09:55:37,18127.95,200,11476150
20221103,09:55:38,18128.70,1250,11476150
20221103,09:55:39,18127.70,50,11476150
20221103,09:55:40,18127.80,150,11476150
20221103,09:55:41,18126.40,200,11476150
20221103,09:55:43,18127.20,1300,11476150
20221103,09:55:45,18125.75,200,11476150
20221103,09:55:46,18125.00,250,11476150
20221103,09:55:47,18125.00,650,11476150
20221103,09:55:48,18126.00,200,11476150
20221103,09:55:49,18124.05,1450,11476150
20221103,09:55:50,18125.00,1450,11476150
20221103,09:55:51,18123.70,50,11476150
20221103,09:55:52,18123.00,300,11476150
20221103,09:55:53,18125.20,100,11476150
20221103,09:55:54,18125.00,50,11476150
20221103,09:55:56,18125.00,150,11476150
20221103,09:55:57,18126.85,1350,11476150
20221103,09:55:58,18124.75,350,11476150
20221103,09:56:00,18125.25,50,11476150
20221103,09:56:01,18125.30,50,11476150
20221103,09:56:03,18125.20,150,11476150
20221103,09:56:04,18125.25,50,11476150
20221103,09:56:06,18126.30,1800,11476150
20221103,09:56:07,18124.40,1000,11476150
20221103,09:56:09,18125.00,50,11476150
20221103,09:56:10,18125.25,650,11476150
20221103,09:56:11,18125.05,500,11476150
20221103,09:56:12,18125.00,200,11476150
20221103,09:56:13,18124.15,50,11476150
20221103,09:56:14,18123.05,300,11476150
20221103,09:56:15,18123.00,50,11476150
20221103,09:56:16,18124.15,1300,11476150
20221103,09:56:17,18125.00,500,11476150
20221103,09:56:18,18125.00,200,11476150
20221103,09:56:21,18123.00,1100,11476150
20221103,09:56:22,18123.00,50,11476150
20221103,09:56:24,18125.00,1350,11476150
20221103,09:56:25,18123.40,900,11476150
20221103,09:56:26,18125.00,250,11476150
20221103,09:56:27,18125.00,450,11476150
20221103,09:56:28,18125.75,150,11476150
20221103,09:56:29,18127.00,300,11476150
20221103,09:56:30,18125.80,50,11476150
20221103,09:56:31,18127.70,1250,11476150
20221103,09:56:32,18126.35,100,11476150
20221103,09:56:33,18126.80,500,11476150
20221103,09:56:34,18127.70,50,11476150
20221103,09:56:35,18128.70,950,11476150
20221103,09:56:37,18128.85,100,11476150
20221103,09:56:38,18128.45,100,11476150
20221103,09:56:40,18128.00,1300,11506200
20221103,09:56:42,18128.70,100,11506200
20221103,09:56:43,18127.00,900,11506200
20221103,09:56:44,18129.60,700,11506200
20221103,09:56:44,18129.05,200,11506200
20221103,09:56:45,18128.65,200,11506200
20221103,09:56:47,18129.40,1250,11506200
20221103,09:56:49,18124.35,1000,11506200
20221103,09:56:50,18125.00,250,11506200
20221103,09:56:51,18126.90,850,11506200
20221103,09:56:52,18125.90,100,11506200
20221103,09:56:53,18129.15,1450,11506200
20221103,09:56:55,18128.35,300,11506200
20221103,09:56:56,18127.85,1350,11506200
20221103,09:56:57,18124.80,450,11506200
20221103,09:56:58,18125.90,50,11506200
20221103,09:56:59,18127.30,550,11506200
20221103,09:57:00,18125.55,50,11506200
20221103,09:57:01,18127.00,2550,11506200
20221103,09:57:02,18127.05,1500,11506200
20221103,09:57:03,18126.90,3550,11506200
20221103,09:57:04,18126.90,450,11506200
20221103,09:57:05,18125.25,250,11506200
20221103,09:57:06,18125.00,150,11506200
20221103,09:57:07,18125.00,100,11506200
20221103,09:57:09,18123.55,50,11506200
20221103,09:57:11,18123.00,100,11506200
20221103,09:57:12,18121.35,950,11506200
20221103,09:57:13,18124.10,50,11506200
20221103,09:57:14,18121.05,150,11506200
20221103,09:57:15,18123.00,50,11506200
20221103,09:57:16,18123.00,1000,11506200
20221103,09:57:19,18121.00,50,11506200
20221103,09:57:20,18120.10,100,11506200
20221103,09:57:21,18123.00,1450,11506200
20221103,09:57:22,18121.60,300,11506200
20221103,09:57:23,18121.55,300,11506200
20221103,09:57:24,18120.95,500,11506200
20221103,09:57:25,18123.00,100,11506200
20221103,09:57:27,18121.50,1000,11506200
20221103,09:57:28,18122.10,150,11506200
20221103,09:57:30,18123.50,2150,11506200
20221103,09:57:31,18123.70,200,11506200
20221103,09:57:32,18127.90,1250,11506200
20221103,09:57:33,18127.95,1100,11506200
20221103,09:57:36,18125.25,200,11506200
20221103,09:57:37,18126.00,50,11506200
20221103,09:57:38,18125.00,350,11506200
20221103,09:57:40,18126.15,1300,11506200
20221103,09:57:42,18126.15,550,11506200
20221103,09:57:43,18124.40,50,11506200
20221103,09:57:44,18123.55,350,11506200
20221103,09:57:45,18124.00,100,11506200
20221103,09:57:48,18123.00,50,11506200
20221103,09:57:50,18123.00,200,11506200
20221103,09:57:51,18122.35,250,11506200
20221103,09:57:54,18122.40,50,11506200
20221103,09:57:55,18123.00,3150,11506200
20221103,09:57:56,18123.00,150,11506200
20221103,09:57:58,18123.00,100,11506200
20221103,09:57:59,18121.60,100,11506200
20221103,09:58:00,18122.10,50,11506200
20221103,09:58:01,18122.50,50,11506200
20221103,09:58:02,18122.50,50,11506200
20221103,09:58:03,18120.70,100,11506200
20221103,09:58:04,18120.70,450,11506200
20221103,09:58:05,18120.70,100,11506200
20221103,09:58:07,18120.70,50,11506200
20221103,09:58:08,18120.75,1400,11506200
20221103,09:58:09,18121.50,300,11506200
20221103,09:58:10,18120.45,100,11506200
20221103,09:58:12,18123.00,1250,11506200
20221103,09:58:13,18123.50,450,11506200
20221103,09:58:15,18121.50,50,11506200
20221103,09:58:16,18120.10,700,11506200
20221103,09:58:18,18120.05,50,11506200
20221103,09:58:19,18121.00,200,11506200
20221103,09:58:20,18119.10,2350,11506200
20221103,09:58:21,18118.00,400,11506200
20221103,09:58:23,18118.80,1550,11506200
20221103,09:58:24,18120.00,550,11506200
20221103,09:58:25,18120.10,100,11506200
20221103,09:58:26,18120.00,500,11506200
20221103,09:58:28,18118.00,50,11506200
20221103,09:58:29,18120.00,2750,11506200
20221103,09:58:30,18119.00,900,11506200
20221103,09:58:31,18120.00,2000,11506200
20221103,09:58:33,18119.95,200,11506200
20221103,09:58:34,18119.00,50,11506200
20221103,09:58:36,18117.10,350,11506200
20221103,09:58:37,18117.10,100,11506200
20221103,09:58:39,18117.25,650,11506200
20221103,09:58:40,18117.70,150,11506200
20221103,09:58:42,18118.00,50,11506200
20221103,09:58:45,18117.10,300,11506200
20221103,09:58:48,18117.60,50,11506200
20221103,09:58:49,18117.70,50,11506200
20221103,09:58:50,18117.70,50,11506200
20221103,09:58:52,18117.75,1200,11506200
