20221103,09:15:00,18100.00,1,1223650
20221103,09:15:00,18081.95,1,1223650
20221103,09:15:00,18171.20,750,1223650
20221103,09:15:01,18062.45,200,1223650
20221103,09:15:02,18062.45,300,1223650
20221103,09:15:02,18091.50,100,1223650
20221103,09:15:03,18089.60,2250,1223650
20221103,09:15:04,18087.50,350,1223650
20221103,09:15:05,18095.60,100,1223650
20221103,09:15:07,18102.25,800,1223650
20221103,09:15:08,18103.90,700,1223650
20221103,09:15:08,18100.00,50,1223650
20221103,09:15:09,18097.65,350,1223650
20221103,09:15:10,18105.15,950,1223650
20221103,09:15:12,18105.90,700,1223650
20221103,09:15:13,18103.90,500,1223650
20221103,09:15:13,18108.35,250,1223650
20221103,09:15:14,18108.50,100,1223650
20221103,09:15:15,18109.00,100,1223650
20221103,09:15:17,18108.50,300,1223650
20221103,09:15:21,18110.00,100,1223650
20221103,09:15:22,18110.80,50,1223650
20221103,09:15:23,18110.10,150,1223650
20221103,09:15:24,18108.75,200,1223650
20221103,09:15:25,18112.20,400,1223650
20221103,09:15:26,18106.65,900,1223650
20221103,09:15:27,18106.60,150,1223650
20221103,09:15:28,18105.00,200,1223650
20221103,09:15:29,18104.80,350,1223650
20221103,09:15:30,18100.10,600,1223650
20221103,09:15:32,18103.75,250,1223650
20221103,09:15:33,18104.05,100,1223650
20221103,09:15:34,18103.15,250,1223650
20221103,09:15:35,18107.35,100,1223650
20221103,09:15:36,18105.20,1250,1223650
20221103,09:15:37,18107.45,150,1223650
20221103,09:15:37,18107.45,50,1223650
20221103,09:15:38,18107.40,200,1223650
20221103,09:15:39,18110.15,500,1223650
20221103,09:15:40,18107.60,250,1223650
20221103,09:15:41,18111.80,250,1223650
20221103,09:15:43,18112.20,200,1223650
20221103,09:15:45,18110.80,100,1223650
20221103,09:15:46,18114.85,50,1223650
20221103,09:15:47,18113.10,200,1223650
20221103,09:15:48,18110.15,250,1223650
20221103,09:15:49,18110.05,700,1223650
20221103,09:15:50,18110.65,600,1223650
20221103,09:15:52,18111.35,200,1223650
20221103,09:15:53,18115.75,300,1223650
20221103,09:15:54,18114.80,100,1223650
20221103,09:15:55,18112.20,50,1223650
20221103,09:15:57,18115.85,250,1223650
20221103,09:15:58,18113.55,50,1223650
20221103,09:15:59,18117.05,50,1223650
20221103,09:16:00,18115.00,200,1223650
20221103,09:16:02,18114.00,1000,1223650
20221103,09:16:03,18113.65,150,1223650
20221103,09:16:04,18115.75,200,1223650
20221103,09:16:06,18116.85,200,1223650
20221103,09:16:07,18115.00,50,1223650
20221103,09:16:08,18113.05,850,1223650
20221103,09:16:10,18115.45,3050,1223650
20221103,09:16:11,18115.00,400,1223650
20221103,09:16:12,18116.40,50,1223650
20221103,09:16:13,18115.20,50,1223650
20221103,09:16:14,18115.35,100,1223650
20221103,09:16:15,18112.25,100,1223650
20221103,09:16:16,18111.35,400,1223650
20221103,09:16:17,18110.80,200,1223650
20221103,09:16:18,18113.45,250,1223650
20221103,09:16:19,18110.40,100,1223650
20221103,09:16:21,18114.55,50,1223650
20221103,09:16:23,18113.20,100,1223650
20221103,09:16:24,18112.00,700,1223650
20221103,09:16:27,18112.70,550,1223650
20221103,09:16:28,18115.70,50,1223650
20221103,09:16:32,18119.80,50,1223650
20221103,09:16:33,18115.70,100,1223650
20221103,09:16:34,18119.75,100,1223650
20221103,09:16:35,18117.00,450,1223650
20221103,09:16:36,18115.35,750,1223650
20221103,09:16:38,18119.30,700,1223650
20221103,09:16:39,18118.20,50,1223650
20221103,09:16:42,18121.25,150,1223650
20221103,09:16:43,18117.90,100,1223650
20221103,09:16:45,18120.00,150,1223650
20221103,09:16:48,18120.75,50,1223650
20221103,09:16:49,18118.15,550,1223650
20221103,09:16:50,18121.95,250,1223650
20221103,09:16:53,18123.15,450,1223650
20221103,09:16:54,18122.15,100,1223650
20221103,09:16:55,18123.50,50,1223650
20221103,09:16:57,18125.25,100,1223650
20221103,09:16:59,18123.50,150,1223650
20221103,09:16:59,18123.50,100,1223650
20221103,09:17:00,18123.50,50,1223650
20221103,09:17:01,18123.50,200,1223650
20221103,09:17:02,18124.95,400,1223650
20221103,09:17:03,18121.90,700,1223650
20221103,09:17:05,18122.10,200,1223650
20221103,09:17:06,18122.00,400,1223650
20221103,09:17:07,18124.00,350,1223650
20221103,09:17:08,18123.00,50,1223650
20221103,09:17:10,18123.00,500,1223650
20221103,09:17:11,18127.00,100,1223650
20221103,09:17:15,18127.40,150,1223650
20221103,09:17:16,18130.00,50,1223650
20221103,09:17:17,18129.50,200,1223650
20221103,09:17:19,18129.45,100,1223650
20221103,09:17:20,18130.00,50,1223650
20221103,09:17:22,18130.80,50,1223650
20221103,09:17:23,18132.40,250,1223650
20221103,09:17:25,18130.00,150,1223650
20221103,09:17:26,18131.50,50,1223650
20221103,09:17:27,18131.65,200,1223650
20221103,09:17:28,18132.40,100,1223650
20221103,09:17:29,18134.20,100,1223650
20221103,09:17:30,18132.90,50,1223650
20221103,09:17:31,18134.95,200,1223650
20221103,09:17:33,18135.00,50,1223650
20221103,09:17:36,18134.95,150,1223650
20221103,09:17:37,18135.00,100,1223650
20221103,09:17:38,18136.00,100,1223650
20221103,09:17:39,18135.00,100,1223650
20221103,09:17:41,18135.00,100,1223650
20221103,09:17:44,18133.05,100,1225400
20221103,09:17:45,18133.00,200,1225400
20221103,09:17:46,18134.15,400,1225400
20221103,09:17:47,18133.75,100,1225400
20221103,09:17:48,18131.10,100,1225400
20221103,09:17:49,18130.00,1350,1225400
20221103,09:17:50,18131.20,50,1225400
20221103,09:17:52,18131.25,50,1225400
20221103,09:17:54,18131.00,350,1225400
20221103,09:17:55,18128.70,150,1225400
20221103,09:17:56,18128.55,50,1225400
20221103,09:17:57,18130.65,500,1225400
20221103,09:17:58,18131.00,150,1225400
20221103,09:17:59,18131.05,150,1225400
20221103,09:18:00,18129.55,200,1225400
20221103,09:18:01,18128.70,50,1225400
20221103,09:18:02,18131.25,50,1225400
20221103,09:18:04,18130.00,50,1225400
20221103,09:18:06,18130.60,150,1225400
20221103,09:18:11,18132.25,150,1225400
20221103,09:18:14,18134.20,250,1225400
20221103,09:18:15,18134.35,100,1225400
20221103,09:18:16,18134.35,50,1225400
20221103,09:18:21,18134.35,100,1225400
20221103,09:18:22,18132.25,50,1225400
20221103,09:18:25,18135.00,150,1225400
20221103,09:18:26,18136.00,50,1225400
20221103,09:18:29,18137.95,200,1225400
20221103,09:18:30,18135.20,50,1225400
20221103,09:18:32,18139.00,550,1225400
20221103,09:18:35,18140.00,200,1225400
20221103,09:18:40,18140.10,50,1225400
20221103,09:18:43,18141.70,250,1225400
20221103,09:18:44,18140.10,150,1225400
20221103,09:18:46,18141.60,50,1225400
20221103,09:18:49,18142.70,100,1225400
20221103,09:18:50,18141.85,50,1225400
20221103,09:18:51,18141.05,50,1225400
20221103,09:18:52,18142.00,50,1225400
20221103,09:18:53,18140.00,500,1225400
20221103,09:18:54,18139.00,850,1225400
20221103,09:18:55,18136.80,50,1225400
20221103,09:18:56,18136.55,100,1225400
20221103,09:18:57,18135.90,50,1225400
20221103,09:18:59,18135.70,100,1225400
20221103,09:19:00,18138.95,50,1225400
20221103,09:19:01,18140.00,150,1225400
20221103,09:19:02,18140.00,50,1225400
20221103,09:19:03,18139.95,200,1225400
20221103,09:19:04,18135.05,50,1225400
20221103,09:19:05,18135.70,50,1225400
20221103,09:19:06,18136.15,100,1225400
20221103,09:19:07,18135.45,50,1225400
20221103,09:19:11,18137.35,50,1225400
20221103,09:19:13,18139.95,50,1225400
20221103,09:19:14,18140.00,50,1225400
20221103,09:19:15,18140.00,50,1225400
20221103,09:19:16,18141.05,50,1225400
20221103,09:19:17,18139.60,50,1225400
20221103,09:19:19,18139.55,100,1225400
20221103,09:19:21,18140.00,50,1225400
20221103,09:19:23,18141.00,50,1225400
20221103,09:19:24,18140.00,50,1225400
20221103,09:19:25,18141.00,1000,1225400
20221103,09:19:26,18140.75,100,1225400
20221103,09:19:28,18139.40,50,1225400
20221103,09:19:29,18140.00,50,1225400
20221103,09:19:30,18139.45,100,1225400
20221103,09:19:31,18140.00,50,1225400
20221103,09:19:37,18140.00,50,1225400
20221103,09:19:40,18140.60,100,1225400
20221103,09:19:41,18137.80,400,1225400
20221103,09:19:43,18136.70,100,1225400
20221103,09:19:45,18136.15,150,1225400
20221103,09:19:46,18136.40,450,1225400
20221103,09:19:49,18136.75,50,1225400
20221103,09:19:50,18136.30,100,1225400
20221103,09:19:53,18136.05,50,1225400
20221103,09:19:55,18136.00,50,1225400
20221103,09:19:57,18136.00,150,1225400
20221103,09:19:59,18135.05,150,1225400
20221103,09:20:00,18133.00,550,1225400
20221103,09:20:02,18133.50,100,1225400
20221103,09:20:04,18132.00,200,1225400
20221103,09:20:05,18133.90,50,1225400
20221103,09:20:06,18132.00,100,1225400
20221103,09:20:07,18130.00,400,1225400
20221103,09:20:08,18129.00,250,1225400
20221103,09:20:10,18128.55,100,1225400
20221103,09:20:13,18130.00,150,1225400
20221103,09:20:14,18130.00,100,1225400
20221103,09:20:16,18134.00,100,1225400
20221103,09:20:21,18130.00,50,1225400
20221103,09:20:22,18131.45,50,1225400
20221103,09:20:23,18130.00,50,1225400
20221103,09:20:24,18130.00,50,1225400
20221103,09:20:27,18128.55,50,1225400
20221103,09:20:40,18126.20,50,1230200
20221103,09:20:41,18126.65,100,1230200
20221103,09:20:42,18125.30,300,1230200
20221103,09:20:43,18125.80,150,1230200
20221103,09:20:44,18126.90,100,1230200
20221103,09:20:45,18126.70,100,1230200
20221103,09:20:50,18127.00,50,1230200
20221103,09:20:55,18126.70,50,1230200
20221103,09:20:57,18128.00,50,1230200
20221103,09:20:58,18129.00,50,1230200
20221103,09:21:00,18125.85,50,1230200
20221103,09:21:06,18126.00,50,1230200
20221103,09:21:07,18127.00,50,1230200
20221103,09:21:09,18127.85,50,1230200
20221103,09:21:11,18128.00,150,1230200
20221103,09:21:12,18130.00,100,1230200
20221103,09:21:13,18132.00,100,1230200
20221103,09:21:15,18130.00,50,1230200
20221103,09:21:16,18130.95,300,1230200
20221103,09:21:17,18130.00,100,1230200
20221103,09:21:19,18130.05,50,1230200
20221103,09:21:23,18130.00,50,1230200
20221103,09:21:30,18133.15,250,1230200
20221103,09:21:31,18130.05,50,1230200
20221103,09:21:33,18133.00,50,1230200
20221103,09:21:41,18135.10,50,1230200
20221103,09:21:46,18134.00,200,1230200
20221103,09:21:54,18135.05,50,1230200
20221103,09:21:55,18131.10,50,1230200
20221103,09:21:57,18132.35,150,1230200
20221103,09:21:58,18132.40,150,1230200
20221103,09:22:01,18134.75,300,1230200
20221103,09:22:02,18136.70,200,1230200
20221103,09:22:08,18138.00,50,1230200
20221103,09:22:09,18139.55,50,1230200
20221103,09:22:11,18138.00,50,1230200
20221103,09:22:12,18139.65,50,1230200
20221103,09:22:13,18138.00,50,1230200
20221103,09:22:15,18136.00,200,1230200
20221103,09:22:15,18135.00,150,1230200
20221103,09:22:16,18134.00,50,1230200
20221103,09:22:17,18135.10,50,1230200
20221103,09:22:20,18135.10,1000,1230200
20221103,09:22:22,18133.65,200,1230200
20221103,09:22:24,18137.05,500,1230200
20221103,09:22:28,18133.65,50,1230200
20221103,09:22:30,18135.00,300,1230200
20221103,09:22:31,18135.00,50,1230200
20221103,09:22:37,18131.80,100,1230200
20221103,09:22:39,18134.00,100,1230200
20221103,09:23:02,18130.35,50,1230200
20221103,09:23:12,18130.00,50,1230200
20221103,09:23:14,18130.00,50,1230200
20221103,09:23:17,18130.15,50,1230200
20221103,09:23:20,18132.55,50,1230200
20221103,09:23:22,18130.00,50,1230200
20221103,09:23:24,18131.65,150,1230200
20221103,09:23:25,18130.00,50,1230200
20221103,09:23:27,18130.00,250,1230200
20221103,09:23:35,18129.60,50,1230200
20221103,09:23:36,18129.50,100,1230200
20221103,09:23:37,18129.75,50,1231150
20221103,09:23:39,18130.00,100,1231150
20221103,09:23:41,18130.00,50,1231150
20221103,09:23:47,18130.00,50,1231150
20221103,09:23:57,18129.50,50,1231150
20221103,09:23:58,18129.50,50,1231150
20221103,09:24:00,18129.10,250,1231150
20221103,09:24:03,18130.60,50,1231150
20221103,09:24:04,18131.35,200,1231150
20221103,09:24:07,18133.10,100,1231150
20221103,09:24:16,18130.90,50,1231150
20221103,09:24:19,18131.25,50,1231150
20221103,09:24:25,18131.15,50,1231150
20221103,09:24:31,18130.20,100,1231150
20221103,09:24:33,18129.10,200,1231150
20221103,09:24:34,18128.00,50,1231150
20221103,09:24:50,18127.10,50,1231150
20221103,09:24:58,18126.80,100,1231150
20221103,09:25:01,18124.30,250,1231150
20221103,09:25:04,18127.20,100,1231150
20221103,09:25:10,18126.80,50,1231150
20221103,09:25:16,18126.80,200,1231150
20221103,09:25:19,18126.80,50,1231150
20221103,09:25:21,18125.90,50,1231150
20221103,09:25:30,18126.00,50,1231150
20221103,09:25:31,18127.45,150,1231150
20221103,09:25:36,18129.00,100,1231150
20221103,09:25:40,18128.65,150,1231150
20221103,09:25:42,18129.50,150,1231150
20221103,09:25:43,18129.50,150,1231150
20221103,09:25:44,18130.00,250,1231150
20221103,09:25:46,18130.00,1950,1231150
20221103,09:25:48,18129.65,50,1231150
20221103,09:25:52,18128.55,100,1231150
20221103,09:25:54,18129.60,350,1231150
20221103,09:25:55,18128.80,100,1231150
20221103,09:25:56,18128.65,150,1231150
20221103,09:25:57,18129.70,50,1231150
20221103,09:26:02,18129.70,300,1231150
20221103,09:26:09,18129.70,250,1231150
20221103,09:26:15,18129.95,50,1231150
20221103,09:26:19,18127.05,50,1231150
20221103,09:26:20,18127.00,50,1231150
20221103,09:26:28,18129.65,1000,1231150
20221103,09:26:36,18130.00,450,1231150
20221103,09:26:45,18129.95,50,1232150
20221103,09:26:46,18130.00,2250,1232150
20221103,09:26:47,18130.00,1050,1232150
20221103,09:26:49,18130.00,1700,1232150
20221103,09:26:50,18130.00,750,1232150
20221103,09:26:51,18130.10,200,1232150
20221103,09:27:00,18133.80,250,1232150
20221103,09:27:04,18133.80,50,1232150
20221103,09:27:07,18137.00,550,1232150
20221103,09:27:09,18138.85,50,1232150
20221103,09:27:10,18138.60,50,1232150
20221103,09:27:14,18138.85,50,1232150
20221103,09:27:21,18133.15,50,1232150
20221103,09:27:22,18132.70,100,1232150
20221103,09:27:23,18134.85,50,1232150
20221103,09:27:25,18133.60,50,1232150
20221103,09:27:27,18133.60,350,1232150
20221103,09:27:32,18136.40,100,1232150
20221103,09:27:44,18138.70,50,1232150
20221103,09:27:55,18139.00,150,1232150
20221103,09:27:56,18140.00,100,1232150
20221103,09:27:57,18140.00,50,1232150
20221103,09:28:07,18142.00,50,1232150
20221103,09:28:09,18143.60,100,1232150
20221103,09:28:10,18144.00,50,1232150
20221103,09:28:12,18143.95,150,1232150
20221103,09:28:16,18144.00,50,1232150
20221103,09:28:21,18143.25,100,1232150
20221103,09:28:31,18143.80,100,1232150
20221103,09:28:36,18143.30,50,1232150
20221103,09:28:39,18142.00,50,1232150
20221103,09:28:40,18140.70,50,1232150
20221103,09:28:41,18143.75,50,1232150
20221103,09:28:47,18143.15,50,1232150
20221103,09:28:50,18142.20,50,1232150
20221103,09:28:55,18140.50,150,1232150
20221103,09:29:01,18144.00,50,1232150
20221103,09:29:03,18144.00,100,1232150
20221103,09:29:04,18142.60,500,1232150
20221103,09:29:08,18145.00,150,1232150
20221103,09:29:11,18145.00,300,1232150
20221103,09:29:12,18145.00,250,1232150
20221103,09:29:13,18145.10,100,1232150
20221103,09:29:18,18145.95,250,1232150
20221103,09:29:20,18144.55,50,1232150
20221103,09:29:22,18149.05,100,1232150
20221103,09:29:26,18145.10,150,1232150
20221103,09:29:29,18147.25,100,1232150
20221103,09:29:33,18148.70,50,1232150
20221103,09:29:38,18145.10,100,1235250
20221103,09:29:43,18147.40,150,1235250
20221103,09:29:51,18147.55,50,1235250
20221103,09:29:53,18148.35,150,1235250
20221103,09:29:56,18147.20,50,1235250
20221103,09:30:02,18148.00,50,1235250
20221103,09:30:04,18150.00,150,1235250
20221103,09:30:06,18148.80,100,1235250
20221103,09:30:08,18152.45,150,1235250
20221103,09:30:09,18151.10,100,1235250
20221103,09:30:10,18151.10,50,1235250
20221103,09:30:11,18151.00,100,1235250
20221103,09:30:14,18152.20,50,1235250
20221103,09:30:16,18150.35,200,1235250
20221103,09:30:19,18151.20,50,1235250
20221103,09:30:25,18153.90,100,1235250
20221103,09:30:27,18153.35,50,1235250
20221103,09:30:28,18154.90,50,1235250
20221103,09:30:31,18152.70,50,1235250
20221103,09:30:38,18153.90,50,1235250
20221103,09:30:46,18156.00,250,1235250
20221103,09:30:49,18156.10,100,1235250
20221103,09:30:52,18157.00,50,1235250
20221103,09:30:53,18157.75,50,1235250
20221103,09:30:54,18157.90,300,1235250
20221103,09:30:55,18156.10,400,1235250
20221103,09:30:59,18158.95,400,1235250
20221103,09:31:03,18161.20,450,1235250
20221103,09:31:07,18163.45,250,1235250
20221103,09:31:12,18160.05,50,1235250
20221103,09:31:15,18161.35,250,1235250
20221103,09:31:16,18160.80,300,1235250
20221103,09:31:17,18161.65,50,1235250
20221103,09:31:22,18160.65,50,1235250
20221103,09:31:23,18160.60,50,1235250
20221103,09:31:27,18161.00,50,1235250
20221103,09:31:30,18162.45,200,1235250
20221103,09:31:31,18163.60,300,1235250
20221103,09:31:34,18163.70,50,1235250
20221103,09:31:40,18165.00,200,1235250
20221103,09:31:41,18164.15,150,1235250
20221103,09:31:56,18165.45,100,1235250
20221103,09:31:57,18166.10,150,1235250
20221103,09:31:59,18167.45,50,1235250
20221103,09:32:01,18170.00,100,1235250
20221103,09:32:02,18172.00,150,1235250
20221103,09:32:04,18180.65,650,1235250
20221103,09:32:06,18180.65,50,1235250
20221103,09:32:07,18182.45,50,1235250
20221103,09:32:08,18183.25,50,1235250
20221103,09:32:10,18183.25,100,1235250
20221103,09:32:15,18183.40,350,1235250
20221103,09:32:16,18181.85,50,1235250
20221103,09:32:17,18179.00,50,1235250
20221103,09:32:20,18180.00,50,1235250
20221103,09:32:21,18179.45,50,1235250
20221103,09:32:23,18178.45,50,1235250
20221103,09:32:27,18172.00,600,1235250
20221103,09:32:28,18168.45,800,1235250
20221103,09:32:30,18170.90,50,1235250
20221103,09:32:31,18173.10,200,1235250
20221103,09:32:32,18173.05,150,1235250
20221103,09:32:35,18173.90,50,1235250
20221103,09:32:37,18172.30,150,1235250
20221103,09:32:39,18171.70,200,1235250
20221103,09:32:41,18173.55,50,1235250
20221103,09:32:47,18173.55,50,1236400
20221103,09:32:49,18175.00,50,1236400
20221103,09:32:50,18176.00,100,1236400
20221103,09:32:52,18178.45,100,1236400
20221103,09:32:54,18174.55,500,1236400
20221103,09:32:58,18175.50,50,1236400
20221103,09:33:01,18178.45,150,1236400
20221103,09:33:02,18176.40,50,1236400
20221103,09:33:04,18175.50,50,1236400
20221103,09:33:06,18178.25,50,1236400
20221103,09:33:09,18178.05,150,1236400
20221103,09:33:10,18178.10,100,1236400
20221103,09:33:13,18179.20,100,1236400
20221103,09:33:14,18178.35,100,1236400
20221103,09:33:18,18178.25,50,1236400
20221103,09:33:27,18178.15,50,1236400
20221103,09:33:29,18178.00,50,1236400
20221103,09:33:38,18175.00,450,1236400
20221103,09:33:39,18175.15,50,1236400
20221103,09:33:40,18175.00,50,1236400
20221103,09:33:41,18174.80,50,1236400
20221103,09:33:45,18173.05,50,1236400
20221103,09:33:46,18174.10,500,1236400
20221103,09:33:53,18173.00,50,1236400
20221103,09:33:58,18172.25,50,1236400
20221103,09:33:59,18175.00,250,1236400
20221103,09:34:00,18175.80,400,1236400
20221103,09:34:08,18175.80,50,1236400
20221103,09:34:11,18174.05,50,1236400
20221103,09:34:13,18176.85,50,1236400
20221103,09:34:24,18176.05,100,1236400
20221103,09:34:28,18176.05,150,1236400
20221103,09:34:31,18175.80,200,1236400
20221103,09:34:33,18178.00,50,1236400
20221103,09:34:34,18175.80,50,1236400
20221103,09:34:41,18175.10,100,1236400
20221103,09:34:42,18174.65,150,1236400
20221103,09:34:43,18174.65,100,1236400
20221103,09:34:49,18173.15,1050,1236400
20221103,09:34:59,18178.00,550,1236400
20221103,09:35:05,18179.00,500,1236400
20221103,09:35:06,18177.15,100,1236400
20221103,09:35:07,18179.55,200,1236400
20221103,09:35:11,18180.00,50,1236400
20221103,09:35:14,18180.00,500,1236400
20221103,09:35:15,18178.15,50,1236400
20221103,09:35:16,18180.00,50,1236400
20221103,09:35:19,18179.75,50,1236400
20221103,09:35:22,18181.50,50,1236400
20221103,09:35:25,18182.20,50,1236400
20221103,09:35:29,18182.10,50,1236400
20221103,09:35:35,18185.55,350,1236400
20221103,09:35:36,18187.00,100,1236400
20221103,09:35:41,18187.00,50,1236400
20221103,09:35:43,18187.80,50,1239000
20221103,09:35:45,18187.80,100,1239000
20221103,09:35:47,18184.40,150,1239000
20221103,09:35:49,18185.85,500,1239000
20221103,09:35:51,18185.00,100,1239000
20221103,09:35:54,18183.90,50,1239000
20221103,09:35:55,18187.20,100,1239000
20221103,09:35:57,18185.10,50,1239000
20221103,09:36:00,18186.35,150,1239000
20221103,09:36:02,18187.00,50,1239000
20221103,09:36:05,18188.50,300,1239000
20221103,09:36:08,18189.00,100,1239000
20221103,09:36:18,18189.00,50,1239000
20221103,09:36:20,18183.65,50,1239000
20221103,09:36:23,18183.60,50,1239000
20221103,09:36:24,18183.50,50,1239000
20221103,09:36:29,18182.55,50,1239000
20221103,09:36:31,18182.40,100,1239000
20221103,09:36:33,18179.75,200,1239000
20221103,09:36:34,18180.00,50,1239000
20221103,09:36:38,18180.10,100,1239000
20221103,09:36:39,18180.00,50,1239000
20221103,09:36:42,18180.00,500,1239000
20221103,09:36:44,18179.00,50,1239000
20221103,09:36:48,18179.35,50,1239000
20221103,09:36:49,18179.85,50,1239000
20221103,09:36:54,18178.05,200,1239000
20221103,09:36:55,18178.05,100,1239000
20221103,09:37:01,18175.60,50,1239000
20221103,09:37:02,18176.25,100,1239000
20221103,09:37:03,18175.00,50,1239000
20221103,09:37:08,18173.90,50,1239000
20221103,09:37:20,18174.00,50,1239000
20221103,09:37:22,18172.20,50,1239000
20221103,09:37:24,18173.55,50,1239000
20221103,09:37:25,18175.00,50,1239000
20221103,09:37:32,18170.00,1000,1239000
20221103,09:37:37,18171.05,300,1239000
20221103,09:37:42,18170.00,50,1239000
20221103,09:37:43,18168.20,50,1239000
20221103,09:37:44,18168.45,50,1239000
20221103,09:37:47,18167.90,100,1239000
20221103,09:37:48,18168.40,50,1239000
20221103,09:37:49,18168.75,150,1239000
20221103,09:37:52,18168.85,50,1239000
20221103,09:37:55,18168.80,100,1239000
20221103,09:38:02,18165.00,100,1239000
20221103,09:38:06,18165.35,100,1239000
20221103,09:38:07,18165.00,100,1239000
20221103,09:38:11,18167.00,150,1239000
20221103,09:38:12,18163.10,100,1239000
20221103,09:38:14,18165.00,50,1239000
20221103,09:38:18,18166.30,150,1239000
20221103,09:38:20,18166.15,50,1239000
20221103,09:38:34,18168.75,50,1239000
20221103,09:38:38,18168.55,100,1239350
20221103,09:38:40,18168.75,50,1239350
20221103,09:38:50,18168.55,50,1239350
20221103,09:39:00,18168.55,100,1239350
20221103,09:39:01,18168.40,50,1239350
20221103,09:39:04,18170.00,50,1239350
20221103,09:39:11,18170.80,50,1239350
20221103,09:39:16,18171.85,100,1239350
20221103,09:39:25,18171.35,200,1239350
20221103,09:39:27,18170.10,50,1239350
20221103,09:39:30,18168.55,500,1239350
20221103,09:39:34,18170.40,50,1239350
20221103,09:39:38,18168.55,100,1239350
20221103,09:39:39,18168.00,50,1239350
20221103,09:39:40,18169.95,150,1239350
20221103,09:39:50,18167.75,50,1239350
20221103,09:39:56,18166.65,50,1239350
20221103,09:40:03,18165.60,50,1239350
20221103,09:40:04,18165.00,100,1239350
20221103,09:40:09,18163.70,50,1239350
20221103,09:40:16,18165.00,50,1239350
20221103,09:40:22,18164.80,50,1239350
20221103,09:40:25,18160.70,150,1239350
20221103,09:40:27,18161.00,50,1239350
20221103,09:40:30,18159.40,150,1239350
20221103,09:40:37,18160.40,50,1239350
20221103,09:40:42,18162.85,150,1239350
20221103,09:40:51,18162.80,100,1239350
20221103,09:40:58,18160.40,50,1239350
20221103,09:40:59,18160.45,150,1239350
20221103,09:41:00,18161.25,50,1239350
20221103,09:41:04,18162.85,200,1239350
20221103,09:41:05,18162.50,50,1239350
20221103,09:41:09,18165.00,250,1239350
20221103,09:41:18,18163.90,50,1239350
20221103,09:41:22,18165.00,50,1239350
20221103,09:41:31,18162.55,50,1239350
20221103,09:41:34,18165.00,50,1239350
20221103,09:41:36,18165.20,50,1239350
20221103,09:41:40,18167.20,100,1239050
20221103,09:41:41,18167.10,200,1239050
20221103,09:41:42,18165.15,50,1239050
20221103,09:41:43,18164.15,50,1239050
20221103,09:41:51,18165.00,50,1239050
20221103,09:41:58,18165.00,50,1239050
20221103,09:42:00,18164.85,50,1239050
20221103,09:42:06,18166.00,50,1239050
20221103,09:42:08,18168.00,50,1239050
20221103,09:42:15,18165.00,50,1239050
20221103,09:42:26,18166.15,1000,1239050
20221103,09:42:34,18161.80,100,1239050
20221103,09:42:35,18161.75,50,1239050
20221103,09:42:46,18164.15,50,1239050
20221103,09:42:49,18163.55,50,1239050
20221103,09:42:55,18159.75,50,1239050
20221103,09:43:05,18159.90,150,1239050
20221103,09:43:08,18160.00,50,1239050
20221103,09:43:10,18164.00,50,1239050
20221103,09:43:14,18163.75,200,1239050
20221103,09:43:15,18165.00,100,1239050
20221103,09:43:21,18167.05,50,1239050
20221103,09:43:26,18167.00,50,1239050
20221103,09:43:27,18167.50,50,1239050
20221103,09:43:32,18169.95,50,1239050
20221103,09:43:38,18169.65,50,1239050
20221103,09:43:44,18167.00,50,1239050
20221103,09:44:02,18164.25,50,1239050
20221103,09:44:11,18164.25,100,1239050
20221103,09:44:14,18162.30,50,1239050
20221103,09:44:20,18161.45,200,1239050
20221103,09:44:22,18162.75,50,1239050
20221103,09:44:35,18167.00,150,1239050
20221103,09:44:36,18168.00,50,1239050
20221103,09:44:40,18171.50,450,1238350
20221103,09:44:41,18172.35,100,1238350
20221103,09:45:04,18177.40,50,1238350
20221103,09:45:05,18179.00,100,1238350
20221103,09:45:06,18180.00,150,1238350
20221103,09:45:07,18183.00,50,1238350
20221103,09:45:10,18184.40,50,1238350
20221103,09:45:11,18183.00,50,1238350
20221103,09:45:12,18185.00,150,1238350
20221103,09:45:15,18184.30,200,1238350
20221103,09:45:17,18193.55,1350,1238350
20221103,09:45:32,18189.60,50,1238350
20221103,09:45:34,18191.35,50,1238350
20221103,09:45:38,18190.00,50,1238350
20221103,09:45:41,18190.10,100,1238350
20221103,09:45:48,18187.55,50,1238350
20221103,09:46:02,18189.10,50,1238350
20221103,09:46:04,18187.65,50,1238350
20221103,09:46:06,18187.90,50,1238350
20221103,09:46:07,18188.00,50,1238350
20221103,09:46:10,18188.90,50,1238350
20221103,09:46:21,18185.95,50,1238350
20221103,09:46:32,18184.70,50,1238350
20221103,09:46:35,18183.25,100,1238350
20221103,09:46:38,18184.70,50,1238350
20221103,09:46:39,18185.95,100,1238350
20221103,09:46:40,18186.00,100,1238350
20221103,09:46:47,18183.25,50,1238350
20221103,09:46:48,18182.45,100,1238350
20221103,09:46:53,18182.35,50,1238350
20221103,09:47:03,18182.45,150,1238350
20221103,09:47:10,18182.00,150,1238350
20221103,09:47:11,18180.85,150,1238350
20221103,09:47:12,18180.50,50,1238350
20221103,09:47:16,18180.00,100,1238350
20221103,09:47:24,18177.40,100,1238350
20221103,09:47:28,18175.05,300,1238350
20221103,09:47:32,18179.95,50,1238350
20221103,09:47:37,18175.60,200,1238350
20221103,09:47:42,18175.00,50,1237850
20221103,09:47:44,18173.90,150,1237850
20221103,09:47:47,18172.40,150,1237850
20221103,09:47:49,18171.15,50,1237850
20221103,09:47:51,18173.95,850,1237850
20221103,09:48:10,18172.40,50,1237850
20221103,09:48:12,18173.95,50,1237850
20221103,09:48:27,18171.00,150,1237850
20221103,09:48:28,18170.80,50,1237850
20221103,09:48:42,18172.10,100,1237850
20221103,09:48:54,18170.80,50,1237850
20221103,09:48:55,18172.25,150,1237850
20221103,09:49:03,18171.50,50,1237850
20221103,09:49:19,18171.50,50,1237850
20221103,09:49:20,18170.45,200,1237850
20221103,09:49:26,18171.15,50,1237850
20221103,09:49:32,18171.15,100,1237850
20221103,09:49:35,18171.80,50,1237850
20221103,09:49:36,18171.40,50,1237850
20221103,09:50:05,18171.40,50,1237850
20221103,09:50:12,18171.40,200,1237850
20221103,09:50:58,18176.35,50,1237600
20221103,09:51:03,18177.40,50,1237600
20221103,09:51:07,18177.40,50,1237600
20221103,09:51:09,18177.40,50,1237600
20221103,09:51:10,18176.25,100,1237600
20221103,09:51:22,18176.65,50,1237600
20221103,09:51:27,18178.55,50,1237600
20221103,09:51:30,18180.00,100,1237600
20221103,09:51:31,18180.00,100,1237600
20221103,09:51:39,18180.00,50,1237600
20221103,09:51:50,18180.00,50,1237600
20221103,09:51:51,18180.00,150,1237600
20221103,09:51:57,18177.25,50,1237600
20221103,09:51:58,18177.75,50,1237600
20221103,09:51:59,18178.35,250,1237600
20221103,09:52:02,18182.00,50,1237600
20221103,09:52:04,18182.00,400,1237600
20221103,09:52:05,18182.00,50,1237600
20221103,09:52:13,18182.00,50,1237600
20221103,09:52:30,18183.90,200,1237600
20221103,09:52:40,18183.95,150,1237600
20221103,09:52:54,18183.95,100,1237600
20221103,09:52:56,18182.35,50,1237600
20221103,09:53:22,18182.35,50,1237600
20221103,09:53:34,18182.35,100,1237600
20221103,09:53:53,18182.35,50,1237900
20221103,09:54:03,18184.10,50,1237900
20221103,09:54:05,18184.10,150,1237900
20221103,09:54:11,18184.60,50,1237900
20221103,09:54:20,18185.00,250,1237900
20221103,09:54:24,18184.90,150,1237900
20221103,09:54:27,18186.00,150,1237900
20221103,09:54:29,18188.00,50,1237900
20221103,09:54:33,18189.00,50,1237900
20221103,09:54:35,18190.00,50,1237900
20221103,09:54:36,18187.85,200,1237900
20221103,09:54:49,18189.00,50,1237900
20221103,09:54:55,18187.65,50,1237900
20221103,09:54:56,18186.70,150,1237900
20221103,09:55:02,18189.00,50,1237900
20221103,09:55:05,18184.75,50,1237900
20221103,09:55:07,18186.85,100,1237900
20221103,09:55:25,18188.60,50,1237900
20221103,09:55:29,18190.75,50,1237900
20221103,09:55:31,18191.00,50,1237900
20221103,09:55:33,18191.95,50,1237900
20221103,09:55:37,18191.80,50,1237900
20221103,09:55:41,18190.20,50,1237900
20221103,09:55:43,18188.65,50,1237900
20221103,09:55:50,18186.90,100,1237900
20221103,09:55:57,18185.75,50,1237900
20221103,09:55:58,18186.00,50,1237900
20221103,09:56:01,18186.90,50,1237900
20221103,09:56:17,18188.00,50,1237900
20221103,09:56:35,18190.00,100,1237900
20221103,09:56:47,18189.00,50,1238050
20221103,09:56:48,18189.00,100,1238050
20221103,09:56:49,18189.15,150,1238050
20221103,09:57:17,18184.40,50,1238050
20221103,09:57:18,18184.25,200,1238050
20221103,09:57:19,18184.45,100,1238050
20221103,09:57:20,18184.40,100,1238050
20221103,09:57:21,18184.00,50,1238050
20221103,09:57:27,18183.55,50,1238050
20221103,09:57:29,18184.70,50,1238050
20221103,09:57:30,18185.40,50,1238050
20221103,09:57:31,18189.15,50,1238050
20221103,09:57:54,18184.00,200,1238050
20221103,09:58:00,18185.80,50,1238050
20221103,09:58:07,18182.55,50,1238050
20221103,09:58:13,18184.75,50,1238050
20221103,09:58:21,18182.65,50,1238050
20221103,09:58:31,18184.15,50,1238050
20221103,09:58:34,18183.75,50,1238050
20221103,09:59:18,18179.50,150,1238050
20221103,09:59:19,18180.95,100,1238050
20221103,09:59:32,18176.60,50,1238050
20221103,09:59:33,18181.30,50,1238050
20221103,09:59:35,18177.75,50,1238050
20221103,09:59:37,18177.55,50,1238050
20221103,09:59:41,18178.45,50,1238200
20221103,09:59:42,18180.00,50,1238200
20221103,09:59:45,18177.70,250,1238200
20221103,09:59:51,18181.30,50,1238200
20221103,10:00:02,18181.05,100,1238200
20221103,10:00:05,18182.50,50,1238200
20221103,10:00:19,18182.40,50,1238200
20221103,10:00:21,18183.75,50,1238200
20221103,10:00:22,18183.70,50,1238200
20221103,10:00:24,18185.15,150,1238200
20221103,10:00:26,18185.90,100,1238200
20221103,10:00:40,18189.90,50,1238200
20221103,10:00:43,18190.00,50,1238200
20221103,10:00:49,18187.40,100,1238200
20221103,10:00:53,18190.00,50,1238200
20221103,10:00:55,18188.30,50,1238200
20221103,10:00:57,18190.00,100,1238200
20221103,10:00:58,18189.50,50,1238200
20221103,10:00:59,18189.75,100,1238200
20221103,10:01:00,18188.00,100,1238200
20221103,10:01:04,18188.00,50,1238200
20221103,10:01:17,18181.05,50,1238200
20221103,10:01:32,18183.80,50,1238200
20221103,10:01:58,18180.00,50,1238200
20221103,10:02:01,18180.75,200,1238200
20221103,10:02:04,18179.00,200,1238200
20221103,10:02:05,18177.30,200,1238200
20221103,10:02:43,18177.50,50,1238250
20221103,10:02:56,18180.00,50,1238250
20221103,10:02:57,18177.20,50,1238250
20221103,10:02:59,18180.35,50,1238250
20221103,10:03:18,18179.05,50,1238250
20221103,10:03:19,18178.00,150,1238250
20221103,10:03:24,18178.30,650,1238250
20221103,10:03:25,18178.30,350,1238250
20221103,10:03:26,18178.35,100,1238250
20221103,10:03:28,18179.05,50,1238250
20221103,10:03:29,18177.00,50,1238250
20221103,10:03:33,18179.25,200,1238250
20221103,10:03:35,18179.55,200,1238250
20221103,10:03:36,18179.25,100,1238250
20221103,10:03:47,18177.00,200,1238250
20221103,10:03:50,18179.05,200,1238250
20221103,10:03:52,18177.00,50,1238250
20221103,10:03:53,18177.75,100,1238250
20221103,10:03:54,18179.10,100,1238250
20221103,10:03:56,18177.00,50,1238250
20221103,10:03:57,18177.00,50,1238250
20221103,10:03:58,18176.55,50,1238250
20221103,10:04:09,18174.65,50,1238250
20221103,10:04:16,18174.95,200,1238250
20221103,10:04:18,18175.10,100,1238250
20221103,10:04:19,18176.70,50,1238250
20221103,10:04:26,18176.70,200,1238250
20221103,10:04:33,18175.80,250,1238250
20221103,10:04:34,18176.15,50,1238250
20221103,10:04:37,18174.80,200,1238250
20221103,10:04:38,18174.95,50,1238250
20221103,10:04:39,18173.75,50,1238250
20221103,10:04:56,18176.50,200,1238250
20221103,10:05:02,18176.70,100,1238250
20221103,10:05:03,18178.65,50,1238250
20221103,10:05:14,18179.00,100,1238250
20221103,10:05:15,18179.00,50,1238250
20221103,10:05:16,18179.25,150,1238250
20221103,10:05:17,18179.25,200,1238250
20221103,10:05:50,18176.70,100,1240400
20221103,10:05:54,18175.00,50,1240400
20221103,10:06:01,18175.00,50,1240400
20221103,10:06:04,18175.00,100,1240400
20221103,10:06:05,18174.05,50,1240400
20221103,10:06:06,18172.50,50,1240400
20221103,10:06:07,18174.45,50,1240400
20221103,10:06:08,18172.50,50,1240400
20221103,10:06:11,18171.00,50,1240400
20221103,10:06:13,18171.00,250,1240400
20221103,10:06:17,18170.00,100,1240400
20221103,10:06:21,18171.25,100,1240400
20221103,10:06:22,18171.65,100,1240400
20221103,10:06:36,18168.95,50,1240400
20221103,10:06:38,18171.70,100,1240400
20221103,10:06:44,18169.00,50,1240400
20221103,10:06:46,18169.05,100,1240400
20221103,10:06:54,18169.05,50,1240400
20221103,10:07:35,18169.85,250,1240400
20221103,10:07:36,18169.85,250,1240400
20221103,10:07:38,18168.95,100,1240400
20221103,10:07:55,18168.65,150,1240400
20221103,10:07:58,18168.95,50,1240400
20221103,10:08:04,18168.95,50,1240400
20221103,10:08:06,18167.00,50,1240400
20221103,10:08:09,18168.00,50,1240400
20221103,10:08:11,18168.00,200,1240400
20221103,10:08:25,18166.15,100,1240400
20221103,10:08:38,18167.00,50,1240400
20221103,10:08:50,18165.45,50,1240650
20221103,10:08:55,18165.00,50,1240650
20221103,10:08:57,18165.15,1050,1240650
20221103,10:09:02,18168.00,100,1240650
20221103,10:09:03,18168.95,100,1240650
20221103,10:09:04,18168.95,100,1240650
20221103,10:09:34,18170.00,250,1240650
20221103,10:09:36,18169.95,50,1240650
20221103,10:09:43,18173.85,50,1240650
20221103,10:09:47,18175.00,50,1240650
20221103,10:09:55,18178.40,200,1240650
20221103,10:10:02,18177.70,50,1240650
20221103,10:10:03,18178.00,50,1240650
20221103,10:10:07,18178.10,50,1240650
20221103,10:10:08,18173.80,1000,1240650
20221103,10:10:12,18180.00,50,1240650
20221103,10:10:16,18181.10,50,1240650
20221103,10:10:23,18185.00,50,1240650
20221103,10:10:25,18187.20,100,1240650
20221103,10:10:30,18185.55,50,1240650
20221103,10:10:31,18186.25,50,1240650
20221103,10:10:41,18183.45,50,1240650
20221103,10:10:44,18183.45,1100,1240650
20221103,10:10:47,18179.30,50,1240650
20221103,10:10:56,18180.15,50,1240650
20221103,10:11:04,18180.10,50,1240650
20221103,10:11:09,18181.95,1050,1240650
20221103,10:11:31,18178.15,50,1240650
20221103,10:11:46,18176.50,50,1241600
20221103,10:11:57,18175.00,50,1241600
20221103,10:12:19,18176.10,100,1241600
20221103,10:12:20,18178.60,100,1241600
20221103,10:12:25,18177.40,50,1241600
20221103,10:12:38,18181.90,100,1241600
20221103,10:12:55,18180.00,200,1241600
20221103,10:12:57,18180.00,100,1241600
20221103,10:13:14,18177.35,50,1241600
20221103,10:13:16,18182.85,400,1241600
20221103,10:13:23,18182.85,100,1241600
20221103,10:13:32,18181.90,100,1241600
20221103,10:13:35,18181.90,100,1241600
20221103,10:13:36,18181.90,600,1241600
20221103,10:13:42,18181.90,150,1241600
20221103,10:13:56,18184.90,50,1241600
20221103,10:13:58,18184.90,150,1241600
20221103,10:14:09,18185.00,50,1241600
20221103,10:14:10,18186.00,200,1241600
20221103,10:14:12,18188.15,250,1241600
20221103,10:14:16,18186.00,50,1241600
20221103,10:14:17,18187.40,50,1241600
20221103,10:14:26,18185.65,1000,1241600
20221103,10:14:28,18188.20,100,1241600
20221103,10:14:34,18189.00,100,1241600
20221103,10:14:43,18189.00,50,1241600
20221103,10:14:46,18189.00,50,1241600
20221103,10:14:49,18189.00,350,1240250
20221103,10:14:52,18190.00,50,1240250
20221103,10:14:53,18192.00,50,1240250
20221103,10:14:59,18195.00,150,1240250
20221103,10:15:01,18195.40,50,1240250
20221103,10:15:02,18196.00,250,1240250
20221103,10:15:03,18197.65,250,1240250
20221103,10:15:04,18198.40,200,1240250
20221103,10:15:09,18198.40,200,1240250
20221103,10:15:11,18198.40,100,1240250
20221103,10:15:13,18199.25,200,1240250
20221103,10:15:14,18199.60,50,1240250
20221103,10:15:15,18200.00,400,1240250
20221103,10:15:16,18201.00,50,1240250
20221103,10:15:21,18202.50,100,1240250
20221103,10:15:22,18203.05,100,1240250
20221103,10:15:24,18202.00,100,1240250
20221103,10:15:28,18202.45,100,1240250
20221103,10:15:34,18201.00,50,1240250
20221103,10:15:35,18201.70,100,1240250
20221103,10:15:40,18202.00,50,1240250
20221103,10:15:41,18203.05,150,1240250
20221103,10:15:45,18205.00,200,1240250
20221103,10:15:46,18205.00,100,1240250
20221103,10:15:47,18205.00,50,1240250
20221103,10:15:49,18204.45,150,1240250
20221103,10:15:55,18204.30,50,1240250
20221103,10:15:57,18205.00,50,1240250
20221103,10:15:58,18203.80,50,1240250
20221103,10:16:05,18204.00,100,1240250
20221103,10:16:07,18204.00,50,1240250
20221103,10:16:13,18204.00,300,1240250
20221103,10:16:15,18202.55,200,1240250
20221103,10:16:16,18200.05,200,1240250
20221103,10:16:20,18200.25,150,1240250
20221103,10:16:21,18202.00,100,1240250
20221103,10:16:28,18200.00,150,1240250
20221103,10:16:31,18200.00,50,1240250
20221103,10:16:33,18198.80,50,1240250
20221103,10:16:35,18198.35,50,1240250
20221103,10:16:44,18196.45,50,1240250
20221103,10:16:48,18198.50,50,1240250
20221103,10:16:53,18197.00,50,1240250
20221103,10:16:55,18198.00,150,1240250
20221103,10:17:00,18198.00,100,1240250
20221103,10:17:01,18198.10,50,1240250
20221103,10:17:02,18200.00,50,1240250
20221103,10:17:04,18200.00,100,1240250
20221103,10:17:07,18198.50,200,1240250
20221103,10:17:08,18196.15,100,1240250
20221103,10:17:10,18197.60,50,1240250
20221103,10:17:12,18200.00,50,1240250
20221103,10:17:21,18201.95,900,1240250
20221103,10:17:27,18201.15,50,1240250
20221103,10:17:34,18200.75,50,1240250
20221103,10:17:45,18201.20,50,1240250
20221103,10:17:46,18201.20,50,1240700
20221103,10:17:55,18204.00,50,1240700
20221103,10:17:59,18202.95,50,1240700
20221103,10:18:01,18200.75,200,1240700
20221103,10:18:14,18200.75,100,1240700
20221103,10:18:28,18203.00,100,1240700
20221103,10:18:29,18205.00,200,1240700
20221103,10:18:30,18206.00,150,1240700
20221103,10:18:31,18206.00,50,1240700
20221103,10:18:41,18203.90,100,1240700
20221103,10:18:58,18202.80,150,1240700
20221103,10:19:00,18200.05,200,1240700
20221103,10:19:11,18202.80,100,1240700
20221103,10:19:16,18204.00,50,1240700
20221103,10:19:17,18205.00,50,1240700
20221103,10:19:20,18205.55,50,1240700
20221103,10:19:22,18203.10,50,1240700
20221103,10:19:45,18200.50,500,1240700
20221103,10:20:04,18202.90,250,1240700
20221103,10:20:09,18203.05,50,1240700
20221103,10:20:10,18202.95,50,1240700
20221103,10:20:11,18205.00,100,1240700
20221103,10:20:17,18205.00,50,1240700
20221103,10:20:19,18206.00,150,1240700
20221103,10:20:23,18207.60,50,1240700
20221103,10:20:25,18207.60,50,1240700
20221103,10:20:27,18206.00,100,1240700
20221103,10:20:30,18205.95,200,1240700
20221103,10:20:32,18205.95,100,1240700
20221103,10:20:35,18205.80,50,1240700
20221103,10:20:37,18205.80,100,1240700
20221103,10:20:38,18205.80,50,1240700
20221103,10:20:39,18207.25,50,1240700
20221103,10:20:47,18204.95,100,1242600
20221103,10:20:58,18205.70,50,1242600
20221103,10:21:17,18202.20,50,1242600
20221103,10:21:30,18200.05,50,1242600
20221103,10:21:33,18201.95,50,1242600
20221103,10:21:34,18200.00,150,1242600
20221103,10:21:39,18200.05,100,1242600
20221103,10:21:41,18200.00,50,1242600
20221103,10:21:44,18202.00,50,1242600
20221103,10:21:48,18198.90,150,1242600
20221103,10:21:53,18200.00,50,1242600
20221103,10:22:00,18199.05,50,1242600
20221103,10:22:10,18201.90,100,1242600
20221103,10:22:12,18205.00,50,1242600
20221103,10:22:13,18205.00,350,1242600
20221103,10:22:14,18206.00,400,1242600
20221103,10:22:18,18206.90,50,1242600
20221103,10:22:23,18206.95,50,1242600
20221103,10:22:25,18206.05,300,1242600
20221103,10:22:26,18201.65,50,1242600
20221103,10:22:43,18203.05,100,1242600
20221103,10:22:47,18202.25,100,1242600
20221103,10:22:49,18202.05,50,1242600
20221103,10:23:03,18202.05,50,1242600
20221103,10:23:05,18202.00,50,1242600
20221103,10:23:07,18203.75,250,1242600
20221103,10:23:08,18204.20,250,1242600
20221103,10:23:11,18202.00,100,1242600
20221103,10:23:24,18202.55,50,1242600
20221103,10:23:35,18205.30,100,1242600
20221103,10:23:46,18201.95,200,1242900
20221103,10:23:56,18201.95,50,1242900
20221103,10:23:58,18200.40,500,1242900
20221103,10:24:01,18203.05,50,1242900
20221103,10:24:05,18201.70,50,1242900
20221103,10:24:08,18203.05,50,1242900
20221103,10:24:12,18205.30,50,1242900
20221103,10:24:15,18205.30,50,1242900
20221103,10:24:18,18205.30,100,1242900
20221103,10:24:33,18205.30,50,1242900
20221103,10:24:36,18205.65,50,1242900
20221103,10:24:37,18206.95,50,1242900
20221103,10:24:38,18205.30,50,1242900
20221103,10:24:50,18206.90,50,1242900
20221103,10:24:51,18207.00,50,1242900
20221103,10:24:53,18205.30,50,1242900
20221103,10:24:59,18205.65,50,1242900
20221103,10:25:03,18205.75,50,1242900
20221103,10:25:04,18205.30,50,1242900
20221103,10:25:05,18205.95,50,1242900
20221103,10:25:06,18206.25,100,1242900
20221103,10:25:07,18205.55,50,1242900
20221103,10:25:08,18205.30,50,1242900
20221103,10:25:18,18207.60,100,1242900
20221103,10:25:36,18208.00,50,1242900
20221103,10:25:40,18209.35,50,1242900
20221103,10:25:42,18209.35,150,1242900
20221103,10:25:55,18210.00,150,1242900
20221103,10:25:55,18210.05,150,1242900
20221103,10:25:56,18210.05,50,1242900
20221103,10:25:57,18210.00,100,1242900
20221103,10:25:58,18210.85,100,1242900
20221103,10:26:01,18210.85,50,1242900
20221103,10:26:05,18210.15,100,1242900
20221103,10:26:12,18211.00,100,1242900
20221103,10:26:16,18213.45,50,1242900
20221103,10:26:21,18213.45,50,1242900
20221103,10:26:25,18211.60,50,1242900
20221103,10:26:34,18211.60,50,1242900
20221103,10:26:42,18211.00,50,1242900
20221103,10:26:49,18211.00,50,1244000
20221103,10:26:51,18213.15,100,1244000
20221103,10:26:59,18211.10,150,1244000
20221103,10:27:01,18214.00,50,1244000
20221103,10:27:02,18215.00,100,1244000
20221103,10:27:03,18215.25,300,1244000
20221103,10:27:09,18214.45,50,1244000
20221103,10:27:10,18215.00,50,1244000
20221103,10:27:14,18217.00,100,1244000
20221103,10:27:15,18217.00,50,1244000
20221103,10:27:21,18215.55,300,1244000
20221103,10:27:34,18215.00,50,1244000
20221103,10:27:36,18216.60,50,1244000
20221103,10:27:38,18217.30,200,1244000
20221103,10:27:45,18217.75,100,1244000
20221103,10:27:47,18218.95,200,1244000
20221103,10:27:51,18219.95,100,1244000
20221103,10:27:53,18219.95,50,1244000
20221103,10:28:07,18217.50,50,1244000
20221103,10:28:17,18217.50,50,1244000
20221103,10:28:20,18218.95,50,1244000
20221103,10:28:29,18217.30,50,1244000
20221103,10:28:33,18217.25,150,1244000
20221103,10:28:37,18218.35,50,1244000
20221103,10:28:38,18217.95,50,1244000
20221103,10:28:44,18217.00,50,1244000
20221103,10:28:47,18216.40,50,1244000
20221103,10:28:56,18215.55,50,1244000
20221103,10:28:59,18215.55,100,1244000
20221103,10:29:02,18215.55,50,1244000
20221103,10:29:08,18215.00,50,1244000
20221103,10:29:09,18215.00,100,1244000
20221103,10:29:27,18215.00,50,1244000
20221103,10:29:30,18213.45,50,1244000
20221103,10:29:38,18213.45,500,1244000
20221103,10:29:41,18215.00,150,1244000
20221103,10:29:44,18215.00,50,1244000
20221103,10:29:56,18212.40,200,1245600
20221103,10:30:05,18215.95,250,1245600
20221103,10:30:17,18212.25,50,1245600
20221103,10:30:18,18212.15,300,1245600
20221103,10:30:30,18211.70,50,1245600
20221103,10:30:37,18212.40,150,1245600
20221103,10:30:38,18211.45,450,1245600
20221103,10:30:47,18211.50,50,1245600
20221103,10:30:53,18212.00,50,1245600
20221103,10:30:55,18209.95,200,1245600
20221103,10:31:14,18210.80,100,1245600
20221103,10:31:17,18208.30,100,1245600
20221103,10:31:24,18210.00,100,1245600
20221103,10:31:26,18208.90,100,1245600
20221103,10:31:29,18210.00,100,1245600
20221103,10:31:37,18211.60,50,1245600
20221103,10:31:43,18211.00,50,1245600
20221103,10:31:49,18211.00,50,1245600
20221103,10:31:59,18210.55,50,1245600
20221103,10:32:03,18207.00,50,1245600
20221103,10:32:04,18207.00,50,1245600
20221103,10:32:06,18206.50,50,1245600
20221103,10:32:10,18206.30,150,1245600
20221103,10:32:13,18206.30,50,1245600
20221103,10:32:17,18206.45,50,1245600
20221103,10:32:20,18206.40,100,1245600
20221103,10:32:21,18205.70,50,1245600
20221103,10:32:42,18208.00,200,1245600
20221103,10:33:05,18208.75,100,1246300
20221103,10:33:18,18207.85,100,1246300
20221103,10:33:19,18207.60,100,1246300
20221103,10:33:20,18207.65,50,1246300
20221103,10:33:21,18208.25,50,1246300
20221103,10:33:23,18208.25,50,1246300
20221103,10:33:24,18208.30,50,1246300
20221103,10:33:32,18208.00,100,1246300
20221103,10:33:38,18208.15,50,1246300
20221103,10:33:38,18208.00,50,1246300
20221103,10:33:39,18208.05,50,1246300
20221103,10:33:40,18207.95,100,1246300
20221103,10:33:41,18207.55,50,1246300
20221103,10:33:43,18207.95,100,1246300
20221103,10:33:45,18207.75,50,1246300
20221103,10:33:46,18210.00,50,1246300
20221103,10:33:51,18210.00,50,1246300
20221103,10:33:57,18208.60,50,1246300
20221103,10:34:04,18209.05,50,1246300
20221103,10:34:19,18208.00,50,1246300
20221103,10:34:30,18206.85,250,1246300
20221103,10:34:47,18210.00,50,1246300
20221103,10:35:40,18206.50,300,1246300
20221103,10:35:59,18204.80,50,1246650
20221103,10:36:20,18206.65,50,1246650
20221103,10:36:22,18206.05,50,1246650
20221103,10:36:39,18208.25,50,1246650
20221103,10:37:09,18208.00,200,1246650
20221103,10:37:10,18208.95,50,1246650
20221103,10:37:12,18210.00,300,1246650
20221103,10:37:19,18209.80,50,1246650
20221103,10:37:22,18211.00,100,1246650
20221103,10:37:23,18212.00,50,1246650
20221103,10:37:24,18212.00,100,1246650
20221103,10:37:27,18214.95,100,1246650
20221103,10:37:35,18213.75,50,1246650
20221103,10:37:44,18215.00,100,1246650
20221103,10:37:56,18216.00,50,1246650
20221103,10:37:59,18213.40,500,1246650
20221103,10:38:00,18215.00,50,1246650
20221103,10:38:01,18215.00,50,1246650
20221103,10:38:06,18215.50,100,1246650
20221103,10:38:10,18214.70,500,1246650
20221103,10:38:11,18216.95,50,1246650
20221103,10:38:16,18213.30,100,1246650
20221103,10:38:26,18213.40,50,1246650
20221103,10:38:27,18212.00,50,1246650
20221103,10:38:28,18209.65,450,1246650
20221103,10:38:36,18210.45,50,1246650
20221103,10:38:38,18208.55,450,1246650
20221103,10:38:44,18209.65,100,1246650
20221103,10:38:49,18208.30,200,1245650
20221103,10:38:50,18208.10,50,1245650
20221103,10:38:53,18208.55,50,1245650
20221103,10:39:00,18208.05,50,1245650
20221103,10:39:07,18209.15,50,1245650
20221103,10:39:11,18209.65,50,1245650
20221103,10:39:15,18211.55,200,1245650
20221103,10:39:51,18215.00,50,1245650
20221103,10:39:53,18212.70,50,1245650
20221103,10:40:09,18212.05,250,1245650
20221103,10:40:26,18217.00,50,1245650
20221103,10:40:36,18218.70,100,1245650
20221103,10:40:37,18216.85,50,1245650
20221103,10:40:44,18217.20,150,1245650
20221103,10:40:48,18216.55,150,1245650
20221103,10:40:56,18214.05,50,1245650
20221103,10:41:08,18213.00,450,1245650
20221103,10:41:13,18214.70,450,1245650
20221103,10:41:14,18211.85,350,1245650
20221103,10:41:15,18212.30,150,1245650
20221103,10:41:16,18212.80,200,1245650
20221103,10:41:30,18213.00,250,1245650
20221103,10:41:32,18212.80,300,1245650
20221103,10:41:41,18212.00,50,1245650
20221103,10:41:49,18212.80,50,1247200
20221103,10:41:52,18212.80,50,1247200
20221103,10:41:55,18212.80,50,1247200
20221103,10:41:59,18212.00,50,1247200
20221103,10:42:08,18212.00,500,1247200
20221103,10:42:16,18210.35,250,1247200
20221103,10:42:27,18210.10,100,1247200
20221103,10:42:33,18209.45,50,1247200
20221103,10:42:35,18209.35,100,1247200
20221103,10:42:54,18211.05,200,1247200
20221103,10:43:03,18211.05,50,1247200
20221103,10:43:04,18211.00,300,1247200
20221103,10:43:10,18209.05,50,1247200
20221103,10:43:28,18209.00,100,1247200
20221103,10:43:36,18209.00,500,1247200
20221103,10:44:06,18209.00,100,1247200
20221103,10:44:15,18207.60,50,1247200
20221103,10:44:26,18207.60,50,1247200
20221103,10:44:29,18208.00,100,1247200
20221103,10:44:32,18208.00,150,1247200
20221103,10:44:33,18208.00,100,1247200
20221103,10:44:35,18208.00,150,1247200
20221103,10:44:37,18206.00,50,1247200
20221103,10:44:46,18202.75,100,1247200
20221103,10:44:51,18203.00,50,1249150
20221103,10:44:57,18202.55,100,1249150
20221103,10:45:11,18202.00,50,1249150
20221103,10:45:16,18203.20,50,1249150
20221103,10:45:24,18200.55,50,1249150
20221103,10:45:35,18201.00,150,1249150
20221103,10:45:38,18202.50,50,1249150
20221103,10:45:42,18201.00,50,1249150
20221103,10:45:44,18202.50,100,1249150
20221103,10:45:48,18200.00,200,1249150
20221103,10:45:51,18199.00,150,1249150
20221103,10:45:55,18199.00,150,1249150
20221103,10:45:57,18198.00,100,1249150
20221103,10:46:13,18195.05,50,1249150
20221103,10:46:32,18199.00,50,1249150
20221103,10:46:33,18199.00,50,1249150
20221103,10:46:37,18199.00,500,1249150
20221103,10:46:39,18200.00,50,1249150
20221103,10:46:42,18202.20,150,1249150
20221103,10:46:53,18199.00,50,1249150
20221103,10:47:09,18200.70,50,1249150
20221103,10:47:27,18200.00,100,1249150
20221103,10:47:41,18200.70,50,1249150
20221103,10:47:56,18200.15,50,1249750
20221103,10:48:09,18200.05,500,1249750
20221103,10:48:17,18203.65,50,1249750
20221103,10:48:18,18203.70,50,1249750
20221103,10:48:25,18203.10,50,1249750
20221103,10:48:35,18200.30,200,1249750
20221103,10:48:47,18202.95,200,1249750
20221103,10:48:49,18203.85,100,1249750
20221103,10:48:56,18203.75,50,1249750
20221103,10:49:02,18201.85,200,1249750
20221103,10:49:10,18203.40,250,1249750
20221103,10:49:31,18201.90,50,1249750
20221103,10:49:40,18203.25,50,1249750
20221103,10:49:42,18207.00,100,1249750
20221103,10:49:56,18202.95,50,1249750
20221103,10:50:04,18202.00,500,1249750
20221103,10:50:05,18202.00,50,1249750
20221103,10:50:06,18202.00,500,1249750
20221103,10:50:07,18202.00,250,1249750
20221103,10:50:08,18202.00,150,1249750
20221103,10:50:53,18204.45,100,1249200
20221103,10:50:59,18205.70,50,1249200
20221103,10:51:06,18204.30,600,1249200
20221103,10:51:07,18198.45,400,1249200
20221103,10:51:20,18196.95,1000,1249200
20221103,10:51:28,18197.80,150,1249200
20221103,10:51:48,18197.80,500,1249200
20221103,10:51:52,18195.25,100,1249200
20221103,10:51:55,18195.25,200,1249200
20221103,10:52:13,18197.00,50,1249200
20221103,10:52:26,18195.65,200,1249200
20221103,10:52:33,18196.00,100,1249200
20221103,10:52:37,18197.00,500,1249200
20221103,10:52:44,18197.55,50,1249200
20221103,10:52:52,18198.00,50,1249200
20221103,10:52:57,18200.00,50,1249200
20221103,10:52:58,18198.05,50,1249200
20221103,10:54:34,18198.15,50,1249200
20221103,10:54:37,18198.00,100,1250000
20221103,10:54:55,18197.80,50,1250000
20221103,10:55:01,18194.40,500,1250000
20221103,10:55:19,18195.55,100,1250000
20221103,10:55:37,18195.30,200,1250000
20221103,10:56:02,18195.30,50,1250000
20221103,10:56:09,18198.00,50,1250000
20221103,10:56:15,18199.95,50,1250000
20221103,10:56:38,18198.05,100,1250000
20221103,10:57:38,18198.00,150,1250000
20221103,10:57:51,18199.05,50,1250300
20221103,10:57:53,18200.00,50,1250300
20221103,10:58:09,18202.00,50,1250300
20221103,10:58:16,18199.95,450,1250300
20221103,10:58:26,18201.60,50,1250300
20221103,10:58:28,18201.60,50,1250300
20221103,10:58:32,18200.25,500,1250300
20221103,10:59:00,18201.60,50,1250300
20221103,10:59:19,18200.00,50,1250300
20221103,10:59:38,18200.00,50,1250300
20221103,11:00:01,18199.95,100,1251150
20221103,11:00:06,18198.10,50,1251150
20221103,11:00:08,18198.00,50,1251150
20221103,11:00:34,18198.00,150,1251150
20221103,11:00:55,18195.00,50,1251150
20221103,11:00:56,18193.00,100,1251150
20221103,11:01:09,18189.35,1000,1251150
20221103,11:01:15,18190.00,50,1251150
20221103,11:01:19,18190.00,50,1251150
20221103,11:01:20,18189.65,50,1251150
20221103,11:01:37,18188.00,150,1251150
20221103,11:01:49,18187.85,50,1251150
20221103,11:01:50,18188.00,50,1251150
20221103,11:02:04,18189.20,200,1251150
20221103,11:02:13,18187.95,300,1251150
20221103,11:02:53,18187.30,50,1249950
20221103,11:03:07,18186.45,150,1249950
20221103,11:03:18,18185.40,50,1249950
20221103,11:03:25,18187.00,50,1249950
20221103,11:03:54,18189.40,50,1249950
20221103,11:03:55,18190.05,50,1249950
20221103,11:04:04,18188.10,150,1249950
20221103,11:04:35,18187.70,200,1249950
20221103,11:04:48,18186.35,50,1249950
20221103,11:05:17,18187.45,50,1249950
20221103,11:05:32,18189.65,50,1249950
20221103,11:05:59,18188.00,300,1249850
20221103,11:06:08,18185.90,200,1249850
20221103,11:06:30,18185.45,50,1249850
20221103,11:06:41,18185.00,50,1249850
20221103,11:06:55,18184.45,50,1249850
20221103,11:06:56,18184.00,50,1249850
20221103,11:07:08,18184.00,50,1249850
20221103,11:07:17,18185.00,200,1249850
20221103,11:07:19,18184.20,150,1249850
20221103,11:07:22,18185.00,150,1249850
20221103,11:07:23,18184.90,100,1249850
20221103,11:07:34,18186.95,50,1249850
20221103,11:07:37,18188.45,100,1249850
20221103,11:07:41,18187.95,50,1249850
20221103,11:07:57,18185.00,200,1249850
20221103,11:08:13,18184.00,50,1249850
20221103,11:08:14,18184.95,50,1249850
20221103,11:08:20,18184.00,50,1249850
20221103,11:08:29,18182.65,50,1249850
20221103,11:08:30,18182.00,50,1249850
20221103,11:08:45,18181.95,100,1249850
20221103,11:09:13,18181.95,50,1249850
20221103,11:09:28,18182.00,100,1249200
20221103,11:09:43,18182.00,50,1249200
20221103,11:09:55,18181.00,100,1249200
20221103,11:10:03,18180.00,250,1249200
20221103,11:10:08,18178.85,250,1249200
20221103,11:10:36,18178.50,100,1249200
20221103,11:10:37,18178.70,200,1249200
20221103,11:10:40,18180.00,500,1249200
20221103,11:10:42,18179.90,50,1249200
20221103,11:10:52,18180.20,50,1249200
20221103,11:10:54,18180.00,50,1249200
20221103,11:10:58,18183.00,50,1249200
20221103,11:10:59,18181.65,500,1249200
20221103,11:11:11,18187.20,250,1249200
20221103,11:11:16,18188.00,50,1249200
20221103,11:11:20,18189.75,150,1249200
20221103,11:11:36,18190.35,200,1249200
20221103,11:12:10,18190.90,250,1247900
20221103,11:12:20,18190.55,50,1247900
20221103,11:12:26,18190.75,100,1247900
20221103,11:12:32,18190.45,50,1247900
20221103,11:13:06,18190.00,100,1247900
20221103,11:13:15,18192.00,50,1247900
20221103,11:13:32,18196.05,50,1247900
20221103,11:13:44,18200.00,50,1247900
20221103,11:13:45,18197.10,50,1247900
20221103,11:13:51,18199.95,100,1247900
20221103,11:14:00,18199.90,50,1247900
20221103,11:14:09,18200.25,500,1247900
20221103,11:14:15,18196.70,50,1247900
20221103,11:14:20,18200.85,300,1247900
20221103,11:14:33,18200.00,50,1247900
20221103,11:14:35,18203.75,50,1247900
20221103,11:14:53,18201.10,50,1247900
20221103,11:15:03,18203.25,200,1247700
20221103,11:15:12,18203.25,50,1247700
20221103,11:15:16,18205.00,50,1247700
20221103,11:15:18,18208.00,100,1247700
20221103,11:15:22,18209.00,50,1247700
20221103,11:15:25,18210.00,50,1247700
20221103,11:15:26,18210.00,150,1247700
20221103,11:15:31,18209.95,50,1247700
20221103,11:15:35,18210.00,50,1247700
20221103,11:15:39,18209.95,50,1247700
20221103,11:15:43,18210.00,50,1247700
20221103,11:15:48,18209.00,350,1247700
20221103,11:16:10,18209.75,50,1247700
20221103,11:16:11,18209.80,50,1247700
20221103,11:16:49,18206.85,50,1247700
20221103,11:16:57,18207.85,100,1247700
20221103,11:17:01,18208.55,50,1247700
20221103,11:17:07,18209.00,50,1247700
20221103,11:17:20,18208.50,150,1247700
20221103,11:17:23,18211.60,450,1247700
20221103,11:17:57,18210.80,50,1247850
20221103,11:18:14,18211.60,50,1247850
20221103,11:18:40,18210.75,150,1247850
20221103,11:18:43,18209.70,150,1247850
20221103,11:19:00,18206.45,50,1247850
20221103,11:19:06,18208.65,50,1247850
20221103,11:19:09,18208.70,50,1247850
20221103,11:19:13,18208.00,200,1247850
20221103,11:19:17,18210.35,50,1247850
20221103,11:19:37,18208.65,250,1247850
20221103,11:20:05,18208.65,50,1247850
20221103,11:20:08,18209.05,50,1247850
20221103,11:20:19,18210.10,50,1247850
20221103,11:20:22,18208.55,50,1247850
20221103,11:20:24,18208.35,100,1247850
20221103,11:21:03,18207.50,50,1248200
20221103,11:21:05,18208.00,50,1248200
20221103,11:21:09,18207.40,50,1248200
20221103,11:21:17,18208.00,50,1248200
20221103,11:21:28,18209.35,50,1248200
20221103,11:21:46,18209.50,250,1248200
20221103,11:21:48,18209.55,50,1248200
20221103,11:21:54,18210.50,50,1248200
20221103,11:21:59,18211.00,50,1248200
20221103,11:22:06,18211.95,150,1248200
20221103,11:22:06,18212.00,200,1248200
20221103,11:22:11,18212.40,50,1248200
20221103,11:22:12,18214.25,100,1248200
20221103,11:22:13,18213.75,50,1248200
20221103,11:22:16,18213.75,50,1248200
20221103,11:22:52,18210.00,50,1248200
20221103,11:22:55,18210.15,50,1248200
20221103,11:23:07,18209.55,50,1248200
20221103,11:23:15,18210.00,50,1248200
20221103,11:24:05,18210.00,50,1248100
20221103,11:24:15,18210.00,50,1248100
20221103,11:24:21,18209.85,50,1248100
20221103,11:24:26,18208.00,50,1248100
20221103,11:24:30,18208.00,50,1248100
20221103,11:24:44,18208.00,50,1248100
20221103,11:25:22,18205.65,50,1248100
20221103,11:25:45,18204.20,50,1248100
20221103,11:26:14,18201.00,50,1248100
20221103,11:26:29,18201.30,50,1248100
20221103,11:26:34,18201.00,50,1248100
20221103,11:26:35,18200.00,250,1248100
20221103,11:26:59,18199.55,50,1248750
20221103,11:27:02,18196.45,100,1248750
20221103,11:27:13,18198.80,50,1248750
20221103,11:27:40,18201.95,50,1248750
20221103,11:29:18,18197.95,150,1248750
20221103,11:30:04,18197.95,750,1248900
20221103,11:30:13,18197.00,100,1248900
20221103,11:30:14,18195.95,100,1248900
20221103,11:30:21,18193.00,250,1248900
20221103,11:30:34,18190.35,100,1248900
20221103,11:30:45,18193.00,150,1248900
20221103,11:30:58,18192.35,50,1248900
20221103,11:31:15,18191.00,50,1248900
20221103,11:32:20,18196.15,50,1248900
20221103,11:32:28,18196.15,50,1248900
20221103,11:32:34,18194.80,50,1248900
20221103,11:33:30,18193.55,100,1250000
20221103,11:33:32,18193.95,50,1250000
20221103,11:33:33,18193.30,50,1250000
20221103,11:33:37,18192.20,50,1250000
20221103,11:33:53,18192.20,250,1250000
20221103,11:33:56,18192.20,250,1250000
20221103,11:34:02,18192.20,100,1250000
20221103,11:34:06,18192.20,500,1250000
20221103,11:34:07,18190.45,50,1250000
20221103,11:34:08,18189.90,1400,1250000
20221103,11:34:09,18189.90,1200,1250000
20221103,11:34:26,18187.90,50,1250000
20221103,11:34:52,18187.90,350,1250000
20221103,11:34:52,18187.90,50,1250000
20221103,11:34:54,18187.90,100,1250000
20221103,11:35:08,18185.85,100,1250000
20221103,11:35:44,18180.05,150,1250000
20221103,11:35:47,18180.00,50,1250000
20221103,11:35:55,18180.70,100,1250000
20221103,11:35:56,18180.70,50,1250000
20221103,11:36:02,18178.55,100,1252700
20221103,11:36:05,18177.20,200,1252700
20221103,11:36:12,18176.90,50,1252700
20221103,11:36:15,18178.35,50,1252700
20221103,11:36:17,18178.75,50,1252700
20221103,11:36:26,18180.35,50,1252700
20221103,11:36:37,18178.35,50,1252700
20221103,11:36:41,18178.35,50,1252700
20221103,11:36:42,18179.85,50,1252700
20221103,11:36:46,18178.50,50,1252700
20221103,11:36:48,18178.40,100,1252700
20221103,11:36:49,18178.35,50,1252700
20221103,11:36:52,18178.35,50,1252700
20221103,11:36:57,18180.00,50,1252700
20221103,11:37:00,18179.85,50,1252700
20221103,11:37:06,18179.05,50,1252700
20221103,11:37:08,18178.05,50,1252700
20221103,11:37:10,18178.10,150,1252700
20221103,11:37:12,18178.00,50,1252700
20221103,11:37:23,18177.75,50,1252700
20221103,11:37:34,18181.05,50,1252700
20221103,11:37:36,18181.25,50,1252700
20221103,11:37:39,18181.75,50,1252700
20221103,11:37:48,18180.90,50,1252700
20221103,11:37:50,18179.45,50,1252700
20221103,11:37:55,18181.10,50,1252700
20221103,11:37:57,18181.20,550,1252700
20221103,11:38:05,18178.90,50,1252700
20221103,11:38:13,18179.55,200,1252700
20221103,11:38:21,18178.75,50,1252700
20221103,11:38:22,18178.00,50,1252700
20221103,11:38:30,18177.00,100,1252700
20221103,11:38:32,18175.95,100,1252700
20221103,11:38:34,18175.00,100,1252700
20221103,11:38:47,18175.00,50,1252700
20221103,11:39:00,18178.95,50,1253150
20221103,11:39:04,18178.95,50,1253150
20221103,11:39:19,18177.00,50,1253150
20221103,11:39:32,18175.60,50,1253150
20221103,11:39:34,18175.00,100,1253150
20221103,11:39:47,18175.00,100,1253150
20221103,11:39:48,18174.00,200,1253150
20221103,11:39:49,18172.00,250,1253150
20221103,11:39:55,18172.35,50,1253150
20221103,11:39:57,18167.60,3650,1253150
20221103,11:39:58,18167.05,100,1253150
20221103,11:40:03,18163.30,200,1253150
20221103,11:40:11,18165.65,50,1253150
20221103,11:40:13,18163.85,50,1253150
20221103,11:40:13,18164.45,50,1253150
20221103,11:40:14,18164.70,50,1253150
20221103,11:40:18,18163.00,100,1253150
20221103,11:40:22,18162.00,50,1253150
20221103,11:40:27,18161.60,50,1253150
20221103,11:40:28,18162.25,250,1253150
20221103,11:40:32,18160.95,150,1253150
20221103,11:40:33,18159.45,450,1253150
20221103,11:40:39,18158.50,50,1253150
20221103,11:40:43,18157.75,400,1253150
20221103,11:40:44,18160.00,550,1253150
20221103,11:40:45,18159.95,50,1253150
20221103,11:40:50,18157.25,50,1253150
20221103,11:40:51,18159.60,150,1253150
20221103,11:40:52,18159.45,50,1253150
20221103,11:40:52,18160.45,50,1253150
20221103,11:40:53,18160.60,50,1253150
20221103,11:40:56,18161.30,50,1253150
20221103,11:40:57,18160.45,50,1253150
20221103,11:40:58,18160.30,50,1253150
20221103,11:41:00,18156.80,1100,1253150
20221103,11:41:01,18159.55,50,1253150
20221103,11:41:11,18159.55,500,1253150
20221103,11:41:16,18158.50,50,1253150
20221103,11:41:27,18159.15,50,1253150
20221103,11:41:28,18159.65,250,1253150
20221103,11:41:29,18159.00,50,1253150
20221103,11:41:33,18160.00,100,1253150
20221103,11:41:43,18158.70,50,1253150
20221103,11:41:56,18158.50,250,1253150
20221103,11:41:59,18156.70,50,1253150
20221103,11:42:00,18155.50,500,1253150
20221103,11:42:01,18155.00,450,1253150
20221103,11:42:05,18152.05,150,1254250
20221103,11:42:07,18152.30,50,1254250
20221103,11:42:10,18152.90,50,1254250
20221103,11:42:20,18156.00,50,1254250
20221103,11:42:24,18155.95,100,1254250
20221103,11:42:36,18156.00,200,1254250
20221103,11:42:37,18156.00,100,1254250
20221103,11:42:38,18156.00,50,1254250
20221103,11:42:39,18156.00,50,1254250
20221103,11:42:41,18156.00,100,1254250
20221103,11:42:44,18155.00,50,1254250
20221103,11:42:45,18156.60,1400,1254250
20221103,11:42:47,18160.00,200,1254250
20221103,11:42:51,18159.85,50,1254250
20221103,11:42:55,18159.05,50,1254250
20221103,11:43:15,18159.05,50,1254250
20221103,11:43:19,18159.00,550,1254250
20221103,11:43:21,18156.70,100,1254250
20221103,11:43:26,18158.45,100,1254250
20221103,11:43:27,18159.00,50,1254250
20221103,11:43:28,18159.00,150,1254250
20221103,11:43:29,18159.05,100,1254250
20221103,11:43:30,18159.05,50,1254250
20221103,11:43:43,18166.30,50,1254250
20221103,11:43:44,18166.05,150,1254250
20221103,11:43:47,18164.90,50,1254250
20221103,11:44:05,18165.00,50,1254250
20221103,11:44:10,18166.85,100,1254250
20221103,11:44:16,18166.95,50,1254250
20221103,11:44:17,18163.25,650,1254250
20221103,11:44:21,18165.00,50,1254250
20221103,11:44:30,18166.40,50,1254250
20221103,11:44:35,18166.40,600,1254250
20221103,11:44:37,18166.40,100,1254250
20221103,11:44:38,18166.40,100,1254250
20221103,11:44:44,18166.40,500,1254250
20221103,11:44:45,18166.40,100,1254250
20221103,11:45:00,18165.00,150,1254250
20221103,11:45:02,18165.25,50,1253050
20221103,11:45:04,18164.75,100,1253050
20221103,11:45:17,18160.00,50,1253050
20221103,11:45:21,18160.00,500,1253050
20221103,11:45:29,18160.00,50,1253050
20221103,11:45:49,18156.90,50,1253050
20221103,11:45:53,18156.90,50,1253050
20221103,11:46:05,18156.10,100,1253050
20221103,11:46:14,18158.85,100,1253050
20221103,11:46:15,18164.30,1550,1253050
20221103,11:46:16,18161.90,150,1253050
20221103,11:46:27,18165.25,100,1253050
20221103,11:46:28,18165.45,50,1253050
20221103,11:46:34,18167.55,100,1253050
20221103,11:46:35,18167.55,50,1253050
20221103,11:46:38,18166.60,50,1253050
20221103,11:46:56,18167.40,100,1253050
20221103,11:46:57,18167.55,200,1253050
20221103,11:47:03,18167.90,50,1253050
20221103,11:47:05,18170.55,50,1253050
20221103,11:47:21,18170.55,500,1253050
20221103,11:47:28,18170.85,50,1253050
20221103,11:47:29,18170.80,50,1253050
20221103,11:47:46,18167.00,50,1253050
20221103,11:47:49,18166.60,50,1253050
20221103,11:48:20,18166.60,50,1254300
20221103,11:48:27,18165.25,100,1254300
20221103,11:49:05,18163.50,500,1254300
20221103,11:49:07,18162.15,50,1254300
20221103,11:49:24,18162.15,500,1254300
20221103,11:49:29,18162.15,50,1254300
20221103,11:49:37,18164.00,200,1254300
20221103,11:50:16,18165.15,50,1254300
20221103,11:50:32,18164.00,50,1254300
20221103,11:50:34,18163.00,50,1254300
20221103,11:50:38,18162.15,100,1254300
20221103,11:50:40,18161.00,50,1254300
20221103,11:50:47,18160.00,50,1254300
20221103,11:50:49,18160.00,100,1254300
20221103,11:50:51,18159.60,50,1254300
20221103,11:51:00,18159.10,50,1254900
20221103,11:51:19,18158.00,50,1254900
20221103,11:51:47,18161.20,50,1254900
20221103,11:51:49,18158.00,50,1254900
20221103,11:52:03,18158.00,50,1254900
20221103,11:52:18,18159.75,150,1254900
20221103,11:52:45,18159.75,500,1254900
20221103,11:53:04,18156.10,50,1254900
20221103,11:53:05,18156.00,100,1254900
20221103,11:53:07,18155.00,200,1254900
20221103,11:53:19,18156.00,50,1254900
20221103,11:53:20,18155.90,50,1254900
20221103,11:53:22,18157.50,100,1254900
20221103,11:53:24,18161.50,450,1254900
20221103,11:53:44,18161.50,300,1254900
20221103,11:54:13,18159.35,50,1255200
20221103,11:54:20,18155.00,50,1255200
20221103,11:54:41,18157.15,50,1255200
20221103,11:54:43,18155.00,200,1255200
20221103,11:54:53,18154.95,50,1255200
20221103,11:54:58,18154.70,50,1255200
20221103,11:55:00,18153.40,200,1255200
20221103,11:55:02,18150.00,1500,1255200
20221103,11:55:03,18150.00,200,1255200
20221103,11:55:14,18150.05,100,1255200
20221103,11:55:15,18151.00,150,1255200
20221103,11:55:22,18151.00,500,1255200
20221103,11:55:23,18152.10,50,1255200
20221103,11:55:24,18152.55,100,1255200
20221103,11:55:31,18154.10,300,1255200
20221103,11:55:38,18157.10,200,1255200
20221103,11:56:06,18157.75,50,1255200
20221103,11:56:07,18160.00,50,1255200
20221103,11:56:17,18161.45,100,1255200
20221103,11:56:25,18161.35,50,1255200
20221103,11:56:32,18160.15,50,1255200
20221103,11:56:35,18160.45,50,1255200
20221103,11:56:39,18160.45,500,1255200
20221103,11:56:44,18160.70,350,1255200
20221103,11:56:51,18160.20,50,1255200
20221103,11:56:56,18160.00,100,1255200
20221103,11:57:03,18158.00,150,1257200
20221103,11:57:26,18158.00,100,1257200
20221103,11:58:18,18160.65,500,1257200
20221103,11:58:19,18159.80,1200,1257200
20221103,11:58:29,18158.25,800,1257200
20221103,11:58:32,18158.00,350,1257200
20221103,11:58:36,18158.00,50,1257200
20221103,11:58:37,18158.25,50,1257200
20221103,11:58:41,18158.85,50,1257200
20221103,11:58:43,18160.00,50,1257200
20221103,11:59:08,18158.25,50,1257200
20221103,11:59:19,18160.20,50,1257200
20221103,11:59:30,18160.00,100,1257200
20221103,11:59:36,18160.45,50,1257200
20221103,11:59:40,18162.00,100,1257200
20221103,11:59:41,18162.00,50,1257200
20221103,11:59:42,18162.00,100,1257200
20221103,11:59:53,18163.35,50,1257200
20221103,12:00:56,18160.00,150,1258800
20221103,12:01:04,18158.00,50,1258800
20221103,12:01:18,18154.25,900,1258800
20221103,12:01:27,18153.30,50,1258800
20221103,12:01:30,18154.40,200,1258800
20221103,12:01:43,18155.25,50,1258800
20221103,12:01:49,18159.45,50,1258800
20221103,12:02:13,18159.45,50,1258800
20221103,12:02:16,18159.45,50,1258800
20221103,12:02:20,18159.45,150,1258800
20221103,12:02:41,18159.45,50,1258800
20221103,12:03:30,18159.45,50,1259850
20221103,12:03:56,18155.65,50,1259850
20221103,12:04:01,18156.50,50,1259850
20221103,12:04:07,18158.00,50,1259850
20221103,12:04:29,18159.45,200,1259850
20221103,12:04:30,18160.00,100,1259850
20221103,12:04:33,18164.20,100,1259850
20221103,12:04:50,18164.25,150,1259850
20221103,12:05:03,18164.25,50,1259850
20221103,12:05:32,18164.25,50,1259850
20221103,12:05:54,18164.85,50,1259850
20221103,12:06:35,18161.10,50,1259850
20221103,12:07:03,18165.00,50,1259850
20221103,12:07:05,18165.00,50,1259850
20221103,12:07:14,18165.00,50,1259850
20221103,12:07:15,18165.00,50,1259850
20221103,12:07:41,18163.10,50,1259850
20221103,12:08:13,18161.00,200,1259850
20221103,12:08:18,18160.00,250,1259850
20221103,12:08:32,18157.90,50,1259850
20221103,12:08:33,18159.90,200,1259850
20221103,12:08:44,18155.90,100,1259850
20221103,12:09:15,18155.55,50,1259900
20221103,12:09:18,18155.30,100,1259900
20221103,12:09:38,18155.30,50,1259900
20221103,12:09:48,18155.30,50,1259900
20221103,12:09:51,18155.05,50,1259900
20221103,12:09:54,18155.00,100,1259900
20221103,12:10:20,18151.00,50,1259900
20221103,12:10:25,18153.00,50,1259900
20221103,12:10:26,18155.00,50,1259900
20221103,12:10:37,18153.10,100,1259900
20221103,12:10:38,18152.15,100,1259900
20221103,12:10:50,18152.50,50,1259900
20221103,12:10:51,18155.00,250,1259900
20221103,12:10:57,18156.50,50,1259900
20221103,12:11:26,18158.50,150,1259900
20221103,12:11:39,18162.55,200,1259900
20221103,12:11:45,18162.50,50,1259900
20221103,12:11:46,18159.65,50,1259900
20221103,12:12:10,18160.00,50,1260000
20221103,12:12:13,18160.55,50,1260000
20221103,12:12:21,18158.90,100,1260000
20221103,12:12:36,18158.90,50,1260000
20221103,12:12:51,18161.65,50,1260000
20221103,12:12:54,18160.25,50,1260000
20221103,12:13:01,18160.25,500,1260000
20221103,12:13:21,18161.00,50,1260000
20221103,12:13:22,18161.10,200,1260000
20221103,12:13:24,18162.00,500,1260000
20221103,12:13:26,18159.10,50,1260000
20221103,12:13:38,18161.85,200,1260000
20221103,12:13:39,18162.00,100,1260000
20221103,12:13:40,18162.00,200,1260000
20221103,12:13:47,18162.00,100,1260000
20221103,12:14:00,18162.00,50,1260000
20221103,12:14:01,18162.00,350,1260000
20221103,12:14:19,18162.00,250,1260000
20221103,12:14:33,18163.00,150,1260000
20221103,12:15:02,18160.00,50,1260000
20221103,12:15:05,18159.75,50,1262050
20221103,12:15:06,18159.60,50,1262050
20221103,12:15:32,18159.95,50,1262050
20221103,12:15:45,18160.95,50,1262050
20221103,12:15:46,18161.95,200,1262050
20221103,12:15:47,18161.95,50,1262050
20221103,12:15:56,18158.05,50,1262050
20221103,12:16:48,18161.75,50,1262050
20221103,12:17:02,18159.00,50,1262050
20221103,12:17:41,18157.15,300,1262050
20221103,12:17:44,18157.05,150,1262050
20221103,12:17:50,18157.00,50,1262050
20221103,12:17:51,18159.90,100,1262050
20221103,12:17:54,18156.80,50,1262050
20221103,12:18:05,18162.30,50,1262500
20221103,12:18:09,18160.00,50,1262500
20221103,12:18:19,18160.85,200,1262500
20221103,12:18:23,18160.90,250,1262500
20221103,12:18:25,18159.75,50,1262500
20221103,12:18:31,18159.45,50,1262500
20221103,12:18:35,18155.55,300,1262500
20221103,12:19:34,18155.55,50,1262500
20221103,12:19:41,18160.00,50,1262500
20221103,12:19:47,18156.65,50,1262500
20221103,12:20:04,18156.15,50,1262500
20221103,12:20:11,18155.55,100,1262500
20221103,12:20:11,18155.00,200,1262500
20221103,12:20:30,18155.00,550,1262500
20221103,12:20:32,18155.25,50,1262500
20221103,12:20:38,18153.05,450,1262500
20221103,12:20:49,18153.05,1000,1262500
20221103,12:20:56,18152.05,50,1262500
20221103,12:20:57,18152.60,50,1262500
20221103,12:21:01,18153.00,50,1262500
20221103,12:21:06,18153.00,50,1265050
20221103,12:21:11,18156.40,150,1265050
20221103,12:21:13,18156.30,50,1265050
20221103,12:21:28,18158.35,50,1265050
20221103,12:21:33,18158.35,1000,1265050
20221103,12:21:55,18158.35,150,1265050
20221103,12:22:31,18157.95,50,1265050
20221103,12:22:49,18157.95,50,1265050
20221103,12:22:53,18157.95,100,1265050
20221103,12:23:26,18159.00,50,1265050
20221103,12:23:57,18157.85,50,1265050
20221103,12:24:00,18158.05,100,1265050
20221103,12:24:10,18158.15,50,1266350
20221103,12:24:12,18157.35,350,1266350
20221103,12:24:13,18157.05,150,1266350
20221103,12:24:25,18157.05,50,1266350
20221103,12:24:27,18157.10,50,1266350
20221103,12:24:29,18156.00,350,1266350
20221103,12:24:48,18157.05,50,1266350
20221103,12:24:52,18159.00,50,1266350
20221103,12:24:58,18155.85,50,1266350
20221103,12:25:02,18156.45,50,1266350
20221103,12:25:12,18155.00,100,1266350
20221103,12:25:22,18156.10,50,1266350
20221103,12:25:26,18155.00,100,1266350
20221103,12:25:46,18154.45,50,1266350
20221103,12:26:01,18153.05,50,1266350
20221103,12:26:02,18154.00,50,1266350
20221103,12:26:08,18154.00,50,1266350
20221103,12:26:22,18152.75,200,1266350
20221103,12:26:30,18152.75,50,1266350
20221103,12:26:39,18154.80,50,1266350
20221103,12:26:42,18154.55,250,1266350
20221103,12:26:54,18152.00,50,1266350
20221103,12:26:58,18153.30,150,1266350
20221103,12:27:00,18152.80,50,1266350
20221103,12:27:03,18152.00,50,1266350
20221103,12:27:05,18152.00,50,1266600
20221103,12:27:12,18152.00,50,1266600
20221103,12:27:18,18153.30,50,1266600
20221103,12:27:20,18153.10,150,1266600
20221103,12:27:23,18152.05,50,1266600
20221103,12:27:33,18152.00,100,1266600
20221103,12:27:35,18152.00,200,1266600
20221103,12:27:36,18152.00,50,1266600
20221103,12:27:41,18152.00,50,1266600
20221103,12:27:42,18152.00,150,1266600
20221103,12:27:44,18152.00,150,1266600
20221103,12:27:45,18151.45,150,1266600
20221103,12:27:47,18151.70,200,1266600
20221103,12:27:52,18153.45,50,1266600
20221103,12:27:54,18154.00,50,1266600
20221103,12:28:02,18155.70,50,1266600
20221103,12:28:04,18155.70,50,1266600
20221103,12:28:10,18157.10,50,1266600
20221103,12:28:12,18159.50,50,1266600
20221103,12:28:15,18157.80,100,1266600
20221103,12:28:18,18160.00,150,1266600
20221103,12:28:19,18160.70,100,1266600
20221103,12:28:20,18160.20,50,1266600
20221103,12:28:21,18162.00,200,1266600
20221103,12:28:24,18164.15,200,1266600
20221103,12:28:25,18165.00,100,1266600
20221103,12:28:30,18162.80,50,1266600
20221103,12:28:38,18160.95,250,1266600
20221103,12:28:40,18161.60,50,1266600
20221103,12:28:46,18160.15,350,1266600
20221103,12:28:51,18161.60,50,1266600
20221103,12:28:52,18160.40,250,1266600
20221103,12:28:53,18160.25,400,1266600
20221103,12:28:54,18161.40,200,1266600
20221103,12:28:55,18160.30,150,1266600
20221103,12:28:56,18158.40,100,1266600
20221103,12:28:58,18159.20,200,1266600
20221103,12:28:59,18158.00,50,1266600
20221103,12:29:00,18158.00,1300,1266600
20221103,12:29:02,18160.00,50,1266600
20221103,12:29:04,18161.50,100,1266600
20221103,12:29:19,18160.00,50,1266600
20221103,12:29:22,18159.65,100,1266600
20221103,12:29:39,18161.50,350,1266600
20221103,12:30:07,18156.30,50,1266600
20221103,12:30:14,18155.50,50,1266050
20221103,12:30:22,18159.45,50,1266050
20221103,12:30:26,18160.80,50,1266050
20221103,12:30:40,18159.10,50,1266050
20221103,12:30:41,18161.90,50,1266050
20221103,12:30:48,18163.20,50,1266050
20221103,12:31:09,18162.00,50,1266050
20221103,12:31:10,18163.25,50,1266050
20221103,12:31:15,18160.50,50,1266050
20221103,12:31:24,18160.00,50,1266050
20221103,12:31:32,18156.65,50,1266050
20221103,12:31:40,18157.00,100,1266050
20221103,12:31:45,18154.00,250,1266050
20221103,12:31:46,18152.35,100,1266050
20221103,12:31:48,18150.90,50,1266050
20221103,12:32:00,18150.40,50,1266050
20221103,12:32:17,18148.50,500,1266050
20221103,12:32:18,18147.25,50,1266050
20221103,12:32:19,18147.30,50,1266050
20221103,12:32:26,18148.00,100,1266050
20221103,12:32:29,18147.65,50,1266050
20221103,12:32:38,18149.35,50,1266050
20221103,12:32:54,18152.60,50,1266050
20221103,12:33:06,18150.00,150,1266050
20221103,12:33:15,18151.45,100,1266050
20221103,12:33:41,18148.90,200,1266050
20221103,12:33:47,18149.00,100,1266050
20221103,12:34:12,18149.40,50,1266050
20221103,12:34:18,18151.45,50,1266050
20221103,12:34:30,18152.60,250,1266050
20221103,12:34:52,18151.10,250,1266050
20221103,12:35:00,18149.30,50,1266050
20221103,12:35:01,18147.20,300,1266050
20221103,12:35:05,18146.15,50,1266050
20221103,12:35:21,18147.60,200,1266050
20221103,12:35:22,18148.60,50,1266050
20221103,12:35:23,18147.55,200,1266050
20221103,12:35:24,18145.00,50,1266050
20221103,12:36:16,18150.40,50,1267050
20221103,12:36:19,18150.00,50,1267050
20221103,12:36:23,18152.85,100,1267050
20221103,12:37:14,18148.90,50,1267050
20221103,12:37:58,18150.15,200,1267050
20221103,12:38:05,18150.00,100,1267050
20221103,12:38:06,18150.00,50,1267050
20221103,12:38:16,18150.20,50,1267050
20221103,12:38:26,18148.05,250,1267050
20221103,12:38:30,18150.10,50,1267050
20221103,12:38:31,18148.00,50,1267050
20221103,12:38:43,18148.00,50,1267050
20221103,12:39:23,18148.90,50,1267200
20221103,12:39:27,18150.00,50,1267200
20221103,12:39:28,18150.45,50,1267200
20221103,12:39:52,18152.95,50,1267200
20221103,12:40:21,18149.65,50,1267200
20221103,12:40:31,18150.55,50,1267200
20221103,12:40:53,18151.10,400,1267200
20221103,12:40:57,18150.00,50,1267200
20221103,12:41:00,18148.15,50,1267200
20221103,12:41:06,18150.00,50,1267200
20221103,12:41:17,18151.00,50,1267200
20221103,12:41:30,18154.00,100,1267200
20221103,12:41:34,18155.15,100,1267200
20221103,12:41:36,18154.90,50,1267200
20221103,12:41:41,18157.25,100,1267200
20221103,12:41:51,18157.25,150,1267200
20221103,12:42:08,18156.90,50,1266850
20221103,12:42:14,18154.85,300,1266850
20221103,12:42:19,18155.10,50,1266850
20221103,12:42:20,18153.90,100,1266850
20221103,12:42:38,18151.50,50,1266850
20221103,12:42:56,18150.15,50,1266850
20221103,12:43:45,18148.00,50,1266850
20221103,12:43:46,18148.00,250,1266850
20221103,12:44:16,18148.05,300,1266850
20221103,12:44:38,18150.50,250,1266850
20221103,12:44:50,18148.00,50,1266850
20221103,12:45:11,18148.00,50,1266850
20221103,12:45:15,18145.10,350,1266700
20221103,12:46:14,18145.15,50,1266700
20221103,12:46:15,18144.55,350,1266700
20221103,12:46:22,18145.45,150,1266700
20221103,12:46:28,18147.00,50,1266700
20221103,12:46:42,18145.00,50,1266700
20221103,12:46:53,18145.15,50,1266700
20221103,12:47:01,18145.00,50,1266700
20221103,12:47:26,18145.00,50,1266700
20221103,12:47:28,18143.00,50,1266700
20221103,12:47:37,18143.00,100,1266700
20221103,12:47:39,18145.35,50,1266700
20221103,12:47:52,18149.00,100,1266700
20221103,12:48:21,18145.10,50,1266850
20221103,12:48:45,18145.00,100,1266850
20221103,12:48:48,18143.05,150,1266850
20221103,12:49:02,18144.20,50,1266850
20221103,12:49:32,18144.75,50,1266850
20221103,12:49:51,18143.35,50,1266850
20221103,12:50:06,18145.15,50,1266850
20221103,12:50:18,18144.90,50,1266850
20221103,12:50:33,18144.75,100,1266850
20221103,12:50:34,18144.85,50,1266850
20221103,12:50:41,18142.65,50,1266850
20221103,12:51:03,18144.80,50,1266850
20221103,12:51:27,18142.15,650,1267000
20221103,12:51:30,18141.15,50,1267000
20221103,12:51:32,18141.00,100,1267000
20221103,12:51:34,18141.00,150,1267000
20221103,12:51:38,18140.85,50,1267000
20221103,12:51:39,18140.00,50,1267000
20221103,12:51:41,18140.00,50,1267000
20221103,12:51:42,18140.00,100,1267000
20221103,12:51:44,18139.00,100,1267000
20221103,12:51:48,18139.75,200,1267000
20221103,12:51:50,18139.45,50,1267000
20221103,12:51:51,18139.85,250,1267000
20221103,12:51:55,18137.00,500,1267000
20221103,12:51:57,18137.00,50,1267000
20221103,12:52:02,18139.10,250,1267000
20221103,12:52:07,18136.90,50,1267000
20221103,12:52:16,18136.00,50,1267000
20221103,12:52:20,18132.45,450,1267000
20221103,12:52:21,18132.90,150,1267000
20221103,12:52:24,18132.45,50,1267000
20221103,12:52:25,18133.50,150,1267000
20221103,12:52:32,18132.45,50,1267000
20221103,12:52:34,18132.60,100,1267000
20221103,12:52:35,18132.70,300,1267000
20221103,12:52:37,18132.60,150,1267000
20221103,12:52:40,18131.00,200,1267000
20221103,12:52:51,18130.30,100,1267000
20221103,12:52:57,18130.30,500,1267000
20221103,12:53:00,18130.80,50,1267000
20221103,12:53:04,18129.55,250,1267000
20221103,12:53:07,18131.25,50,1267000
20221103,12:53:09,18126.15,550,1267000
20221103,12:53:13,18127.40,100,1267000
20221103,12:53:19,18127.85,150,1267000
20221103,12:53:20,18130.40,100,1267000
20221103,12:53:22,18130.50,250,1267000
20221103,12:53:28,18130.45,100,1267000
20221103,12:53:35,18130.00,50,1267000
20221103,12:53:40,18129.15,50,1267000
20221103,12:53:44,18130.45,100,1267000
20221103,12:53:45,18131.45,250,1267000
20221103,12:53:48,18130.45,50,1267000
20221103,12:53:52,18127.30,50,1267000
20221103,12:53:57,18130.00,50,1267000
20221103,12:53:58,18130.00,150,1267000
20221103,12:53:59,18130.50,50,1267000
20221103,12:54:02,18129.40,50,1267000
20221103,12:54:03,18129.55,150,1267000
20221103,12:54:08,18129.55,50,1267000
20221103,12:54:09,18127.00,50,1267000
20221103,12:54:14,18127.00,100,1268250
20221103,12:54:15,18127.50,50,1268250
20221103,12:54:16,18126.00,200,1268250
20221103,12:54:17,18127.45,50,1268250
20221103,12:54:19,18126.00,450,1268250
20221103,12:54:22,18124.35,700,1268250
20221103,12:54:27,18126.55,100,1268250
20221103,12:54:37,18126.55,450,1268250
20221103,12:54:42,18127.00,50,1268250
20221103,12:54:58,18127.00,100,1268250
20221103,12:55:00,18127.00,100,1268250
20221103,12:55:13,18127.00,200,1268250
20221103,12:55:16,18125.00,50,1268250
20221103,12:55:18,18125.00,50,1268250
20221103,12:55:25,18128.15,100,1268250
20221103,12:55:32,18128.40,50,1268250
20221103,12:55:35,18128.10,50,1268250
20221103,12:55:43,18126.00,50,1268250
20221103,12:55:44,18126.60,450,1268250
20221103,12:55:46,18127.05,200,1268250
20221103,12:55:57,18122.10,700,1268250
20221103,12:56:07,18123.05,50,1268250
20221103,12:56:17,18124.05,50,1268250
20221103,12:56:22,18123.20,50,1268250
20221103,12:56:25,18125.65,50,1268250
20221103,12:56:32,18123.10,100,1268250
20221103,12:56:37,18123.30,50,1268250
20221103,12:56:43,18123.20,200,1268250
20221103,12:56:46,18123.95,50,1268250
20221103,12:56:50,18123.95,100,1268250
20221103,12:56:54,18125.00,50,1268250
20221103,12:56:57,18125.00,50,1268250
20221103,12:56:58,18125.00,50,1268250
20221103,12:57:05,18128.20,350,1268250
20221103,12:57:06,18124.10,500,1268250
20221103,12:57:07,18127.80,50,1268250
20221103,12:57:15,18128.00,50,1268850
20221103,12:57:16,18128.15,50,1268850
20221103,12:57:23,18126.70,100,1268850
20221103,12:57:24,18125.00,50,1268850
20221103,12:57:35,18125.00,50,1268850
20221103,12:57:46,18124.00,100,1268850
20221103,12:58:00,18128.95,50,1268850
20221103,12:58:01,18127.45,150,1268850
20221103,12:58:09,18128.90,50,1268850
20221103,12:58:12,18129.10,100,1268850
20221103,12:58:17,18129.10,50,1268850
20221103,12:58:20,18129.25,50,1268850
20221103,12:58:25,18129.10,150,1268850
20221103,12:58:26,18129.10,50,1268850
20221103,12:58:28,18128.80,50,1268850
20221103,12:58:42,18129.45,50,1268850
20221103,12:58:48,18128.25,50,1268850
20221103,12:58:51,18128.30,1000,1268850
20221103,12:59:06,18127.35,50,1268850
20221103,12:59:35,18127.80,50,1268850
20221103,12:59:41,18130.75,50,1268850
20221103,12:59:47,18130.00,50,1268850
20221103,12:59:59,18128.00,50,1268850
20221103,13:00:00,18128.00,100,1268850
20221103,13:00:04,18128.00,50,1268850
20221103,13:00:05,18127.00,100,1268850
20221103,13:00:21,18127.00,50,1269350
20221103,13:00:25,18126.65,50,1269350
20221103,13:00:29,18124.45,200,1269350
20221103,13:00:43,18124.45,300,1269350
20221103,13:00:47,18124.45,50,1269350
20221103,13:00:53,18126.15,300,1269350
20221103,13:01:02,18127.50,100,1269350
20221103,13:01:03,18129.95,50,1269350
20221103,13:01:20,18129.05,250,1269350
20221103,13:01:21,18129.95,200,1269350
20221103,13:01:28,18132.00,100,1269350
20221103,13:01:31,18132.00,50,1269350
20221103,13:01:32,18133.40,500,1269350
20221103,13:01:36,18130.40,50,1269350
20221103,13:01:41,18132.00,50,1269350
20221103,13:01:42,18129.20,50,1269350
20221103,13:01:46,18131.75,50,1269350
20221103,13:01:47,18132.00,50,1269350
20221103,13:01:48,18132.15,50,1269350
20221103,13:01:54,18131.95,50,1269350
20221103,13:02:06,18132.95,100,1269350
20221103,13:02:11,18133.00,50,1269350
20221103,13:02:11,18132.80,50,1269350
20221103,13:02:17,18131.95,250,1269350
20221103,13:02:18,18132.90,50,1269350
20221103,13:02:20,18133.15,100,1269350
20221103,13:02:27,18128.10,400,1269350
20221103,13:02:28,18126.90,50,1269350
20221103,13:02:33,18128.10,50,1269350
20221103,13:02:43,18129.85,50,1269350
20221103,13:02:55,18130.45,50,1269350
20221103,13:02:57,18126.30,200,1269350
20221103,13:03:10,18126.00,300,1269350
20221103,13:03:11,18125.10,150,1269350
20221103,13:03:13,18125.00,50,1270500
20221103,13:03:16,18124.00,50,1270500
20221103,13:03:19,18124.75,150,1270500
20221103,13:03:20,18123.00,50,1270500
20221103,13:03:21,18122.85,50,1270500
20221103,13:03:22,18122.35,50,1270500
20221103,13:03:23,18121.00,100,1270500
20221103,13:03:27,18123.75,50,1270500
20221103,13:03:36,18122.45,50,1270500
20221103,13:03:38,18121.00,100,1270500
20221103,13:03:39,18120.40,50,1270500
20221103,13:03:48,18121.65,250,1270500
20221103,13:03:50,18121.60,50,1270500
20221103,13:03:55,18120.25,50,1270500
20221103,13:03:59,18121.00,300,1270500
20221103,13:04:07,18122.00,50,1270500
20221103,13:04:18,18124.00,50,1270500
20221103,13:04:20,18124.85,100,1270500
20221103,13:04:21,18123.60,50,1270500
20221103,13:04:24,18123.60,50,1270500
20221103,13:04:55,18123.60,50,1270500
20221103,13:05:01,18123.75,50,1270500
20221103,13:05:03,18123.60,100,1270500
20221103,13:05:06,18123.60,150,1270500
20221103,13:05:10,18122.00,50,1270500
20221103,13:05:18,18120.70,50,1270500
20221103,13:05:20,18120.85,50,1270500
20221103,13:05:24,18123.65,200,1270500
20221103,13:05:32,18123.00,50,1270500
20221103,13:05:45,18120.05,50,1270500
20221103,13:05:51,18120.00,50,1270500
20221103,13:05:54,18120.05,50,1270500
20221103,13:05:57,18120.00,250,1270500
20221103,13:05:59,18120.05,150,1270500
20221103,13:06:03,18122.80,150,1270500
20221103,13:06:31,18121.10,50,1271450
20221103,13:06:36,18123.90,100,1271450
20221103,13:06:44,18123.90,50,1271450
20221103,13:06:47,18125.00,100,1271450
20221103,13:06:53,18126.00,150,1271450
20221103,13:06:56,18127.40,200,1271450
20221103,13:07:14,18127.65,50,1271450
20221103,13:07:26,18128.00,100,1271450
20221103,13:07:30,18126.00,50,1271450
20221103,13:07:33,18127.75,50,1271450
20221103,13:07:57,18127.00,50,1271450
20221103,13:08:01,18127.75,50,1271450
20221103,13:08:02,18129.90,50,1271450
20221103,13:08:25,18127.30,250,1271450
20221103,13:08:36,18129.70,50,1271450
20221103,13:08:48,18132.00,500,1271450
20221103,13:08:50,18133.10,50,1271450
20221103,13:09:02,18133.40,50,1271450
20221103,13:09:03,18133.30,50,1271450
20221103,13:09:06,18132.85,100,1271450
20221103,13:09:22,18135.00,200,1272050
20221103,13:09:27,18135.90,450,1272050
20221103,13:09:30,18135.85,50,1272050
20221103,13:09:34,18140.00,50,1272050
20221103,13:09:39,18141.20,1650,1272050
20221103,13:09:43,18138.80,50,1272050
20221103,13:09:48,18139.55,50,1272050
20221103,13:09:52,18136.30,50,1272050
20221103,13:09:55,18140.35,1500,1272050
20221103,13:09:59,18139.60,50,1272050
20221103,13:10:02,18139.60,50,1272050
20221103,13:10:04,18140.45,100,1272050
20221103,13:10:11,18141.65,50,1272050
20221103,13:10:13,18140.00,50,1272050
20221103,13:10:15,18139.60,50,1272050
20221103,13:10:22,18139.00,200,1272050
20221103,13:10:26,18139.60,50,1272050
20221103,13:10:34,18139.00,50,1272050
20221103,13:10:43,18140.00,650,1272050
20221103,13:10:44,18140.00,150,1272050
20221103,13:10:56,18140.00,50,1272050
20221103,13:11:00,18140.00,50,1272050
20221103,13:11:03,18142.00,450,1272050
20221103,13:11:04,18142.00,100,1272050
20221103,13:11:05,18142.00,500,1272050
20221103,13:11:06,18141.65,100,1272050
20221103,13:11:10,18140.00,50,1272050
20221103,13:11:32,18142.00,50,1272050
20221103,13:11:36,18144.60,150,1272050
20221103,13:11:40,18143.00,250,1272050
20221103,13:11:44,18143.00,250,1272050
20221103,13:11:50,18144.85,50,1272050
20221103,13:11:51,18144.30,200,1272050
20221103,13:11:54,18144.40,50,1272050
20221103,13:11:58,18146.90,100,1272050
20221103,13:12:05,18147.45,50,1272050
20221103,13:12:10,18147.65,50,1272050
20221103,13:12:17,18148.40,50,1276700
20221103,13:12:18,18148.40,150,1276700
20221103,13:12:19,18148.00,100,1276700
20221103,13:12:21,18149.85,1700,1276700
20221103,13:12:24,18149.10,100,1276700
20221103,13:12:29,18148.95,1500,1276700
20221103,13:12:31,18148.95,1000,1276700
20221103,13:12:42,18146.40,50,1276700
20221103,13:12:49,18145.10,150,1276700
20221103,13:12:57,18147.80,50,1276700
20221103,13:13:07,18150.00,150,1276700
20221103,13:13:17,18150.30,50,1276700
20221103,13:13:18,18153.50,200,1276700
20221103,13:13:20,18153.35,100,1276700
20221103,13:13:34,18150.30,50,1276700
20221103,13:13:40,18151.35,100,1276700
20221103,13:13:44,18150.30,50,1276700
20221103,13:13:45,18150.30,50,1276700
20221103,13:13:52,18152.25,50,1276700
20221103,13:13:55,18150.30,150,1276700
20221103,13:13:55,18150.00,50,1276700
20221103,13:13:56,18148.85,100,1276700
20221103,13:13:57,18149.45,150,1276700
20221103,13:14:02,18148.40,50,1276700
20221103,13:14:03,18150.00,150,1276700
20221103,13:14:09,18148.00,50,1276700
20221103,13:14:10,18148.00,50,1276700
20221103,13:14:12,18148.00,200,1276700
20221103,13:14:16,18148.40,50,1276700
20221103,13:14:19,18148.35,750,1276700
20221103,13:14:21,18147.55,50,1276700
20221103,13:14:25,18148.00,50,1276700
20221103,13:14:28,18148.30,50,1276700
20221103,13:14:30,18148.90,200,1276700
20221103,13:14:35,18148.85,750,1276700
20221103,13:14:36,18152.00,150,1276700
20221103,13:14:41,18148.75,350,1276700
20221103,13:14:51,18149.25,100,1276700
20221103,13:14:54,18152.20,1000,1276700
20221103,13:15:04,18153.35,150,1276700
20221103,13:15:06,18154.90,50,1276700
20221103,13:15:09,18152.30,50,1276700
20221103,13:15:16,18152.80,150,1281750
20221103,13:15:19,18152.90,150,1281750
20221103,13:15:21,18155.00,50,1281750
20221103,13:15:23,18156.65,100,1281750
20221103,13:15:24,18158.05,150,1281750
20221103,13:15:25,18158.05,100,1281750
20221103,13:15:26,18158.05,50,1281750
20221103,13:15:27,18158.95,50,1281750
20221103,13:15:28,18155.75,50,1281750
20221103,13:15:29,18159.00,50,1281750
20221103,13:15:39,18157.70,50,1281750
20221103,13:15:40,18157.55,50,1281750
20221103,13:15:41,18155.00,50,1281750
20221103,13:15:49,18151.55,50,1281750
20221103,13:15:51,18154.70,100,1281750
20221103,13:15:52,18150.20,100,1281750
20221103,13:15:57,18151.30,50,1281750
20221103,13:16:08,18153.70,50,1281750
20221103,13:16:10,18152.00,50,1281750
20221103,13:16:33,18151.30,50,1281750
20221103,13:16:43,18151.00,150,1281750
20221103,13:16:45,18151.00,150,1281750
20221103,13:16:46,18151.00,150,1281750
20221103,13:16:49,18150.00,50,1281750
20221103,13:16:52,18149.25,50,1281750
20221103,13:16:57,18148.05,50,1281750
20221103,13:17:07,18146.45,50,1281750
20221103,13:17:18,18146.00,50,1281750
20221103,13:17:21,18144.50,100,1281750
20221103,13:17:29,18145.60,50,1281750
20221103,13:18:06,18142.95,50,1281750
20221103,13:18:26,18144.70,100,1281700
20221103,13:18:33,18148.25,100,1281700
20221103,13:19:21,18145.50,50,1281700
20221103,13:19:22,18143.60,50,1281700
20221103,13:19:24,18143.30,50,1281700
20221103,13:19:28,18145.10,200,1281700
20221103,13:19:29,18145.80,50,1281700
20221103,13:19:35,18144.35,50,1281700
20221103,13:19:40,18144.80,50,1281700
20221103,13:19:42,18145.80,50,1281700
20221103,13:19:51,18150.00,100,1281700
20221103,13:19:55,18148.25,150,1281700
20221103,13:20:01,18150.00,50,1281700
20221103,13:20:05,18150.60,150,1281700
20221103,13:20:06,18154.35,450,1281700
20221103,13:20:07,18154.60,100,1281700
20221103,13:20:09,18154.95,50,1281700
20221103,13:20:19,18151.75,50,1281700
20221103,13:20:22,18154.45,50,1281700
20221103,13:20:31,18152.25,50,1281700
20221103,13:20:33,18154.10,100,1281700
20221103,13:20:34,18155.60,450,1281700
20221103,13:20:40,18153.05,50,1281700
20221103,13:20:42,18154.90,250,1281700
20221103,13:20:45,18154.20,50,1281700
20221103,13:20:47,18155.50,50,1281700
20221103,13:20:48,18156.90,50,1281700
20221103,13:20:56,18152.70,50,1281700
20221103,13:21:22,18151.00,100,1281700
20221103,13:21:23,18150.05,50,1282550
20221103,13:21:24,18150.00,50,1282550
20221103,13:21:53,18150.00,50,1282550
20221103,13:22:07,18151.65,50,1282550
20221103,13:22:21,18152.70,50,1282550
20221103,13:22:37,18150.30,300,1282550
20221103,13:22:37,18150.30,350,1282550
20221103,13:22:44,18150.00,50,1282550
20221103,13:23:27,18148.00,100,1282550
20221103,13:23:44,18147.75,250,1282550
20221103,13:23:45,18148.15,50,1282550
20221103,13:23:52,18149.15,100,1282550
20221103,13:23:54,18150.00,50,1282550
20221103,13:23:59,18150.00,100,1282550
20221103,13:24:00,18152.90,100,1282550
20221103,13:24:10,18151.05,50,1282550
20221103,13:24:11,18151.00,50,1282550
20221103,13:24:28,18151.00,50,1283550
20221103,13:24:30,18152.80,50,1283550
20221103,13:24:37,18150.20,250,1283550
20221103,13:24:40,18149.75,100,1283550
20221103,13:24:42,18149.55,100,1283550
20221103,13:24:43,18150.20,100,1283550
20221103,13:25:05,18151.25,50,1283550
20221103,13:25:17,18154.95,50,1283550
20221103,13:25:18,18152.25,50,1283550
20221103,13:25:21,18152.10,50,1283550
20221103,13:25:23,18151.30,50,1283550
20221103,13:25:26,18151.25,100,1283550
20221103,13:25:29,18152.00,100,1283550
20221103,13:25:31,18152.00,50,1283550
20221103,13:25:37,18152.00,50,1283550
20221103,13:25:46,18152.00,50,1283550
20221103,13:25:47,18152.00,50,1283550
20221103,13:25:51,18153.15,200,1283550
20221103,13:25:52,18154.20,50,1283550
20221103,13:25:55,18155.00,50,1283550
20221103,13:25:56,18155.00,50,1283550
20221103,13:26:03,18156.00,50,1283550
20221103,13:26:04,18157.30,250,1283550
20221103,13:26:24,18160.00,50,1283550
20221103,13:26:27,18160.60,50,1283550
20221103,13:26:35,18160.60,50,1283550
20221103,13:26:38,18160.60,100,1283550
20221103,13:26:53,18159.35,50,1283550
20221103,13:27:19,18161.45,50,1283950
20221103,13:27:26,18160.05,50,1283950
20221103,13:27:38,18162.30,50,1283950
20221103,13:27:44,18160.00,50,1283950
20221103,13:28:04,18157.40,50,1283950
20221103,13:28:11,18160.65,50,1283950
20221103,13:28:12,18161.15,50,1283950
20221103,13:28:29,18161.15,50,1283950
20221103,13:28:55,18157.40,100,1283950
20221103,13:29:03,18159.05,50,1283950
20221103,13:29:08,18157.80,150,1283950
20221103,13:29:41,18158.00,100,1283950
20221103,13:30:02,18160.00,50,1283950
20221103,13:30:03,18161.15,100,1283950
20221103,13:30:21,18160.35,100,1284200
20221103,13:30:26,18158.05,50,1284200
20221103,13:30:43,18152.00,50,1284200
20221103,13:30:56,18152.85,50,1284200
20221103,13:31:07,18151.00,200,1284200
20221103,13:31:16,18152.25,50,1284200
20221103,13:31:30,18148.00,100,1284200
20221103,13:31:46,18149.35,50,1284200
20221103,13:32:33,18145.40,50,1284200
20221103,13:32:37,18145.00,300,1284200
20221103,13:32:38,18145.00,250,1284200
20221103,13:32:49,18143.80,50,1284200
20221103,13:32:52,18145.00,1050,1284200
20221103,13:33:04,18145.00,100,1284200
20221103,13:33:06,18145.00,50,1284200
20221103,13:33:43,18145.00,50,1283850
20221103,13:33:44,18148.40,1000,1283850
20221103,13:33:53,18148.40,800,1283850
20221103,13:33:54,18148.30,50,1283850
20221103,13:33:58,18149.60,150,1283850
20221103,13:34:00,18154.20,100,1283850
20221103,13:34:22,18150.95,50,1283850
20221103,13:34:33,18153.20,50,1283850
20221103,13:34:35,18148.70,50,1283850
20221103,13:34:39,18153.15,50,1283850
20221103,13:34:40,18153.20,50,1283850
20221103,13:34:42,18153.20,50,1283850
20221103,13:34:47,18153.50,50,1283850
20221103,13:34:48,18154.25,50,1283850
20221103,13:34:52,18154.25,50,1283850
20221103,13:34:56,18152.55,150,1283850
20221103,13:35:03,18151.50,100,1283850
20221103,13:35:05,18154.20,100,1283850
20221103,13:35:11,18152.50,50,1283850
20221103,13:35:13,18152.50,100,1283850
20221103,13:35:19,18153.45,50,1283850
20221103,13:35:24,18153.50,50,1283850
20221103,13:35:25,18153.65,100,1283850
20221103,13:35:26,18151.00,50,1283850
20221103,13:35:36,18151.00,50,1283850
20221103,13:35:37,18151.00,50,1283850
20221103,13:35:42,18151.00,50,1283850
20221103,13:35:43,18151.00,50,1283850
20221103,13:35:57,18155.70,100,1283850
20221103,13:36:11,18150.25,1500,1283850
20221103,13:36:55,18154.60,50,1284550
20221103,13:37:22,18154.90,50,1284550
20221103,13:37:50,18152.90,100,1284550
20221103,13:37:54,18154.25,100,1284550
20221103,13:38:10,18155.00,100,1284550
20221103,13:38:16,18157.05,50,1284550
20221103,13:38:29,18158.55,200,1284550
20221103,13:38:33,18159.80,50,1284550
20221103,13:38:34,18156.75,50,1284550
20221103,13:38:40,18160.00,50,1284550
20221103,13:38:44,18162.00,50,1284550
20221103,13:38:46,18161.70,150,1284550
20221103,13:39:03,18160.00,50,1284550
20221103,13:39:22,18162.00,50,1284850
20221103,13:39:27,18163.20,150,1284850
20221103,13:39:30,18163.90,50,1284850
20221103,13:39:31,18165.00,250,1284850
20221103,13:39:32,18167.20,400,1284850
20221103,13:39:34,18165.95,50,1284850
20221103,13:39:37,18170.00,200,1284850
20221103,13:39:44,18166.65,50,1284850
20221103,13:39:45,18168.25,50,1284850
20221103,13:39:47,18170.00,350,1284850
20221103,13:39:54,18169.95,50,1284850
20221103,13:39:59,18169.90,50,1284850
20221103,13:40:03,18171.10,200,1284850
20221103,13:40:04,18171.10,100,1284850
20221103,13:40:16,18167.75,50,1284850
20221103,13:40:20,18167.75,150,1284850
20221103,13:40:21,18166.00,50,1284850
20221103,13:40:22,18166.00,100,1284850
20221103,13:40:24,18166.00,650,1284850
20221103,13:40:25,18166.00,200,1284850
20221103,13:40:42,18169.05,50,1284850
20221103,13:40:57,18169.05,50,1284850
20221103,13:40:59,18170.00,50,1284850
20221103,13:41:02,18170.00,50,1284850
20221103,13:41:10,18172.50,50,1284850
20221103,13:41:15,18175.95,250,1284850
20221103,13:41:17,18175.45,100,1284850
20221103,13:41:29,18172.15,200,1284850
20221103,13:41:33,18175.45,50,1284850
20221103,13:41:34,18175.00,50,1284850
20221103,13:41:37,18175.35,100,1284850
20221103,13:41:38,18176.45,200,1284850
20221103,13:41:39,18176.30,100,1284850
20221103,13:41:40,18173.25,50,1284850
20221103,13:41:56,18171.00,100,1284850
20221103,13:42:09,18171.00,50,1284850
20221103,13:42:14,18171.45,100,1284850
20221103,13:42:15,18171.10,150,1284850
20221103,13:42:24,18176.50,200,1284750
20221103,13:42:27,18176.65,50,1284750
20221103,13:42:35,18176.05,50,1284750
20221103,13:43:02,18172.45,50,1284750
20221103,13:43:04,18171.30,150,1284750
20221103,13:43:14,18170.00,100,1284750
20221103,13:43:15,18170.00,50,1284750
20221103,13:43:20,18170.00,100,1284750
20221103,13:43:21,18170.00,200,1284750
20221103,13:43:29,18170.00,150,1284750
20221103,13:43:30,18170.00,400,1284750
20221103,13:43:45,18175.80,50,1284750
20221103,13:44:08,18175.80,50,1284750
20221103,13:44:47,18172.50,50,1284750
20221103,13:44:49,18175.00,50,1284750
20221103,13:44:50,18176.60,50,1284750
20221103,13:44:58,18173.00,50,1284750
20221103,13:45:00,18176.00,400,1284750
20221103,13:45:01,18176.50,250,1284750
20221103,13:45:03,18177.40,300,1284750
20221103,13:45:09,18176.55,50,1284750
20221103,13:45:12,18176.40,450,1284750
20221103,13:45:19,18175.85,50,1285500
20221103,13:45:42,18176.05,50,1285500
