20221116,09:15:00,42465.05,1,2797300
20221116,09:15:00,42479.95,1,2797300
20221116,09:15:00,42465.30,250,2797300
20221116,09:15:01,42499.95,1950,2797300
20221116,09:15:02,42517.25,1425,2797300
20221116,09:15:03,42502.35,850,2797300
20221116,09:15:05,42484.00,2150,2797300
20221116,09:15:06,42465.00,1650,2797300
20221116,09:15:08,42451.40,700,2797300
20221116,09:15:09,42468.90,925,2797300
20221116,09:15:10,42469.80,775,2797300
20221116,09:15:12,42481.10,1500,2797300
20221116,09:15:13,42482.25,1075,2797300
20221116,09:15:15,42480.00,850,2797300
20221116,09:15:16,42479.05,425,2797300
20221116,09:15:17,42485.75,850,2797300
20221116,09:15:19,42493.85,900,2797300
20221116,09:15:20,42502.30,600,2797300
20221116,09:15:22,42509.95,6325,2797300
20221116,09:15:23,42506.25,775,2797300
20221116,09:15:25,42496.55,725,2797300
20221116,09:15:26,42494.70,800,2797300
20221116,09:15:28,42491.85,300,2797300
20221116,09:15:30,42491.80,450,2797300
20221116,09:15:31,42485.00,1000,2797300
20221116,09:15:33,42490.00,650,2797300
20221116,09:15:34,42497.25,450,2797300
20221116,09:15:36,42500.35,1325,2797300
20221116,09:15:37,42509.00,375,2797300
20221116,09:15:39,42509.40,1050,2797300
20221116,09:15:40,42520.85,900,2797300
20221116,09:15:42,42510.00,3025,2797300
20221116,09:15:43,42504.65,300,2797300
20221116,09:15:45,42507.30,125,2797300
20221116,09:15:46,42507.80,175,2797300
20221116,09:15:48,42504.05,475,2797300
20221116,09:15:50,42507.05,1400,2797300
20221116,09:15:51,42509.95,950,2797300
20221116,09:15:53,42495.00,1350,2797300
20221116,09:15:54,42487.30,1250,2797300
20221116,09:15:56,42488.80,1250,2797300
20221116,09:15:57,42475.00,1175,2797300
20221116,09:15:59,42485.60,1225,2797300
20221116,09:16:01,42481.70,1750,2797300
20221116,09:16:02,42480.00,700,2797300
20221116,09:16:04,42488.80,1200,2797300
20221116,09:16:05,42494.00,1300,2797300
20221116,09:16:07,42488.30,200,2797300
20221116,09:16:08,42495.25,400,2797300
20221116,09:16:10,42489.45,1625,2797300
20221116,09:16:12,42491.80,725,2797300
20221116,09:16:13,42492.60,325,2797300
20221116,09:16:15,42492.30,825,2797300
20221116,09:16:16,42497.90,425,2797300
20221116,09:16:18,42489.55,475,2797300
20221116,09:16:19,42492.15,175,2797300
20221116,09:16:21,42491.85,225,2797300
20221116,09:16:22,42485.00,500,2797300
20221116,09:16:24,42485.00,775,2797300
20221116,09:16:25,42475.15,275,2797300
20221116,09:16:27,42481.00,750,2797300
20221116,09:16:28,42471.30,350,2797300
20221116,09:16:30,42474.65,875,2797300
20221116,09:16:32,42466.45,1175,2797300
20221116,09:16:33,42463.90,875,2797300
20221116,09:16:35,42467.90,525,2797300
20221116,09:16:36,42460.00,400,2797300
20221116,09:16:38,42470.05,850,2797300
20221116,09:16:39,42461.70,475,2797300
20221116,09:16:41,42465.00,350,2797300
20221116,09:16:42,42465.00,275,2797300
20221116,09:16:44,42458.20,425,2797300
20221116,09:16:46,42462.40,325,2797300
20221116,09:16:47,42459.00,1475,2797300
20221116,09:16:49,42463.00,575,2797300
20221116,09:16:50,42460.00,700,2797300
20221116,09:16:52,42458.00,575,2797300
20221116,09:16:54,42454.35,1475,2797300
20221116,09:16:55,42458.95,725,2797300
20221116,09:16:57,42454.50,675,2797300
20221116,09:16:58,42456.55,650,2797300
20221116,09:17:00,42450.35,5025,2797300
20221116,09:17:02,42444.90,12550,2797300
20221116,09:17:03,42438.00,13650,2797300
20221116,09:17:05,42426.75,7325,2797300
20221116,09:17:06,42424.35,3125,2797300
20221116,09:17:08,42440.00,10600,2797300
20221116,09:17:10,42436.30,4075,2797300
20221116,09:17:11,42421.55,11875,2797300
20221116,09:17:13,42430.00,875,2797300
20221116,09:17:14,42427.95,625,2797300
20221116,09:17:16,42432.90,1000,2797300
20221116,09:17:18,42440.00,625,2797300
20221116,09:17:19,42444.20,925,2797300
20221116,09:17:21,42439.60,400,2797300
20221116,09:17:22,42443.35,475,2797300
20221116,09:17:24,42443.35,200,2797300
20221116,09:17:26,42440.00,450,2797300
20221116,09:17:27,42435.50,825,2797300
20221116,09:17:29,42435.60,425,2797300
20221116,09:17:30,42434.90,425,2797300
20221116,09:17:32,42434.50,1325,2728400
20221116,09:17:34,42431.00,75,2728400
20221116,09:17:35,42431.05,125,2728400
20221116,09:17:37,42434.95,175,2728400
20221116,09:17:38,42434.00,225,2728400
20221116,09:17:40,42432.20,975,2728400
20221116,09:17:42,42443.00,1100,2728400
20221116,09:17:43,42441.00,400,2728400
20221116,09:17:45,42435.65,575,2728400
20221116,09:17:46,42440.15,350,2728400
20221116,09:17:48,42444.00,350,2728400
20221116,09:17:50,42445.05,100,2728400
20221116,09:17:51,42450.00,75,2728400
20221116,09:17:53,42440.00,675,2728400
20221116,09:17:54,42443.20,525,2728400
20221116,09:17:56,42445.70,150,2728400
20221116,09:17:58,42445.30,125,2728400
20221116,09:17:59,42445.70,100,2728400
20221116,09:18:01,42445.30,800,2728400
20221116,09:18:02,42440.00,800,2728400
20221116,09:18:04,42450.00,250,2728400
20221116,09:18:06,42453.75,375,2728400
20221116,09:18:07,42455.40,350,2728400
20221116,09:18:09,42459.00,850,2728400
20221116,09:18:11,42466.65,1225,2728400
20221116,09:18:12,42466.65,300,2728400
20221116,09:18:14,42460.90,700,2728400
20221116,09:18:15,42455.00,275,2728400
20221116,09:18:17,42455.00,275,2728400
20221116,09:18:19,42457.90,225,2728400
20221116,09:18:20,42450.00,75,2728400
20221116,09:18:22,42448.50,350,2728400
20221116,09:18:23,42454.85,250,2728400
20221116,09:18:25,42455.00,50,2728400
20221116,09:18:27,42450.00,275,2728400
20221116,09:18:28,42450.00,150,2728400
20221116,09:18:30,42454.70,200,2728400
20221116,09:18:31,42454.95,325,2728400
20221116,09:18:33,42452.25,175,2728400
20221116,09:18:34,42457.95,450,2728400
20221116,09:18:36,42460.00,175,2728400
20221116,09:18:38,42458.00,150,2728400
20221116,09:18:39,42464.95,375,2728400
20221116,09:18:41,42462.70,425,2728400
20221116,09:18:43,42455.00,350,2728400
20221116,09:18:44,42458.90,425,2728400
20221116,09:18:46,42453.15,125,2728400
20221116,09:18:48,42453.80,25,2728400
20221116,09:18:51,42457.95,325,2728400
20221116,09:18:53,42456.15,575,2728400
20221116,09:18:54,42453.40,50,2728400
20221116,09:18:56,42454.70,375,2728400
20221116,09:18:58,42455.55,625,2728400
20221116,09:18:59,42457.75,400,2728400
20221116,09:19:01,42469.55,225,2728400
20221116,09:19:03,42461.90,200,2728400
20221116,09:19:04,42465.60,475,2728400
20221116,09:19:06,42465.95,925,2728400
20221116,09:19:08,42468.65,325,2728400
20221116,09:19:09,42467.25,200,2728400
20221116,09:19:11,42468.65,50,2728400
20221116,09:19:13,42460.90,150,2728400
20221116,09:19:14,42464.80,650,2728400
20221116,09:19:16,42458.75,975,2728400
20221116,09:19:18,42457.95,25,2728400
20221116,09:19:19,42456.00,825,2728400
20221116,09:19:21,42460.00,200,2728400
20221116,09:19:22,42457.10,50,2728400
20221116,09:19:24,42457.95,225,2728400
20221116,09:19:26,42457.95,75,2728400
20221116,09:19:27,42457.95,25,2728400
20221116,09:19:29,42461.05,325,2728400
20221116,09:19:30,42461.00,350,2728400
20221116,09:19:32,42459.60,100,2728400
20221116,09:19:34,42460.00,1375,2728400
20221116,09:19:35,42462.00,125,2728400
20221116,09:19:37,42466.00,175,2728400
20221116,09:19:38,42468.00,150,2728400
20221116,09:19:40,42470.00,75,2728400
20221116,09:19:42,42464.40,625,2728400
20221116,09:19:43,42466.00,25,2728400
20221116,09:19:45,42465.30,1100,2728400
20221116,09:19:46,42460.00,1875,2728400
20221116,09:19:48,42460.00,125,2728400
20221116,09:19:50,42460.00,100,2728400
20221116,09:19:51,42461.65,100,2728400
20221116,09:19:53,42461.10,200,2728400
20221116,09:19:54,42461.05,250,2728400
20221116,09:19:57,42460.00,1475,2728400
20221116,09:19:59,42458.00,175,2728400
20221116,09:20:01,42461.75,100,2728400
20221116,09:20:02,42458.00,400,2728400
20221116,09:20:04,42454.05,550,2728400
20221116,09:20:06,42459.05,250,2728400
20221116,09:20:07,42458.40,75,2728400
20221116,09:20:09,42468.60,1075,2728400
20221116,09:20:10,42463.65,150,2728400
20221116,09:20:12,42462.75,25,2728400
20221116,09:20:14,42467.90,100,2728400
20221116,09:20:15,42463.65,1000,2728400
20221116,09:20:17,42465.80,100,2728400
20221116,09:20:19,42460.00,50,2728400
20221116,09:20:20,42467.90,150,2728400
20221116,09:20:22,42473.50,350,2728400
20221116,09:20:23,42467.15,50,2728400
20221116,09:20:25,42473.45,50,2728400
20221116,09:20:26,42470.15,25,2728400
20221116,09:20:28,42474.50,75,2728400
20221116,09:20:29,42475.00,225,2728400
20221116,09:20:31,42480.00,225,2729925
20221116,09:20:33,42479.50,600,2729925
20221116,09:20:34,42471.60,650,2729925
20221116,09:20:36,42477.05,50,2729925
20221116,09:20:37,42475.05,225,2729925
20221116,09:20:39,42478.05,300,2729925
20221116,09:20:41,42478.00,50,2729925
20221116,09:20:42,42478.05,175,2729925
20221116,09:20:44,42478.00,125,2729925
20221116,09:20:46,42475.75,250,2729925
20221116,09:20:47,42467.35,1700,2729925
20221116,09:20:49,42470.90,425,2729925
20221116,09:20:50,42470.00,175,2729925
20221116,09:20:52,42473.50,450,2729925
20221116,09:20:54,42468.90,200,2729925
20221116,09:20:55,42463.65,325,2729925
20221116,09:20:57,42463.30,100,2729925
20221116,09:20:59,42463.35,25,2729925
20221116,09:21:00,42470.10,25,2729925
20221116,09:21:02,42465.15,50,2729925
20221116,09:21:04,42460.05,100,2729925
20221116,09:21:05,42460.05,75,2729925
20221116,09:21:07,42460.05,150,2729925
20221116,09:21:08,42460.05,25,2729925
20221116,09:21:10,42460.05,175,2729925
20221116,09:21:12,42455.00,3200,2729925
20221116,09:21:13,42455.00,375,2729925
20221116,09:21:15,42455.30,150,2729925
20221116,09:21:17,42455.00,150,2729925
20221116,09:21:18,42451.00,125,2729925
20221116,09:21:20,42450.50,100,2729925
20221116,09:21:21,42455.20,100,2729925
20221116,09:21:23,42451.15,25,2729925
20221116,09:21:25,42451.65,125,2729925
20221116,09:21:26,42450.05,200,2729925
20221116,09:21:28,42450.00,100,2729925
20221116,09:21:30,42455.00,300,2729925
20221116,09:21:31,42455.50,100,2729925
20221116,09:21:33,42452.45,75,2729925
20221116,09:21:34,42457.10,375,2729925
20221116,09:21:36,42451.80,150,2729925
20221116,09:21:38,42450.00,25,2729925
20221116,09:21:39,42453.95,25,2729925
20221116,09:21:41,42450.05,825,2729925
20221116,09:21:43,42453.60,1100,2729925
20221116,09:21:44,42449.10,75,2729925
20221116,09:21:46,42451.10,375,2729925
20221116,09:21:47,42452.10,125,2729925
20221116,09:21:49,42451.35,250,2729925
20221116,09:21:51,42447.50,100,2729925
20221116,09:21:52,42450.00,1200,2729925
20221116,09:21:54,42445.15,600,2729925
20221116,09:21:56,42444.00,1150,2729925
20221116,09:21:57,42447.45,400,2729925
20221116,09:21:59,42444.45,100,2729925
20221116,09:22:01,42448.00,75,2729925
20221116,09:22:02,42444.40,250,2729925
20221116,09:22:04,42445.00,100,2729925
20221116,09:22:06,42446.00,100,2729925
20221116,09:22:07,42444.00,425,2729925
20221116,09:22:09,42442.50,350,2729925
20221116,09:22:11,42440.85,700,2729925
20221116,09:22:12,42440.00,325,2729925
20221116,09:22:14,42444.00,25,2729925
20221116,09:22:16,42434.70,2475,2729925
20221116,09:22:17,42444.00,100,2729925
20221116,09:22:19,42444.00,500,2729925
20221116,09:22:21,42444.00,100,2729925
20221116,09:22:22,42444.00,450,2729925
20221116,09:22:24,42438.35,25,2729925
20221116,09:22:26,42443.25,75,2729925
20221116,09:22:27,42434.50,750,2729925
20221116,09:22:29,42437.05,775,2729925
20221116,09:22:31,42436.10,300,2729925
20221116,09:22:32,42437.75,625,2729925
20221116,09:22:34,42448.35,625,2729925
20221116,09:22:36,42439.55,225,2729925
20221116,09:22:37,42441.95,25,2729925
20221116,09:22:39,42448.65,25,2729925
20221116,09:22:40,42447.90,150,2729925
20221116,09:22:42,42446.65,75,2729925
20221116,09:22:44,42444.60,75,2729925
20221116,09:22:45,42444.35,100,2729925
20221116,09:22:47,42449.85,25,2729925
20221116,09:22:49,42440.00,150,2729925
20221116,09:22:50,42436.80,175,2729925
20221116,09:22:52,42440.00,1175,2729925
20221116,09:22:53,42438.00,50,2729925
20221116,09:22:55,42440.00,425,2729925
20221116,09:22:57,42444.35,100,2729925
20221116,09:22:58,42441.15,100,2729925
20221116,09:23:00,42443.10,75,2729925
20221116,09:23:02,42443.15,100,2729925
20221116,09:23:03,42444.00,50,2729925
20221116,09:23:05,42437.60,75,2729925
20221116,09:23:06,42438.00,200,2729925
20221116,09:23:08,42440.00,250,2729925
20221116,09:23:10,42443.25,575,2729925
20221116,09:23:11,42449.90,200,2729925
20221116,09:23:13,42449.90,50,2729925
20221116,09:23:15,42449.00,425,2729925
20221116,09:23:16,42455.20,350,2729925
20221116,09:23:18,42460.00,175,2729925
20221116,09:23:20,42455.20,25,2729925
20221116,09:23:21,42460.00,150,2729925
20221116,09:23:23,42460.00,250,2729925
20221116,09:23:24,42464.25,250,2729925
20221116,09:23:26,42459.75,225,2729925
20221116,09:23:28,42459.80,25,2729925
20221116,09:23:29,42460.00,25,2729925
20221116,09:23:31,42451.55,100,2729925
20221116,09:23:33,42457.65,25,2738175
20221116,09:23:34,42449.30,300,2738175
20221116,09:23:37,42451.10,50,2738175
20221116,09:23:39,42450.10,100,2738175
20221116,09:23:41,42455.30,225,2738175
20221116,09:23:42,42455.00,325,2738175
20221116,09:23:44,42450.55,175,2738175
20221116,09:23:46,42457.15,25,2738175
20221116,09:23:47,42460.00,25,2738175
20221116,09:23:49,42456.00,525,2738175
20221116,09:23:50,42456.00,300,2738175
20221116,09:23:52,42450.00,275,2738175
20221116,09:23:54,42453.95,50,2738175
20221116,09:23:55,42454.60,25,2738175
20221116,09:23:57,42455.55,75,2738175
20221116,09:23:58,42454.65,75,2738175
20221116,09:24:00,42457.05,175,2738175
20221116,09:24:01,42455.00,350,2738175
20221116,09:24:03,42450.75,250,2738175
20221116,09:24:05,42450.55,75,2738175
20221116,09:24:06,42454.65,25,2738175
20221116,09:24:08,42454.65,200,2738175
20221116,09:24:10,42457.10,125,2738175
20221116,09:24:11,42465.65,50,2738175
20221116,09:24:13,42458.00,125,2738175
20221116,09:24:16,42464.05,50,2738175
20221116,09:24:18,42460.00,75,2738175
20221116,09:24:20,42457.50,350,2738175
20221116,09:24:21,42469.35,750,2738175
20221116,09:24:23,42468.15,75,2738175
20221116,09:24:24,42468.95,100,2738175
20221116,09:24:26,42468.60,250,2738175
20221116,09:24:28,42467.70,150,2738175
20221116,09:24:29,42462.25,50,2738175
20221116,09:24:31,42471.95,275,2738175
20221116,09:24:32,42465.40,50,2738175
20221116,09:24:34,42465.65,25,2738175
20221116,09:24:39,42459.25,150,2738175
20221116,09:24:41,42462.45,25,2738175
20221116,09:24:42,42457.00,150,2738175
20221116,09:24:44,42456.00,75,2738175
20221116,09:24:46,42455.70,50,2738175
20221116,09:24:47,42459.55,75,2738175
20221116,09:24:49,42465.35,225,2738175
20221116,09:24:50,42467.20,125,2738175
20221116,09:24:52,42462.55,150,2738175
20221116,09:24:55,42462.25,225,2738175
20221116,09:24:57,42457.00,450,2738175
20221116,09:24:59,42455.30,100,2738175
20221116,09:25:02,42455.00,125,2738175
20221116,09:25:04,42457.00,75,2738175
20221116,09:25:05,42460.00,225,2738175
20221116,09:25:07,42455.00,75,2738175
20221116,09:25:08,42455.00,200,2738175
20221116,09:25:10,42455.00,50,2738175
20221116,09:25:12,42455.00,200,2738175
20221116,09:25:13,42455.00,125,2738175
20221116,09:25:15,42458.60,125,2738175
20221116,09:25:17,42453.70,500,2738175
20221116,09:25:18,42451.00,75,2738175
20221116,09:25:20,42450.00,300,2738175
20221116,09:25:21,42450.00,250,2738175
20221116,09:25:23,42447.15,475,2738175
20221116,09:25:25,42447.80,175,2738175
20221116,09:25:26,42450.00,25,2738175
20221116,09:25:28,42449.60,175,2738175
20221116,09:25:30,42448.70,225,2738175
20221116,09:25:31,42449.45,150,2738175
20221116,09:25:33,42452.00,225,2738175
20221116,09:25:34,42450.00,150,2738175
20221116,09:25:36,42450.00,75,2738175
20221116,09:25:37,42454.35,25,2738175
20221116,09:25:39,42450.00,50,2738175
20221116,09:25:41,42453.95,25,2738175
20221116,09:25:42,42452.20,25,2738175
20221116,09:25:44,42447.00,50,2738175
20221116,09:25:45,42445.85,125,2738175
20221116,09:25:49,42451.95,400,2738175
20221116,09:25:50,42450.90,725,2738175
20221116,09:25:52,42444.00,475,2738175
20221116,09:25:53,42444.00,25,2738175
20221116,09:25:57,42447.00,75,2738175
20221116,09:26:00,42451.00,350,2738175
20221116,09:26:01,42444.10,275,2738175
20221116,09:26:03,42445.45,150,2738175
20221116,09:26:05,42454.15,1050,2738175
20221116,09:26:06,42455.20,175,2738175
20221116,09:26:08,42456.35,825,2738175
20221116,09:26:09,42451.00,50,2738175
20221116,09:26:13,42453.40,200,2738175
20221116,09:26:14,42448.35,100,2738175
20221116,09:26:16,42454.40,175,2738175
20221116,09:26:17,42455.45,175,2738175
20221116,09:26:19,42462.55,175,2738175
20221116,09:26:21,42463.95,125,2738175
20221116,09:26:22,42461.85,75,2738175
20221116,09:26:24,42461.30,75,2738175
20221116,09:26:25,42466.20,200,2738175
20221116,09:26:27,42472.85,1200,2738175
20221116,09:26:29,42470.55,100,2738175
20221116,09:26:30,42472.00,125,2738175
20221116,09:26:32,42469.35,900,2738175
20221116,09:26:33,42466.00,25,2739100
20221116,09:26:35,42466.00,25,2739100
20221116,09:26:37,42470.00,50,2739100
20221116,09:26:38,42474.00,950,2739100
20221116,09:26:40,42469.35,100,2739100
20221116,09:26:41,42467.00,200,2739100
20221116,09:26:45,42472.00,25,2739100
20221116,09:26:46,42472.20,600,2739100
20221116,09:26:48,42468.45,200,2739100
20221116,09:26:50,42462.25,50,2739100
20221116,09:26:51,42466.50,925,2739100
20221116,09:26:53,42470.30,225,2739100
20221116,09:26:54,42462.00,225,2739100
20221116,09:26:56,42460.00,100,2739100
20221116,09:26:57,42460.00,200,2739100
20221116,09:26:59,42462.65,75,2739100
20221116,09:27:01,42459.10,50,2739100
20221116,09:27:02,42457.35,75,2739100
20221116,09:27:04,42467.75,100,2739100
20221116,09:27:05,42462.40,75,2739100
20221116,09:27:07,42463.15,25,2739100
20221116,09:27:10,42465.00,50,2739100
20221116,09:27:11,42466.60,175,2739100
20221116,09:27:13,42461.20,25,2739100
20221116,09:27:16,42465.60,100,2739100
20221116,09:27:18,42462.85,175,2739100
20221116,09:27:19,42465.65,175,2739100
20221116,09:27:21,42467.75,100,2739100
20221116,09:27:22,42462.85,125,2739100
20221116,09:27:26,42465.60,50,2739100
20221116,09:27:27,42465.60,250,2739100
20221116,09:27:29,42462.85,650,2739100
20221116,09:27:30,42460.00,25,2739100
20221116,09:27:32,42465.60,25,2739100
20221116,09:27:33,42460.00,75,2739100
20221116,09:27:35,42467.75,975,2739100
20221116,09:27:37,42469.95,125,2739100
20221116,09:27:38,42470.00,125,2739100
20221116,09:27:40,42472.00,25,2739100
20221116,09:27:42,42472.10,175,2739100
20221116,09:27:43,42469.95,50,2739100
20221116,09:27:45,42472.30,25,2739100
20221116,09:27:47,42463.55,650,2739100
20221116,09:27:48,42463.60,175,2739100
20221116,09:27:50,42465.15,200,2739100
20221116,09:27:52,42462.30,325,2739100
20221116,09:27:53,42460.10,250,2739100
20221116,09:27:55,42460.00,175,2739100
20221116,09:27:57,42463.00,125,2739100
20221116,09:27:58,42465.70,25,2739100
20221116,09:28:00,42460.30,75,2739100
20221116,09:28:02,42460.00,25,2739100
20221116,09:28:05,42462.30,50,2739100
20221116,09:28:07,42462.40,175,2739100
20221116,09:28:12,42465.00,50,2739100
20221116,09:28:13,42464.55,75,2739100
20221116,09:28:17,42469.00,50,2739100
20221116,09:28:18,42465.45,300,2739100
20221116,09:28:20,42471.40,300,2739100
20221116,09:28:23,42470.50,50,2739100
20221116,09:28:25,42465.00,350,2739100
20221116,09:28:28,42465.45,75,2739100
20221116,09:28:30,42467.40,100,2739100
20221116,09:28:31,42465.45,25,2739100
20221116,09:28:33,42467.40,25,2739100
20221116,09:28:35,42465.15,150,2739100
20221116,09:28:38,42460.35,325,2739100
20221116,09:28:40,42460.15,75,2739100
20221116,09:28:41,42466.00,100,2739100
20221116,09:28:43,42460.35,25,2739100
20221116,09:28:48,42460.50,25,2739100
20221116,09:28:53,42460.00,925,2739100
20221116,09:28:58,42468.00,100,2739100
20221116,09:29:00,42472.00,325,2739100
20221116,09:29:01,42466.00,25,2739100
20221116,09:29:03,42462.50,175,2739100
20221116,09:29:06,42460.35,75,2739100
20221116,09:29:08,42460.35,50,2739100
20221116,09:29:10,42460.35,75,2739100
20221116,09:29:11,42462.60,825,2739100
20221116,09:29:13,42460.60,25,2739100
20221116,09:29:16,42461.20,50,2739100
20221116,09:29:18,42460.25,25,2739100
20221116,09:29:20,42457.00,175,2739100
20221116,09:29:21,42457.10,100,2739100
20221116,09:29:23,42462.20,200,2739100
20221116,09:29:25,42462.30,150,2739100
20221116,09:29:28,42465.15,150,2739100
20221116,09:29:30,42457.30,300,2739100
20221116,09:29:31,42463.00,75,2739100
20221116,09:29:33,42458.10,125,2742900
20221116,09:29:34,42460.00,175,2742900
20221116,09:29:36,42460.00,375,2742900
20221116,09:29:38,42457.00,125,2742900
20221116,09:29:39,42457.60,75,2742900
20221116,09:29:41,42456.15,300,2742900
20221116,09:29:44,42457.75,275,2742900
20221116,09:29:46,42460.10,100,2742900
20221116,09:29:48,42466.15,250,2742900
20221116,09:29:49,42461.00,200,2742900
20221116,09:29:51,42467.35,700,2742900
20221116,09:29:52,42466.10,25,2742900
20221116,09:29:54,42464.00,2850,2742900
20221116,09:29:56,42466.10,100,2742900
20221116,09:29:57,42466.65,375,2742900
20221116,09:29:59,42467.40,25,2742900
20221116,09:30:01,42464.00,250,2742900
20221116,09:30:02,42464.00,100,2742900
20221116,09:30:04,42472.00,2025,2742900
20221116,09:30:06,42469.80,550,2742900
20221116,09:30:07,42469.85,175,2742900
20221116,09:30:10,42463.00,25,2742900
20221116,09:30:12,42468.20,200,2742900
20221116,09:30:14,42458.20,1050,2742900
20221116,09:30:15,42458.00,775,2742900
20221116,09:30:17,42459.85,1050,2742900
20221116,09:30:19,42459.00,250,2742900
20221116,09:30:20,42458.10,150,2742900
20221116,09:30:22,42459.40,50,2742900
20221116,09:30:24,42460.35,25,2742900
20221116,09:30:25,42457.45,100,2742900
20221116,09:30:27,42457.45,150,2742900
20221116,09:30:28,42456.20,75,2742900
20221116,09:30:30,42456.60,200,2742900
20221116,09:30:32,42459.95,50,2742900
20221116,09:30:35,42457.45,50,2742900
20221116,09:30:37,42459.15,125,2742900
20221116,09:30:38,42455.00,325,2742900
20221116,09:30:40,42452.95,275,2742900
20221116,09:30:42,42457.15,275,2742900
20221116,09:30:43,42450.60,400,2742900
20221116,09:30:45,42456.00,525,2742900
20221116,09:30:47,42458.40,125,2742900
20221116,09:30:48,42456.80,25,2742900
20221116,09:30:50,42450.10,425,2742900
20221116,09:30:52,42456.15,250,2742900
20221116,09:30:53,42456.80,100,2742900
20221116,09:30:55,42458.00,125,2742900
20221116,09:31:00,42457.75,50,2742900
20221116,09:31:02,42452.00,275,2742900
20221116,09:31:03,42452.40,25,2742900
20221116,09:31:05,42452.10,75,2742900
20221116,09:31:06,42454.00,175,2742900
20221116,09:31:08,42452.00,175,2742900
20221116,09:31:10,42451.15,50,2742900
20221116,09:31:12,42450.10,50,2742900
20221116,09:31:13,42450.00,200,2742900
20221116,09:31:15,42455.00,50,2742900
20221116,09:31:17,42454.95,125,2742900
20221116,09:31:18,42451.05,125,2742900
20221116,09:31:20,42450.40,50,2742900
20221116,09:31:22,42455.00,925,2742900
20221116,09:31:23,42454.95,100,2742900
20221116,09:31:25,42450.00,50,2742900
20221116,09:31:27,42447.00,1275,2742900
20221116,09:31:30,42444.95,225,2742900
20221116,09:31:32,42444.10,75,2742900
20221116,09:31:33,42444.55,125,2742900
20221116,09:31:36,42445.05,50,2742900
20221116,09:31:38,42449.35,25,2742900
20221116,09:31:40,42450.00,250,2742900
20221116,09:31:41,42445.00,275,2742900
20221116,09:31:43,42450.00,275,2742900
20221116,09:31:45,42444.00,50,2742900
20221116,09:31:46,42445.00,125,2742900
20221116,09:31:48,42445.00,75,2742900
20221116,09:31:50,42445.10,100,2742900
20221116,09:31:51,42450.85,700,2742900
20221116,09:31:53,42451.65,1125,2742900
20221116,09:31:54,42451.00,25,2742900
20221116,09:31:56,42451.80,75,2742900
20221116,09:32:01,42447.50,175,2742900
20221116,09:32:03,42444.00,50,2742900
20221116,09:32:04,42443.80,125,2742900
20221116,09:32:06,42444.20,125,2742900
20221116,09:32:07,42448.00,50,2742900
20221116,09:32:09,42447.75,50,2742900
20221116,09:32:11,42447.15,25,2742900
20221116,09:32:12,42445.25,125,2742900
20221116,09:32:14,42446.20,100,2742900
20221116,09:32:16,42442.00,100,2742900
20221116,09:32:17,42442.05,200,2742900
20221116,09:32:19,42444.65,150,2742900
20221116,09:32:21,42442.00,100,2742900
20221116,09:32:24,42442.00,375,2742900
20221116,09:32:26,42447.95,25,2742900
20221116,09:32:27,42448.00,25,2742900
20221116,09:32:29,42447.95,75,2742900
20221116,09:32:31,42441.10,375,2742900
20221116,09:32:35,42440.95,200,2745625
20221116,09:32:37,42440.50,25,2745625
20221116,09:32:39,42445.20,100,2745625
20221116,09:32:40,42440.00,25,2745625
20221116,09:32:42,42440.10,75,2745625
20221116,09:32:43,42440.00,150,2745625
20221116,09:32:45,42445.25,150,2745625
20221116,09:32:47,42441.30,25,2745625
20221116,09:32:48,42445.00,25,2745625
20221116,09:32:50,42445.00,100,2745625
20221116,09:32:53,42445.00,75,2745625
20221116,09:32:55,42447.00,125,2745625
20221116,09:32:56,42448.00,50,2745625
20221116,09:32:58,42448.00,75,2745625
20221116,09:33:01,42445.00,25,2745625
20221116,09:33:03,42445.00,50,2745625
20221116,09:33:06,42443.40,25,2745625
20221116,09:33:08,42441.80,50,2745625
20221116,09:33:09,42445.00,25,2745625
20221116,09:33:12,42442.80,200,2745625
20221116,09:33:14,42446.20,25,2745625
20221116,09:33:16,42441.30,125,2745625
20221116,09:33:17,42440.70,200,2745625
20221116,09:33:19,42446.90,50,2745625
20221116,09:33:21,42446.00,50,2745625
20221116,09:33:22,42448.00,50,2745625
20221116,09:33:24,42446.00,125,2745625
20221116,09:33:26,42450.00,575,2745625
20221116,09:33:27,42448.45,50,2745625
20221116,09:33:29,42450.80,375,2745625
20221116,09:33:31,42451.60,25,2745625
20221116,09:33:32,42447.60,25,2745625
20221116,09:33:34,42454.80,75,2745625
20221116,09:33:35,42451.30,50,2745625
20221116,09:33:37,42447.60,100,2745625
20221116,09:33:39,42451.75,25,2745625
20221116,09:33:40,42452.95,25,2745625
20221116,09:33:42,42447.65,225,2745625
20221116,09:33:44,42448.10,25,2745625
20221116,09:33:45,42451.60,75,2745625
20221116,09:33:47,42451.60,25,2745625
20221116,09:33:48,42441.95,75,2745625
20221116,09:33:50,42445.00,50,2745625
20221116,09:33:52,42445.00,25,2745625
20221116,09:33:53,42446.50,3075,2745625
20221116,09:33:55,42439.60,925,2745625
20221116,09:33:56,42440.00,75,2745625
20221116,09:33:58,42441.10,150,2745625
20221116,09:34:00,42437.00,25,2745625
20221116,09:34:01,42436.90,525,2745625
20221116,09:34:03,42436.95,300,2745625
20221116,09:34:04,42436.00,475,2745625
20221116,09:34:06,42436.00,1425,2745625
20221116,09:34:08,42435.00,125,2745625
20221116,09:34:09,42436.95,125,2745625
20221116,09:34:11,42435.00,125,2745625
20221116,09:34:12,42434.00,775,2745625
20221116,09:34:14,42438.10,1450,2745625
20221116,09:34:16,42438.15,175,2745625
20221116,09:34:19,42438.95,100,2745625
20221116,09:34:20,42438.00,125,2745625
20221116,09:34:22,42435.00,50,2745625
20221116,09:34:23,42435.00,50,2745625
20221116,09:34:25,42435.00,175,2745625
20221116,09:34:26,42435.00,575,2745625
20221116,09:34:28,42435.00,175,2745625
20221116,09:34:30,42432.60,75,2745625
20221116,09:34:31,42432.40,50,2745625
20221116,09:34:33,42430.00,550,2745625
20221116,09:34:34,42430.00,200,2745625
20221116,09:34:36,42430.00,575,2745625
20221116,09:34:38,42431.95,225,2745625
20221116,09:34:39,42432.40,375,2745625
20221116,09:34:41,42433.65,150,2745625
20221116,09:34:42,42434.35,25,2745625
20221116,09:34:44,42432.00,50,2745625
20221116,09:34:46,42432.00,75,2745625
20221116,09:34:47,42430.35,75,2745625
20221116,09:34:49,42434.85,25,2745625
20221116,09:34:50,42432.00,125,2745625
20221116,09:34:52,42430.75,50,2745625
20221116,09:34:53,42430.05,125,2745625
20221116,09:34:55,42430.05,25,2745625
20221116,09:34:56,42430.05,175,2745625
20221116,09:34:58,42430.05,25,2745625
20221116,09:34:59,42432.00,125,2745625
20221116,09:35:01,42430.05,150,2745625
20221116,09:35:03,42430.05,150,2745625
20221116,09:35:04,42428.00,350,2745625
20221116,09:35:06,42425.60,350,2745625
20221116,09:35:08,42421.00,2025,2745625
20221116,09:35:09,42421.00,100,2745625
20221116,09:35:11,42421.00,250,2745625
20221116,09:35:13,42421.00,1275,2745625
20221116,09:35:14,42422.15,1075,2745625
20221116,09:35:16,42422.00,3475,2745625
20221116,09:35:17,42423.05,75,2745625
20221116,09:35:19,42421.50,150,2745625
20221116,09:35:21,42427.35,100,2745625
20221116,09:35:22,42422.15,500,2745625
20221116,09:35:24,42422.00,25,2745625
20221116,09:35:25,42422.00,25,2745625
20221116,09:35:26,42421.35,100,2745625
20221116,09:35:28,42428.00,350,2745625
20221116,09:35:30,42421.20,100,2745625
20221116,09:35:31,42424.15,150,2745625
20221116,09:35:33,42425.25,225,2745625
20221116,09:35:35,42424.35,75,2744500
20221116,09:35:36,42425.25,100,2744500
20221116,09:35:38,42428.00,150,2744500
20221116,09:35:39,42426.00,150,2744500
20221116,09:35:41,42429.65,550,2744500
20221116,09:35:43,42429.30,100,2744500
20221116,09:35:44,42433.65,75,2744500
20221116,09:35:46,42433.65,50,2744500
20221116,09:35:48,42434.80,50,2744500
20221116,09:35:49,42430.25,50,2744500
20221116,09:35:51,42430.90,175,2744500
20221116,09:35:54,42438.15,175,2744500
20221116,09:35:56,42444.35,250,2744500
20221116,09:35:57,42444.90,100,2744500
20221116,09:35:59,42438.20,100,2744500
20221116,09:36:01,42442.75,175,2744500
20221116,09:36:02,42442.75,50,2744500
20221116,09:36:04,42443.55,200,2744500
20221116,09:36:06,42443.25,125,2744500
20221116,09:36:07,42438.05,75,2744500
20221116,09:36:09,42443.65,175,2744500
20221116,09:36:10,42444.95,100,2744500
20221116,09:36:12,42443.35,200,2744500
20221116,09:36:14,42442.90,100,2744500
20221116,09:36:15,42440.20,50,2744500
20221116,09:36:19,42442.45,150,2744500
20221116,09:36:20,42443.95,50,2744500
20221116,09:36:28,42448.45,1000,2744500
20221116,09:36:30,42443.95,25,2744500
20221116,09:36:32,42442.65,125,2744500
20221116,09:36:33,42445.95,50,2744500
20221116,09:36:35,42446.00,50,2744500
20221116,09:36:36,42443.00,125,2744500
20221116,09:36:38,42443.10,25,2744500
20221116,09:36:41,42445.00,300,2744500
20221116,09:36:43,42448.65,50,2744500
20221116,09:36:45,42445.05,100,2744500
20221116,09:36:46,42447.60,650,2744500
20221116,09:36:48,42451.90,50,2744500
20221116,09:36:50,42450.05,25,2744500
20221116,09:36:51,42450.00,425,2744500
20221116,09:36:53,42450.00,75,2744500
20221116,09:36:55,42444.00,300,2744500
20221116,09:36:56,42444.75,25,2744500
20221116,09:36:58,42445.00,200,2744500
20221116,09:37:00,42445.00,25,2744500
20221116,09:37:03,42440.05,150,2744500
20221116,09:37:04,42447.60,75,2744500
20221116,09:37:06,42440.45,150,2744500
20221116,09:37:08,42440.00,125,2744500
20221116,09:37:09,42445.00,50,2744500
20221116,09:37:13,42443.50,250,2744500
20221116,09:37:14,42443.00,150,2744500
20221116,09:37:16,42440.00,25,2744500
20221116,09:37:18,42442.85,150,2744500
20221116,09:37:19,42441.00,125,2744500
20221116,09:37:21,42439.05,175,2744500
20221116,09:37:22,42438.15,25,2744500
20221116,09:37:24,42436.35,125,2744500
20221116,09:37:26,42440.00,50,2744500
20221116,09:37:27,42441.75,50,2744500
20221116,09:37:29,42443.55,50,2744500
20221116,09:37:31,42440.00,75,2744500
20221116,09:37:32,42432.95,400,2744500
20221116,09:37:34,42440.00,200,2744500
20221116,09:37:36,42440.00,250,2744500
20221116,09:37:37,42440.00,75,2744500
20221116,09:37:39,42438.05,50,2744500
20221116,09:37:41,42440.40,250,2744500
20221116,09:37:42,42445.00,375,2744500
20221116,09:37:44,42445.00,150,2744500
20221116,09:37:49,42441.15,25,2744500
20221116,09:37:51,42445.00,125,2744500
20221116,09:37:53,42445.00,50,2744500
20221116,09:37:54,42450.00,100,2744500
20221116,09:37:57,42445.05,100,2744500
20221116,09:37:59,42451.00,175,2744500
20221116,09:38:01,42452.00,25,2744500
20221116,09:38:04,42456.20,175,2744500
20221116,09:38:06,42456.20,150,2744500
20221116,09:38:07,42457.05,25,2744500
20221116,09:38:09,42457.00,25,2744500
20221116,09:38:11,42458.00,50,2744500
20221116,09:38:12,42460.00,100,2744500
20221116,09:38:14,42460.00,200,2744500
20221116,09:38:16,42460.00,500,2744500
20221116,09:38:17,42460.00,125,2744500
20221116,09:38:19,42462.05,725,2744500
20221116,09:38:21,42465.25,75,2744500
20221116,09:38:22,42461.00,50,2744500
20221116,09:38:24,42461.00,125,2744500
20221116,09:38:25,42462.00,125,2744500
20221116,09:38:29,42463.00,50,2744500
20221116,09:38:30,42466.55,25,2744500
20221116,09:38:32,42466.55,100,2744500
20221116,09:38:33,42465.20,1200,2744500
20221116,09:38:35,42468.55,25,2747950
20221116,09:38:37,42469.90,25,2747950
20221116,09:38:38,42472.30,150,2747950
20221116,09:38:40,42479.60,3300,2747950
20221116,09:38:42,42479.60,300,2747950
20221116,09:38:43,42479.60,75,2747950
20221116,09:38:45,42477.75,50,2747950
20221116,09:38:47,42479.60,150,2747950
20221116,09:38:48,42482.35,2725,2747950
20221116,09:38:50,42483.15,425,2747950
20221116,09:38:52,42491.00,375,2747950
20221116,09:38:53,42485.05,150,2747950
20221116,09:38:55,42491.00,150,2747950
20221116,09:38:57,42491.00,1050,2747950
20221116,09:38:58,42491.00,275,2747950
20221116,09:39:00,42485.95,275,2747950
20221116,09:39:02,42486.80,175,2747950
20221116,09:39:03,42481.15,775,2747950
20221116,09:39:05,42482.65,675,2747950
20221116,09:39:07,42481.20,475,2747950
20221116,09:39:08,42476.00,300,2747950
20221116,09:39:10,42477.20,325,2747950
20221116,09:39:12,42481.45,125,2747950
20221116,09:39:13,42479.00,175,2747950
20221116,09:39:15,42477.35,575,2747950
20221116,09:39:17,42478.35,2525,2747950
20221116,09:39:18,42478.00,700,2747950
20221116,09:39:20,42482.00,50,2747950
20221116,09:39:22,42480.00,750,2747950
20221116,09:39:23,42484.25,75,2747950
20221116,09:39:25,42483.10,50,2747950
20221116,09:39:26,42483.05,175,2747950
20221116,09:39:28,42485.90,75,2747950
20221116,09:39:30,42488.10,3900,2747950
20221116,09:39:31,42488.25,350,2747950
20221116,09:39:33,42488.00,125,2747950
20221116,09:39:35,42485.00,575,2747950
20221116,09:39:36,42484.80,150,2747950
20221116,09:39:38,42481.20,125,2747950
20221116,09:39:39,42485.60,3800,2747950
20221116,09:39:43,42490.00,3350,2747950
20221116,09:39:44,42485.55,25,2747950
20221116,09:39:46,42480.90,150,2747950
20221116,09:39:48,42488.25,875,2747950
20221116,09:39:49,42484.80,400,2747950
20221116,09:39:51,42485.00,75,2747950
20221116,09:39:53,42485.75,4250,2747950
20221116,09:39:54,42482.00,25,2747950
20221116,09:39:56,42484.90,25,2747950
20221116,09:39:58,42487.35,175,2747950
20221116,09:40:00,42486.30,725,2747950
20221116,09:40:01,42484.80,775,2747950
20221116,09:40:03,42485.00,150,2747950
20221116,09:40:05,42484.70,200,2747950
20221116,09:40:06,42483.30,25,2747950
20221116,09:40:08,42484.10,125,2747950
20221116,09:40:10,42478.90,725,2747950
20221116,09:40:11,42480.95,75,2747950
20221116,09:40:13,42477.05,150,2747950
20221116,09:40:15,42476.00,2075,2747950
20221116,09:40:16,42482.20,4950,2747950
20221116,09:40:18,42479.90,200,2747950
20221116,09:40:19,42479.35,5400,2747950
20221116,09:40:21,42487.60,3975,2747950
20221116,09:40:23,42486.60,6150,2747950
20221116,09:40:24,42482.20,50,2747950
20221116,09:40:26,42497.75,1750,2747950
20221116,09:40:28,42492.70,225,2747950
20221116,09:40:29,42495.80,150,2747950
20221116,09:40:31,42494.10,700,2747950
20221116,09:40:33,42508.95,7725,2747950
20221116,09:40:34,42533.55,6950,2747950
20221116,09:40:36,42501.00,675,2747950
20221116,09:40:38,42507.55,325,2747950
20221116,09:40:39,42502.10,725,2747950
20221116,09:40:41,42509.45,450,2747950
20221116,09:40:43,42511.85,125,2747950
20221116,09:40:44,42509.45,200,2747950
20221116,09:40:46,42507.45,525,2747950
20221116,09:40:48,42507.45,450,2747950
20221116,09:40:49,42500.00,500,2747950
20221116,09:40:51,42497.20,250,2747950
20221116,09:40:53,42501.85,75,2747950
20221116,09:40:54,42500.00,425,2747950
20221116,09:40:56,42505.15,350,2747950
20221116,09:40:58,42509.30,2250,2747950
20221116,09:40:59,42511.45,1225,2747950
20221116,09:41:01,42507.00,50,2747950
20221116,09:41:03,42511.85,700,2747950
20221116,09:41:04,42513.25,1500,2747950
20221116,09:41:06,42517.00,200,2747950
20221116,09:41:08,42512.25,250,2747950
20221116,09:41:09,42514.75,200,2747950
20221116,09:41:11,42509.00,400,2747950
20221116,09:41:13,42509.00,425,2747950
20221116,09:41:14,42508.50,50,2747950
20221116,09:41:16,42508.35,2875,2747950
20221116,09:41:18,42510.10,100,2747950
20221116,09:41:19,42508.50,125,2747950
20221116,09:41:21,42508.50,125,2747950
20221116,09:41:23,42510.10,425,2747950
20221116,09:41:24,42505.40,100,2747950
20221116,09:41:26,42509.55,75,2747950
20221116,09:41:28,42509.95,75,2747950
20221116,09:41:29,42510.00,125,2747950
20221116,09:41:31,42505.95,2500,2747950
20221116,09:41:32,42508.50,100,2747950
20221116,09:41:34,42502.80,400,2747950
20221116,09:41:36,42500.30,300,2794075
20221116,09:41:37,42507.60,125,2794075
20221116,09:41:39,42506.55,25,2794075
20221116,09:41:41,42506.45,600,2794075
20221116,09:41:42,42504.35,275,2794075
20221116,09:41:44,42500.05,3975,2794075
20221116,09:41:46,42503.00,275,2794075
20221116,09:41:47,42508.00,900,2794075
20221116,09:41:49,42509.65,2375,2794075
20221116,09:41:51,42508.60,2200,2794075
20221116,09:41:52,42501.40,150,2794075
20221116,09:41:54,42501.95,75,2794075
20221116,09:41:57,42500.40,250,2794075
20221116,09:41:59,42500.00,275,2794075
20221116,09:42:00,42502.40,1750,2794075
20221116,09:42:02,42501.40,2975,2794075
20221116,09:42:04,42501.90,125,2794075
20221116,09:42:06,42500.85,150,2794075
20221116,09:42:07,42497.10,250,2794075
20221116,09:42:09,42498.80,425,2794075
20221116,09:42:10,42498.40,100,2794075
20221116,09:42:12,42498.80,225,2794075
20221116,09:42:14,42498.00,50,2794075
20221116,09:42:15,42493.05,50,2794075
20221116,09:42:17,42490.00,375,2794075
20221116,09:42:19,42492.75,50,2794075
20221116,09:42:20,42492.50,100,2794075
20221116,09:42:22,42490.60,75,2794075
20221116,09:42:24,42490.60,525,2794075
20221116,09:42:25,42491.05,200,2794075
20221116,09:42:27,42490.65,525,2794075
20221116,09:42:29,42491.80,125,2794075
20221116,09:42:30,42494.45,1375,2794075
20221116,09:42:32,42493.45,25,2794075
20221116,09:42:34,42492.65,400,2794075
20221116,09:42:35,42491.00,75,2794075
20221116,09:42:39,42490.00,1050,2794075
20221116,09:42:42,42485.00,125,2794075
20221116,09:42:44,42485.00,50,2794075
20221116,09:42:45,42482.00,125,2794075
20221116,09:42:47,42481.05,500,2794075
20221116,09:42:49,42480.10,100,2794075
20221116,09:42:50,42480.00,325,2794075
20221116,09:42:52,42475.25,500,2794075
20221116,09:42:54,42475.00,100,2794075
20221116,09:42:55,42475.00,200,2794075
20221116,09:42:57,42474.10,50,2794075
20221116,09:42:59,42474.10,375,2794075
20221116,09:43:00,42474.10,100,2794075
20221116,09:43:02,42473.05,575,2794075
20221116,09:43:04,42466.60,425,2794075
20221116,09:43:05,42466.60,125,2794075
20221116,09:43:07,42470.15,225,2794075
20221116,09:43:09,42464.20,50,2794075
20221116,09:43:10,42469.90,50,2794075
20221116,09:43:12,42464.45,75,2794075
20221116,09:43:14,42469.55,25,2794075
20221116,09:43:15,42468.00,225,2794075
20221116,09:43:17,42466.40,500,2794075
20221116,09:43:18,42469.55,150,2794075
20221116,09:43:20,42466.10,25,2794075
20221116,09:43:22,42465.00,175,2794075
20221116,09:43:23,42466.50,75,2794075
20221116,09:43:25,42466.10,1150,2794075
20221116,09:43:27,42468.35,25,2794075
20221116,09:43:28,42465.40,100,2794075
20221116,09:43:30,42465.00,25,2794075
20221116,09:43:33,42459.00,550,2794075
20221116,09:43:35,42463.15,100,2794075
20221116,09:43:36,42463.75,400,2794075
20221116,09:43:38,42459.75,75,2794075
20221116,09:43:40,42456.00,275,2794075
20221116,09:43:41,42454.05,100,2794075
20221116,09:43:43,42456.20,225,2794075
20221116,09:43:45,42456.20,625,2794075
20221116,09:43:46,42469.05,225,2794075
20221116,09:43:48,42460.80,100,2794075
20221116,09:43:50,42465.80,75,2794075
20221116,09:43:51,42458.75,50,2794075
20221116,09:43:53,42462.30,25,2794075
20221116,09:43:56,42458.85,125,2794075
20221116,09:43:58,42460.35,200,2794075
20221116,09:44:05,42455.00,1050,2794075
20221116,09:44:06,42456.50,75,2794075
20221116,09:44:08,42455.50,50,2794075
20221116,09:44:10,42460.00,50,2794075
20221116,09:44:11,42460.00,50,2794075
20221116,09:44:13,42458.95,950,2794075
20221116,09:44:15,42458.70,25,2794075
20221116,09:44:16,42457.95,25,2794075
20221116,09:44:18,42454.00,700,2794075
20221116,09:44:20,42454.95,100,2794075
20221116,09:44:22,42448.45,1800,2794075
20221116,09:44:23,42445.00,200,2794075
20221116,09:44:25,42448.00,100,2794075
20221116,09:44:27,42446.90,100,2794075
20221116,09:44:28,42449.05,225,2794075
20221116,09:44:30,42444.75,325,2794075
20221116,09:44:32,42447.05,175,2794075
20221116,09:44:33,42448.65,100,2794075
20221116,09:44:35,42450.00,50,2800175
20221116,09:44:37,42450.00,1100,2800175
20221116,09:44:38,42449.25,75,2800175
20221116,09:44:40,42444.50,400,2800175
20221116,09:44:42,42444.00,250,2800175
20221116,09:44:43,42445.00,400,2800175
20221116,09:44:45,42446.00,75,2800175
20221116,09:44:46,42450.70,125,2800175
20221116,09:44:48,42447.10,25,2800175
20221116,09:44:50,42445.00,75,2800175
20221116,09:44:51,42445.00,275,2800175
20221116,09:44:53,42441.00,425,2800175
20221116,09:44:55,42441.00,125,2800175
20221116,09:44:56,42444.00,125,2800175
20221116,09:44:58,42444.00,150,2800175
20221116,09:45:00,42442.85,375,2800175
20221116,09:45:01,42440.00,1925,2800175
20221116,09:45:03,42440.40,650,2800175
20221116,09:45:05,42440.00,425,2800175
20221116,09:45:06,42441.00,700,2800175
20221116,09:45:08,42442.85,550,2800175
20221116,09:45:10,42442.15,175,2800175
20221116,09:45:11,42441.05,975,2800175
20221116,09:45:13,42445.00,475,2800175
20221116,09:45:15,42442.90,275,2800175
20221116,09:45:16,42445.00,125,2800175
20221116,09:45:18,42445.00,225,2800175
20221116,09:45:19,42440.40,175,2800175
20221116,09:45:21,42440.00,325,2800175
20221116,09:45:23,42440.00,125,2800175
20221116,09:45:24,42446.80,350,2800175
20221116,09:45:26,42442.50,50,2800175
20221116,09:45:29,42440.00,25,2800175
20221116,09:45:31,42438.05,275,2800175
20221116,09:45:33,42443.90,75,2800175
20221116,09:45:34,42440.00,50,2800175
20221116,09:45:36,42439.90,100,2800175
20221116,09:45:37,42445.00,25,2800175
20221116,09:45:39,42443.00,50,2800175
20221116,09:45:41,42443.00,25,2800175
20221116,09:45:42,42440.05,25,2800175
20221116,09:45:44,42443.95,75,2800175
20221116,09:45:46,42448.15,300,2800175
20221116,09:45:47,42447.50,125,2800175
20221116,09:45:49,42451.05,275,2800175
20221116,09:45:51,42455.00,250,2800175
20221116,09:45:52,42458.35,100,2800175
20221116,09:45:54,42449.50,75,2800175
20221116,09:45:55,42454.80,75,2800175
20221116,09:45:59,42459.40,125,2800175
20221116,09:46:00,42456.05,800,2800175
20221116,09:46:04,42451.50,75,2800175
20221116,09:46:05,42449.15,25,2800175
20221116,09:46:07,42442.80,375,2800175
20221116,09:46:08,42442.80,125,2800175
20221116,09:46:10,42442.90,100,2800175
20221116,09:46:12,42448.50,325,2800175
20221116,09:46:13,42448.50,25,2800175
20221116,09:46:15,42448.50,100,2800175
20221116,09:46:18,42449.15,25,2800175
20221116,09:46:20,42450.00,100,2800175
20221116,09:46:21,42450.00,150,2800175
20221116,09:46:23,42453.15,25,2800175
20221116,09:46:25,42453.15,50,2800175
20221116,09:46:30,42448.85,150,2800175
20221116,09:46:31,42453.15,25,2800175
20221116,09:46:33,42449.20,25,2800175
20221116,09:46:34,42449.20,25,2800175
20221116,09:46:38,42449.10,25,2800175
20221116,09:46:39,42448.60,75,2800175
20221116,09:46:41,42449.65,200,2800175
20221116,09:46:42,42448.85,25,2800175
20221116,09:46:44,42449.65,350,2800175
20221116,09:46:49,42452.30,75,2800175
20221116,09:46:51,42450.75,125,2800175
20221116,09:46:52,42451.60,25,2800175
20221116,09:46:55,42452.45,25,2800175
20221116,09:47:00,42454.35,25,2800175
20221116,09:47:02,42454.35,50,2800175
20221116,09:47:06,42454.70,50,2800175
20221116,09:47:08,42450.75,25,2800175
20221116,09:47:10,42450.00,200,2800175
20221116,09:47:11,42447.00,100,2800175
20221116,09:47:13,42445.00,100,2800175
20221116,09:47:15,42445.00,75,2800175
20221116,09:47:16,42441.00,200,2800175
20221116,09:47:18,42440.45,375,2800175
20221116,09:47:19,42440.40,100,2800175
20221116,09:47:21,42441.10,1125,2800175
20221116,09:47:23,42440.00,350,2800175
20221116,09:47:24,42438.40,25,2800175
20221116,09:47:26,42438.30,425,2800175
20221116,09:47:28,42437.00,300,2800175
20221116,09:47:29,42435.30,50,2800175
20221116,09:47:31,42432.00,250,2800175
20221116,09:47:33,42431.20,1100,2800175
20221116,09:47:34,42430.00,2600,2800175
20221116,09:47:36,42431.60,625,2799650
20221116,09:47:37,42430.10,475,2799650
20221116,09:47:39,42432.20,425,2799650
20221116,09:47:41,42435.20,975,2799650
20221116,09:47:42,42438.70,450,2799650
20221116,09:47:44,42438.25,175,2799650
20221116,09:47:45,42434.00,325,2799650
20221116,09:47:47,42433.00,200,2799650
20221116,09:47:49,42433.20,650,2799650
20221116,09:47:50,42432.95,250,2799650
20221116,09:47:52,42432.95,225,2799650
20221116,09:47:54,42437.90,125,2799650
20221116,09:47:55,42439.00,75,2799650
20221116,09:47:57,42437.25,100,2799650
20221116,09:47:58,42435.55,3650,2799650
20221116,09:48:00,42435.55,50,2799650
20221116,09:48:02,42435.45,100,2799650
20221116,09:48:03,42432.10,75,2799650
20221116,09:48:05,42431.60,25,2799650
20221116,09:48:07,42432.95,900,2799650
20221116,09:48:08,42433.00,100,2799650
20221116,09:48:10,42432.00,25,2799650
20221116,09:48:11,42430.85,325,2799650
20221116,09:48:13,42430.65,50,2799650
20221116,09:48:14,42432.10,175,2799650
20221116,09:48:16,42432.55,100,2799650
20221116,09:48:18,42432.45,50,2799650
20221116,09:48:19,42434.45,275,2799650
20221116,09:48:21,42434.50,1025,2799650
20221116,09:48:23,42434.70,175,2799650
20221116,09:48:24,42434.45,150,2799650
20221116,09:48:26,42435.90,900,2799650
20221116,09:48:27,42433.10,50,2799650
20221116,09:48:29,42432.50,800,2799650
20221116,09:48:30,42432.70,25,2799650
20221116,09:48:32,42435.00,400,2799650
20221116,09:48:34,42439.00,325,2799650
20221116,09:48:35,42440.00,200,2799650
20221116,09:48:37,42441.15,175,2799650
20221116,09:48:39,42438.40,50,2799650
20221116,09:48:40,42443.20,225,2799650
20221116,09:48:42,42441.95,50,2799650
20221116,09:48:44,42441.95,25,2799650
20221116,09:48:45,42441.45,50,2799650
20221116,09:48:47,42441.15,50,2799650
20221116,09:48:49,42440.55,25,2799650
20221116,09:48:50,42441.00,75,2799650
20221116,09:48:52,42441.15,25,2799650
20221116,09:48:53,42440.00,75,2799650
20221116,09:48:55,42437.80,50,2799650
20221116,09:48:57,42438.00,75,2799650
20221116,09:48:58,42440.25,75,2799650
20221116,09:49:00,42440.00,50,2799650
20221116,09:49:01,42438.80,25,2799650
20221116,09:49:03,42436.25,125,2799650
20221116,09:49:05,42439.40,100,2799650
20221116,09:49:06,42439.25,50,2799650
20221116,09:49:08,42435.00,25,2799650
20221116,09:49:10,42435.00,75,2799650
20221116,09:49:11,42434.25,3750,2799650
20221116,09:49:13,42434.90,200,2799650
20221116,09:49:14,42436.15,50,2799650
20221116,09:49:16,42438.00,75,2799650
20221116,09:49:18,42435.85,150,2799650
20221116,09:49:19,42435.40,125,2799650
20221116,09:49:21,42432.55,3275,2799650
20221116,09:49:22,42432.00,75,2799650
20221116,09:49:24,42434.90,1625,2799650
20221116,09:49:26,42438.00,4675,2799650
20221116,09:49:27,42438.40,3775,2799650
20221116,09:49:29,42432.30,50,2799650
20221116,09:49:31,42434.20,25,2799650
20221116,09:49:32,42434.75,50,2799650
20221116,09:49:34,42434.90,25,2799650
20221116,09:49:35,42436.70,100,2799650
20221116,09:49:37,42436.25,50,2799650
20221116,09:49:39,42438.00,150,2799650
20221116,09:49:40,42438.75,5225,2799650
20221116,09:49:42,42432.45,7675,2799650
20221116,09:49:44,42434.80,4425,2799650
20221116,09:49:45,42430.45,6500,2799650
20221116,09:49:47,42436.35,2675,2799650
20221116,09:49:48,42431.55,6025,2799650
20221116,09:49:50,42431.05,3075,2799650
20221116,09:49:52,42436.80,6650,2799650
20221116,09:49:53,42437.60,575,2799650
20221116,09:49:55,42435.90,50,2799650
20221116,09:49:57,42438.65,100,2799650
20221116,09:49:58,42439.40,100,2799650
20221116,09:50:00,42438.40,175,2799650
20221116,09:50:01,42435.95,300,2799650
20221116,09:50:03,42438.75,25,2799650
20221116,09:50:05,42438.20,475,2799650
20221116,09:50:06,42440.10,75,2799650
20221116,09:50:08,42441.80,225,2799650
20221116,09:50:09,42442.55,125,2799650
20221116,09:50:11,42444.30,325,2799650
20221116,09:50:13,42446.00,100,2799650
20221116,09:50:14,42450.00,275,2799650
20221116,09:50:16,42448.35,550,2799650
20221116,09:50:17,42447.05,175,2799650
20221116,09:50:21,42443.70,125,2799650
20221116,09:50:22,42447.40,125,2799650
20221116,09:50:24,42440.60,100,2799650
20221116,09:50:25,42439.45,125,2799650
20221116,09:50:27,42438.00,125,2799650
20221116,09:50:28,42442.00,225,2799650
20221116,09:50:30,42441.00,75,2799650
20221116,09:50:33,42444.00,125,2799650
20221116,09:50:35,42443.70,125,2799650
20221116,09:50:37,42443.40,200,2740200
20221116,09:50:38,42446.75,100,2740200
20221116,09:50:40,42443.55,125,2740200
20221116,09:50:43,42444.20,75,2740200
20221116,09:50:44,42448.70,75,2740200
20221116,09:50:46,42446.00,75,2740200
20221116,09:50:49,42450.00,50,2740200
20221116,09:50:54,42447.50,350,2740200
20221116,09:50:56,42450.05,100,2740200
20221116,09:50:57,42447.75,250,2740200
20221116,09:50:59,42454.60,150,2740200
20221116,09:51:01,42450.00,750,2740200
20221116,09:51:02,42452.35,125,2740200
20221116,09:51:04,42449.35,25,2740200
20221116,09:51:06,42453.00,50,2740200
20221116,09:51:07,42448.00,125,2740200
20221116,09:51:09,42455.00,125,2740200
20221116,09:51:11,42452.00,100,2740200
20221116,09:51:14,42450.05,25,2740200
20221116,09:51:17,42450.60,25,2740200
20221116,09:51:19,42456.15,125,2740200
20221116,09:51:20,42451.60,25,2740200
20221116,09:51:22,42455.25,175,2740200
20221116,09:51:24,42456.20,50,2740200
20221116,09:51:25,42456.15,275,2740200
20221116,09:51:27,42456.20,100,2740200
20221116,09:51:30,42454.50,50,2740200
20221116,09:51:32,42456.25,150,2740200
20221116,09:51:37,42454.50,25,2740200
20221116,09:51:38,42454.50,150,2740200
20221116,09:51:40,42450.00,200,2740200
20221116,09:51:43,42451.20,100,2740200
20221116,09:51:45,42454.50,25,2740200
20221116,09:51:48,42454.95,125,2740200
20221116,09:51:50,42455.30,25,2740200
20221116,09:51:51,42454.45,25,2740200
20221116,09:51:53,42447.05,75,2740200
20221116,09:51:55,42448.60,75,2740200
20221116,09:51:56,42445.70,75,2740200
20221116,09:52:01,42445.30,25,2740200
20221116,09:52:05,42452.25,50,2740200
20221116,09:52:06,42447.85,150,2740200
20221116,09:52:09,42454.85,50,2740200
20221116,09:52:14,42455.00,25,2740200
20221116,09:52:16,42452.90,25,2740200
20221116,09:52:22,42454.00,25,2740200
20221116,09:52:23,42456.00,25,2740200
20221116,09:52:25,42455.30,50,2740200
20221116,09:52:26,42455.90,50,2740200
20221116,09:52:28,42456.05,25,2740200
20221116,09:52:30,42455.40,50,2740200
20221116,09:52:33,42456.95,50,2740200
20221116,09:52:34,42456.05,25,2740200
20221116,09:52:36,42456.15,25,2740200
20221116,09:52:38,42451.40,50,2740200
20221116,09:52:41,42455.40,25,2740200
20221116,09:52:43,42456.15,25,2740200
20221116,09:52:44,42458.60,75,2740200
20221116,09:52:46,42456.15,100,2740200
20221116,09:52:49,42456.25,125,2740200
20221116,09:52:51,42459.00,25,2740200
20221116,09:52:53,42459.00,75,2740200
20221116,09:52:54,42460.00,175,2740200
20221116,09:52:57,42456.15,175,2740200
20221116,09:52:59,42460.00,50,2740200
20221116,09:53:01,42465.00,475,2740200
20221116,09:53:02,42461.05,125,2740200
20221116,09:53:04,42466.00,75,2740200
20221116,09:53:06,42469.00,150,2740200
20221116,09:53:07,42472.00,300,2740200
20221116,09:53:09,42472.55,175,2740200
20221116,09:53:11,42469.70,225,2740200
20221116,09:53:12,42472.00,50,2740200
20221116,09:53:16,42476.50,50,2740200
20221116,09:53:17,42478.00,125,2740200
20221116,09:53:19,42478.80,325,2740200
20221116,09:53:20,42479.00,75,2740200
20221116,09:53:22,42470.65,125,2740200
20221116,09:53:24,42470.00,175,2740200
20221116,09:53:25,42467.75,100,2740200
20221116,09:53:27,42470.00,25,2740200
20221116,09:53:30,42476.45,550,2740200
20221116,09:53:32,42478.00,375,2740200
20221116,09:53:33,42471.00,75,2740200
20221116,09:53:35,42470.00,325,2740200
20221116,09:53:37,42470.00,150,2740200
20221116,09:53:38,42470.00,50,2740850
20221116,09:53:40,42470.50,75,2740850
20221116,09:53:42,42470.75,50,2740850
20221116,09:53:43,42475.00,150,2740850
20221116,09:53:45,42477.15,50,2740850
20221116,09:53:47,42477.10,50,2740850
20221116,09:53:48,42473.95,75,2740850
20221116,09:53:52,42474.70,75,2740850
20221116,09:53:53,42474.05,25,2740850
20221116,09:53:55,42470.05,300,2740850
20221116,09:53:57,42471.60,25,2740850
20221116,09:53:58,42476.75,125,2740850
20221116,09:54:00,42476.50,50,2740850
20221116,09:54:02,42474.15,150,2740850
20221116,09:54:03,42479.25,300,2740850
20221116,09:54:05,42479.90,150,2740850
20221116,09:54:08,42479.90,75,2740850
20221116,09:54:10,42479.95,75,2740850
20221116,09:54:13,42479.95,50,2740850
20221116,09:54:15,42479.95,2125,2740850
20221116,09:54:17,42480.00,575,2740850
20221116,09:54:18,42485.00,300,2740850
20221116,09:54:20,42485.00,125,2740850
20221116,09:54:22,42487.00,125,2740850
20221116,09:54:23,42489.95,275,2740850
20221116,09:54:25,42485.10,50,2740850
20221116,09:54:27,42490.00,250,2740850
20221116,09:54:28,42489.50,450,2740850
20221116,09:54:30,42482.15,300,2740850
20221116,09:54:32,42483.40,25,2740850
20221116,09:54:33,42482.45,225,2740850
20221116,09:54:37,42482.05,350,2740850
20221116,09:54:38,42484.00,175,2740850
20221116,09:54:40,42480.00,100,2740850
20221116,09:54:42,42482.45,100,2740850
20221116,09:54:45,42480.10,125,2740850
20221116,09:54:46,42480.00,75,2740850
20221116,09:54:48,42485.95,150,2740850
20221116,09:54:50,42480.00,250,2740850
20221116,09:54:51,42480.00,75,2740850
20221116,09:54:53,42485.00,50,2740850
20221116,09:54:54,42479.15,100,2740850
20221116,09:54:56,42482.10,100,2740850
20221116,09:54:59,42477.05,25,2740850
20221116,09:55:01,42485.00,150,2740850
20221116,09:55:03,42480.10,75,2740850
20221116,09:55:06,42485.00,150,2740850
20221116,09:55:08,42488.00,50,2740850
20221116,09:55:09,42489.15,725,2740850
20221116,09:55:11,42495.00,200,2740850
20221116,09:55:13,42498.00,425,2740850
20221116,09:55:14,42493.25,400,2740850
20221116,09:55:16,42488.00,450,2740850
20221116,09:55:18,42487.65,75,2740850
20221116,09:55:19,42487.65,550,2740850
20221116,09:55:21,42488.95,75,2740850
20221116,09:55:23,42489.30,100,2740850
20221116,09:55:24,42488.75,175,2740850
20221116,09:55:26,42492.00,175,2740850
20221116,09:55:28,42490.75,400,2740850
20221116,09:55:29,42487.65,75,2740850
20221116,09:55:31,42482.00,275,2740850
20221116,09:55:33,42480.25,125,2740850
20221116,09:55:34,42486.75,175,2740850
20221116,09:55:36,42480.25,75,2740850
20221116,09:55:39,42483.15,25,2740850
20221116,09:55:41,42487.00,25,2740850
20221116,09:55:42,42487.00,25,2740850
20221116,09:55:44,42481.05,500,2740850
20221116,09:55:46,42483.70,75,2740850
20221116,09:55:47,42486.50,50,2740850
20221116,09:55:49,42480.00,75,2740850
20221116,09:55:51,42482.95,25,2740850
20221116,09:55:54,42480.00,75,2740850
20221116,09:55:56,42476.00,650,2740850
20221116,09:55:57,42476.60,225,2740850
20221116,09:55:59,42470.30,325,2740850
20221116,09:56:01,42471.55,100,2740850
20221116,09:56:02,42472.10,50,2740850
20221116,09:56:04,42471.30,25,2740850
20221116,09:56:06,42476.00,200,2740850
20221116,09:56:07,42480.95,25,2740850
20221116,09:56:09,42481.00,25,2740850
20221116,09:56:10,42481.00,175,2740850
20221116,09:56:14,42480.25,25,2740850
20221116,09:56:17,42480.95,25,2740850
20221116,09:56:18,42480.25,100,2740850
20221116,09:56:20,42476.00,150,2740850
20221116,09:56:21,42483.10,775,2740850
20221116,09:56:23,42481.00,250,2740850
20221116,09:56:25,42482.45,175,2740850
20221116,09:56:26,42484.95,25,2740850
20221116,09:56:28,42487.00,100,2740850
20221116,09:56:30,42489.00,75,2740850
20221116,09:56:31,42485.30,100,2740850
20221116,09:56:34,42485.30,125,2740850
20221116,09:56:37,42485.30,275,2740700
20221116,09:56:39,42486.20,25,2740700
20221116,09:56:44,42490.00,225,2740700
20221116,09:56:49,42490.00,50,2740700
20221116,09:56:50,42487.45,775,2740700
20221116,09:56:52,42487.45,275,2740700
20221116,09:56:53,42487.70,125,2740700
20221116,09:56:55,42487.45,75,2740700
20221116,09:56:56,42489.90,75,2740700
20221116,09:56:58,42487.45,125,2740700
20221116,09:56:59,42487.45,50,2740700
20221116,09:57:01,42484.65,775,2740700
20221116,09:57:03,42481.20,75,2740700
20221116,09:57:04,42480.45,25,2740700
20221116,09:57:06,42480.60,100,2740700
20221116,09:57:07,42481.30,100,2740700
20221116,09:57:10,42486.75,100,2740700
20221116,09:57:12,42481.20,25,2740700
20221116,09:57:15,42486.75,25,2740700
20221116,09:57:17,42487.00,100,2740700
20221116,09:57:18,42487.45,100,2740700
20221116,09:57:20,42487.20,2075,2740700
20221116,09:57:21,42490.00,25,2740700
20221116,09:57:23,42486.95,150,2740700
20221116,09:57:25,42487.45,75,2740700
20221116,09:57:27,42487.45,50,2740700
20221116,09:57:33,42488.35,2750,2740700
20221116,09:57:34,42494.00,50,2740700
20221116,09:57:38,42496.75,3900,2740700
20221116,09:57:41,42493.90,100,2740700
20221116,09:57:42,42490.85,50,2740700
20221116,09:57:46,42493.50,125,2740700
20221116,09:57:47,42490.85,75,2740700
20221116,09:57:53,42493.90,150,2740700
20221116,09:57:55,42493.65,75,2740700
20221116,09:57:57,42494.80,100,2740700
20221116,09:57:58,42493.90,50,2740700
20221116,09:58:00,42493.45,25,2740700
20221116,09:58:01,42496.35,175,2740700
20221116,09:58:03,42496.20,25,2740700
20221116,09:58:04,42494.00,200,2740700
20221116,09:58:06,42495.00,100,2740700
20221116,09:58:08,42498.00,75,2740700
20221116,09:58:09,42494.00,175,2740700
20221116,09:58:13,42496.00,150,2740700
20221116,09:58:14,42491.20,100,2740700
20221116,09:58:16,42496.00,25,2740700
20221116,09:58:19,42496.00,50,2740700
20221116,09:58:20,42495.00,25,2740700
20221116,09:58:22,42491.10,50,2740700
20221116,09:58:23,42500.00,4450,2740700
20221116,09:58:25,42502.65,5575,2740700
20221116,09:58:27,42496.65,1475,2740700
20221116,09:58:28,42498.00,400,2740700
20221116,09:58:30,42502.90,25,2740700
20221116,09:58:32,42500.55,125,2740700
20221116,09:58:33,42500.85,25,2740700
20221116,09:58:34,42500.05,50,2740700
20221116,09:58:36,42506.50,7000,2740700
20221116,09:58:38,42504.35,3850,2740700
20221116,09:58:39,42510.30,400,2740700
20221116,09:58:41,42509.75,125,2740700
20221116,09:58:43,42506.90,150,2740700
20221116,09:58:44,42503.65,300,2740700
20221116,09:58:46,42506.30,125,2740700
20221116,09:58:48,42502.05,100,2740700
20221116,09:58:49,42508.35,25,2740700
20221116,09:58:51,42501.15,25,2740700
20221116,09:58:52,42500.10,225,2740700
20221116,09:58:54,42506.55,1325,2740700
20221116,09:58:56,42500.00,300,2740700
20221116,09:58:57,42505.50,475,2740700
20221116,09:58:59,42499.90,225,2740700
20221116,09:59:00,42500.10,250,2740700
20221116,09:59:02,42501.50,75,2740700
20221116,09:59:04,42502.00,50,2740700
20221116,09:59:05,42505.00,25,2740700
20221116,09:59:07,42501.00,550,2740700
20221116,09:59:10,42500.60,125,2740700
20221116,09:59:12,42502.00,175,2740700
20221116,09:59:13,42502.35,100,2740700
20221116,09:59:15,42501.85,25,2740700
20221116,09:59:16,42501.85,25,2740700
20221116,09:59:18,42500.10,125,2740700
20221116,09:59:19,42500.00,375,2740700
20221116,09:59:21,42502.00,50,2740700
20221116,09:59:22,42501.95,100,2740700
20221116,09:59:24,42499.85,175,2740700
20221116,09:59:25,42499.85,25,2740700
20221116,09:59:27,42500.00,75,2740700
20221116,09:59:28,42500.00,25,2740700
20221116,09:59:30,42500.00,325,2740700
20221116,09:59:32,42500.40,75,2740700
20221116,09:59:33,42500.00,25,2740700
20221116,09:59:37,42498.80,50,2740700
20221116,09:59:38,42490.00,300,2740700
20221116,09:59:40,42490.00,25,2763650
20221116,09:59:41,42495.65,150,2763650
20221116,09:59:43,42494.75,125,2763650
20221116,09:59:45,42490.95,175,2763650
20221116,09:59:46,42490.45,250,2763650
20221116,09:59:48,42497.70,275,2763650
20221116,09:59:50,42496.00,25,2763650
20221116,09:59:51,42499.45,50,2763650
20221116,09:59:53,42499.55,50,2763650
20221116,09:59:54,42499.00,50,2763650
20221116,09:59:56,42499.00,25,2763650
20221116,09:59:58,42495.85,50,2763650
20221116,09:59:59,42499.40,50,2763650
20221116,10:00:01,42492.70,75,2763650
20221116,10:00:03,42494.55,150,2763650
20221116,10:00:04,42499.00,250,2763650
20221116,10:00:07,42494.45,125,2763650
20221116,10:00:09,42493.30,25,2763650
20221116,10:00:11,42493.95,75,2763650
20221116,10:00:12,42490.00,875,2763650
20221116,10:00:14,42490.00,1150,2763650
20221116,10:00:15,42490.00,125,2763650
20221116,10:00:17,42489.05,175,2763650
20221116,10:00:19,42490.00,225,2763650
20221116,10:00:20,42488.35,225,2763650
20221116,10:00:22,42490.00,50,2763650
20221116,10:00:23,42490.00,250,2763650
20221116,10:00:25,42486.15,100,2763650
20221116,10:00:27,42487.20,125,2763650
20221116,10:00:28,42486.00,75,2763650
20221116,10:00:31,42489.40,25,2763650
20221116,10:00:33,42485.60,225,2763650
20221116,10:00:34,42485.35,25,2763650
20221116,10:00:36,42485.40,50,2763650
20221116,10:00:39,42487.00,200,2763650
20221116,10:00:41,42495.00,2475,2763650
20221116,10:00:42,42489.05,25,2763650
20221116,10:00:44,42495.00,25,2763650
20221116,10:00:46,42495.00,25,2763650
20221116,10:00:47,42499.00,125,2763650
20221116,10:00:49,42499.00,200,2763650
20221116,10:00:50,42500.00,100,2763650
20221116,10:00:52,42500.00,250,2763650
20221116,10:00:54,42504.25,175,2763650
20221116,10:00:55,42501.00,175,2763650
20221116,10:00:57,42504.25,1200,2763650
20221116,10:00:59,42509.90,50,2763650
20221116,10:01:00,42512.00,1300,2763650
20221116,10:01:02,42516.00,275,2763650
20221116,10:01:04,42519.75,750,2763650
20221116,10:01:05,42518.65,800,2763650
20221116,10:01:07,42519.05,875,2763650
20221116,10:01:09,42522.05,1025,2763650
20221116,10:01:10,42519.50,625,2763650
20221116,10:01:12,42521.40,150,2763650
20221116,10:01:14,42515.00,275,2763650
20221116,10:01:15,42519.00,300,2763650
20221116,10:01:17,42520.70,225,2763650
20221116,10:01:19,42518.25,350,2763650
20221116,10:01:20,42513.15,100,2763650
20221116,10:01:22,42518.55,350,2763650
20221116,10:01:23,42520.30,50,2763650
20221116,10:01:25,42517.05,950,2763650
20221116,10:01:27,42521.00,75,2763650
20221116,10:01:28,42521.30,200,2763650
20221116,10:01:30,42520.00,600,2763650
20221116,10:01:32,42520.00,125,2763650
20221116,10:01:33,42520.00,25,2763650
20221116,10:01:35,42520.00,125,2763650
20221116,10:01:36,42520.00,225,2763650
20221116,10:01:38,42515.00,1175,2763650
20221116,10:01:40,42517.95,275,2763650
20221116,10:01:41,42518.20,100,2763650
20221116,10:01:43,42520.00,25,2763650
20221116,10:01:45,42509.00,675,2763650
20221116,10:01:46,42512.00,50,2763650
20221116,10:01:50,42513.30,125,2763650
20221116,10:01:51,42511.05,100,2763650
20221116,10:01:53,42505.95,600,2763650
20221116,10:01:56,42503.40,575,2763650
20221116,10:01:58,42498.05,225,2763650
20221116,10:01:59,42505.30,150,2763650
20221116,10:02:01,42499.80,200,2763650
20221116,10:02:03,42501.00,175,2763650
20221116,10:02:04,42498.70,100,2763650
20221116,10:02:06,42500.00,375,2763650
20221116,10:02:08,42497.75,350,2763650
20221116,10:02:09,42499.90,50,2763650
20221116,10:02:11,42494.60,275,2763650
20221116,10:02:13,42491.00,125,2763650
20221116,10:02:14,42490.00,175,2763650
20221116,10:02:16,42487.10,325,2763650
20221116,10:02:17,42491.25,100,2763650
20221116,10:02:19,42493.70,325,2763650
20221116,10:02:21,42495.70,125,2763650
20221116,10:02:22,42496.00,200,2763650
20221116,10:02:24,42491.00,175,2763650
20221116,10:02:28,42496.00,50,2763650
20221116,10:02:30,42493.45,225,2763650
20221116,10:02:31,42497.95,150,2763650
20221116,10:02:33,42496.00,175,2763650
20221116,10:02:35,42499.00,50,2763650
20221116,10:02:38,42494.75,625,2763650
20221116,10:02:41,42491.85,25,2763475
20221116,10:02:43,42494.40,50,2763475
20221116,10:02:44,42490.00,275,2763475
20221116,10:02:46,42491.55,475,2763475
20221116,10:02:47,42486.35,50,2763475
20221116,10:02:51,42488.15,150,2763475
20221116,10:02:52,42490.25,75,2763475
20221116,10:02:54,42491.65,25,2763475
20221116,10:02:55,42496.40,75,2763475
20221116,10:02:57,42497.25,50,2763475
20221116,10:03:00,42496.00,25,2763475
20221116,10:03:02,42494.55,25,2763475
20221116,10:03:03,42494.10,50,2763475
20221116,10:03:07,42495.25,75,2763475
20221116,10:03:08,42490.20,225,2763475
20221116,10:03:10,42493.80,200,2763475
20221116,10:03:11,42487.85,125,2763475
20221116,10:03:15,42490.00,75,2763475
20221116,10:03:16,42490.00,150,2763475
20221116,10:03:18,42495.10,50,2763475
20221116,10:03:21,42496.40,50,2763475
20221116,10:03:23,42498.00,50,2763475
20221116,10:03:24,42495.00,25,2763475
20221116,10:03:28,42493.60,275,2763475
20221116,10:03:29,42493.55,225,2763475
20221116,10:03:31,42501.00,775,2763475
20221116,10:03:32,42499.25,25,2763475
20221116,10:03:34,42500.30,50,2763475
20221116,10:03:36,42500.00,25,2763475
20221116,10:03:37,42501.00,100,2763475
20221116,10:03:39,42500.00,50,2763475
20221116,10:03:41,42500.00,25,2763475
20221116,10:03:42,42500.30,50,2763475
20221116,10:03:47,42502.00,100,2763475
20221116,10:03:49,42500.00,200,2763475
20221116,10:03:52,42500.30,25,2763475
20221116,10:03:54,42503.45,25,2763475
20221116,10:03:56,42504.80,225,2763475
20221116,10:03:58,42504.30,25,2763475
20221116,10:03:59,42498.65,100,2763475
20221116,10:04:01,42499.80,75,2763475
20221116,10:04:04,42500.00,75,2763475
20221116,10:04:06,42500.00,100,2763475
20221116,10:04:07,42500.00,25,2763475
20221116,10:04:10,42502.75,325,2763475
20221116,10:04:12,42499.80,200,2763475
20221116,10:04:13,42499.60,100,2763475
20221116,10:04:17,42499.10,50,2763475
20221116,10:04:18,42502.00,50,2763475
20221116,10:04:20,42502.55,75,2763475
20221116,10:04:22,42502.80,575,2763475
20221116,10:04:23,42509.70,25,2763475
20221116,10:04:25,42512.40,700,2763475
20221116,10:04:27,42507.45,475,2763475
20221116,10:04:28,42511.75,25,2763475
20221116,10:04:30,42506.10,100,2763475
20221116,10:04:32,42502.55,125,2763475
20221116,10:04:33,42503.65,125,2763475
20221116,10:04:35,42504.55,25,2763475
20221116,10:04:36,42500.00,75,2763475
20221116,10:04:38,42504.40,25,2763475
20221116,10:04:41,42504.10,25,2763475
20221116,10:04:43,42504.10,100,2763475
20221116,10:04:45,42505.75,50,2763475
20221116,10:04:46,42510.00,50,2763475
20221116,10:04:50,42509.65,125,2763475
20221116,10:04:51,42504.60,175,2763475
20221116,10:04:53,42502.20,100,2763475
20221116,10:04:54,42507.00,75,2763475
20221116,10:04:56,42506.85,75,2763475
20221116,10:04:58,42502.95,275,2763475
20221116,10:04:59,42507.30,175,2763475
20221116,10:05:01,42507.85,275,2763475
20221116,10:05:03,42509.65,75,2763475
20221116,10:05:04,42507.45,50,2763475
20221116,10:05:06,42507.35,1000,2763475
20221116,10:05:07,42508.65,875,2763475
20221116,10:05:09,42507.45,450,2763475
20221116,10:05:11,42512.40,25,2763475
20221116,10:05:12,42510.70,600,2763475
20221116,10:05:14,42512.00,325,2763475
20221116,10:05:16,42513.35,100,2763475
20221116,10:05:17,42507.65,500,2763475
20221116,10:05:19,42520.00,4275,2763475
20221116,10:05:21,42518.10,2150,2763475
20221116,10:05:22,42520.80,1150,2763475
20221116,10:05:24,42521.80,950,2763475
20221116,10:05:26,42523.05,350,2763475
20221116,10:05:27,42522.85,200,2763475
20221116,10:05:29,42522.35,100,2763475
20221116,10:05:30,42519.60,250,2763475
20221116,10:05:32,42516.65,150,2763475
20221116,10:05:34,42520.20,50,2763475
20221116,10:05:35,42519.55,50,2763475
20221116,10:05:37,42516.65,375,2763475
20221116,10:05:39,42518.80,225,2775950
20221116,10:05:40,42512.80,25,2775950
20221116,10:05:42,42519.10,300,2775950
20221116,10:05:43,42517.10,125,2775950
20221116,10:05:45,42512.80,100,2775950
20221116,10:05:47,42512.00,100,2775950
20221116,10:05:48,42513.95,400,2775950
20221116,10:05:50,42517.35,150,2775950
20221116,10:05:52,42519.55,175,2775950
20221116,10:05:53,42520.00,725,2775950
20221116,10:05:55,42520.00,50,2775950
20221116,10:05:57,42520.00,1725,2775950
20221116,10:05:58,42520.00,125,2775950
20221116,10:06:00,42524.20,750,2775950
20221116,10:06:02,42529.00,700,2775950
20221116,10:06:03,42522.15,275,2775950
20221116,10:06:05,42535.85,3025,2775950
20221116,10:06:07,42535.90,800,2775950
20221116,10:06:08,42535.90,375,2775950
20221116,10:06:10,42538.80,675,2775950
20221116,10:06:12,42534.15,775,2775950
20221116,10:06:13,42534.15,325,2775950
20221116,10:06:15,42538.00,275,2775950
20221116,10:06:16,42539.60,150,2775950
20221116,10:06:18,42541.50,925,2775950
20221116,10:06:20,42544.95,950,2775950
20221116,10:06:21,42542.75,1075,2775950
20221116,10:06:23,42542.55,1050,2775950
20221116,10:06:25,42540.90,375,2775950
20221116,10:06:26,42534.35,1375,2775950
20221116,10:06:28,42536.70,350,2775950
20221116,10:06:29,42537.30,325,2775950
20221116,10:06:31,42531.00,200,2775950
20221116,10:06:33,42535.10,50,2775950
20221116,10:06:34,42532.35,475,2775950
20221116,10:06:36,42532.70,25,2775950
20221116,10:06:38,42530.45,350,2775950
20221116,10:06:39,42532.25,175,2775950
20221116,10:06:41,42532.25,675,2775950
20221116,10:06:42,42535.00,350,2775950
20221116,10:06:44,42532.25,150,2775950
20221116,10:06:46,42535.50,100,2775950
20221116,10:06:47,42534.50,425,2775950
20221116,10:06:49,42533.90,200,2775950
20221116,10:06:50,42530.00,200,2775950
20221116,10:06:52,42532.55,75,2775950
20221116,10:06:53,42533.30,50,2775950
20221116,10:06:55,42531.85,300,2775950
20221116,10:06:57,42530.40,400,2775950
20221116,10:06:58,42529.50,425,2775950
20221116,10:07:00,42525.10,75,2775950
20221116,10:07:02,42528.95,300,2775950
20221116,10:07:03,42529.95,25,2775950
20221116,10:07:05,42530.00,625,2775950
20221116,10:07:06,42529.70,350,2775950
20221116,10:07:08,42533.45,150,2775950
20221116,10:07:10,42528.25,225,2775950
20221116,10:07:13,42530.00,450,2775950
20221116,10:07:15,42530.00,150,2775950
20221116,10:07:16,42533.00,200,2775950
20221116,10:07:18,42533.00,175,2775950
20221116,10:07:19,42532.80,1400,2775950
20221116,10:07:21,42532.95,300,2775950
20221116,10:07:23,42532.80,1125,2775950
20221116,10:07:24,42530.00,325,2775950
20221116,10:07:26,42531.85,600,2775950
20221116,10:07:28,42531.90,300,2775950
20221116,10:07:29,42532.35,500,2775950
20221116,10:07:31,42527.50,225,2775950
20221116,10:07:34,42525.65,450,2775950
20221116,10:07:36,42532.00,475,2775950
20221116,10:07:37,42529.80,225,2775950
20221116,10:07:41,42533.00,50,2775950
20221116,10:07:42,42533.05,25,2775950
20221116,10:07:44,42535.50,375,2775950
20221116,10:07:46,42536.75,50,2775950
20221116,10:07:47,42535.80,400,2775950
20221116,10:07:49,42536.35,225,2775950
20221116,10:07:50,42535.95,150,2775950
20221116,10:07:52,42533.00,75,2775950
20221116,10:07:54,42534.85,75,2775950
20221116,10:07:55,42535.90,50,2775950
20221116,10:07:57,42533.30,50,2775950
20221116,10:07:58,42535.00,125,2775950
20221116,10:08:00,42540.00,225,2775950
20221116,10:08:02,42539.05,250,2775950
20221116,10:08:03,42539.65,25,2775950
20221116,10:08:05,42539.00,175,2775950
20221116,10:08:06,42543.00,400,2775950
20221116,10:08:08,42548.95,1900,2775950
20221116,10:08:10,42545.25,400,2775950
20221116,10:08:11,42541.50,150,2775950
20221116,10:08:13,42538.70,400,2775950
20221116,10:08:15,42540.00,150,2775950
20221116,10:08:16,42541.70,200,2775950
20221116,10:08:18,42540.15,125,2775950
20221116,10:08:20,42541.20,375,2775950
20221116,10:08:21,42541.70,200,2775950
20221116,10:08:23,42542.00,275,2775950
20221116,10:08:25,42540.00,275,2775950
20221116,10:08:26,42542.00,375,2775950
20221116,10:08:28,42543.20,75,2775950
20221116,10:08:30,42540.00,650,2775950
20221116,10:08:31,42542.00,525,2775950
20221116,10:08:33,42539.75,175,2775950
20221116,10:08:35,42539.85,200,2775950
20221116,10:08:36,42543.45,1325,2775950
20221116,10:08:38,42541.10,50,2775950
20221116,10:08:40,42544.10,400,2775950
20221116,10:08:41,42549.50,1150,2785800
20221116,10:08:43,42550.00,3400,2785800
20221116,10:08:44,42552.05,2350,2785800
20221116,10:08:46,42546.35,500,2785800
20221116,10:08:48,42550.25,500,2785800
20221116,10:08:49,42551.80,375,2785800
20221116,10:08:51,42548.80,1225,2785800
20221116,10:08:53,42550.85,475,2785800
20221116,10:08:54,42545.30,400,2785800
20221116,10:08:56,42552.40,13700,2785800
20221116,10:08:58,42553.85,5300,2785800
20221116,10:08:59,42553.90,4100,2785800
20221116,10:09:01,42555.80,3825,2785800
20221116,10:09:03,42553.95,625,2785800
20221116,10:09:04,42550.00,1000,2785800
20221116,10:09:06,42549.55,475,2785800
20221116,10:09:08,42549.10,100,2785800
20221116,10:09:09,42551.15,175,2785800
20221116,10:09:12,42549.55,450,2785800
20221116,10:09:14,42549.15,175,2785800
20221116,10:09:16,42545.00,100,2785800
20221116,10:09:17,42543.60,150,2785800
20221116,10:09:19,42547.95,2850,2785800
20221116,10:09:20,42544.00,125,2785800
20221116,10:09:22,42546.00,200,2785800
20221116,10:09:24,42541.00,300,2785800
20221116,10:09:25,42541.00,200,2785800
20221116,10:09:27,42545.00,225,2785800
20221116,10:09:29,42544.60,1500,2785800
20221116,10:09:30,42543.50,3575,2785800
20221116,10:09:32,42543.45,1300,2785800
20221116,10:09:34,42537.95,6250,2785800
20221116,10:09:35,42538.75,2400,2785800
20221116,10:09:37,42539.80,150,2785800
20221116,10:09:38,42540.15,100,2785800
20221116,10:09:40,42538.20,125,2785800
20221116,10:09:42,42542.00,375,2785800
20221116,10:09:43,42542.05,50,2785800
20221116,10:09:45,42544.35,75,2785800
20221116,10:09:47,42540.00,50,2785800
20221116,10:09:48,42541.15,50,2785800
20221116,10:09:50,42542.65,100,2785800
20221116,10:09:51,42542.65,125,2785800
20221116,10:09:53,42539.85,400,2785800
20221116,10:09:55,42540.30,350,2785800
20221116,10:09:56,42544.00,300,2785800
20221116,10:09:58,42541.85,525,2785800
20221116,10:09:59,42541.55,200,2785800
20221116,10:10:01,42541.25,225,2785800
20221116,10:10:03,42539.10,350,2785800
20221116,10:10:04,42539.20,125,2785800
20221116,10:10:06,42539.50,425,2785800
20221116,10:10:08,42537.95,275,2785800
20221116,10:10:09,42539.45,1375,2785800
20221116,10:10:11,42540.10,125,2785800
20221116,10:10:13,42537.15,300,2785800
20221116,10:10:14,42535.00,600,2785800
20221116,10:10:16,42533.75,300,2785800
20221116,10:10:18,42530.45,250,2785800
20221116,10:10:19,42530.45,300,2785800
20221116,10:10:21,42525.30,350,2785800
20221116,10:10:23,42526.20,75,2785800
20221116,10:10:24,42528.20,200,2785800
20221116,10:10:26,42528.80,75,2785800
20221116,10:10:27,42529.95,100,2785800
20221116,10:10:29,42530.15,200,2785800
20221116,10:10:31,42530.05,75,2785800
20221116,10:10:32,42532.05,100,2785800
20221116,10:10:34,42532.30,250,2785800
20221116,10:10:36,42536.00,400,2785800
20221116,10:10:37,42537.75,125,2785800
20221116,10:10:39,42535.65,50,2785800
20221116,10:10:41,42535.75,375,2785800
20221116,10:10:42,42535.20,575,2785800
20221116,10:10:44,42537.00,375,2785800
20221116,10:10:46,42538.40,200,2785800
20221116,10:10:49,42537.35,200,2785800
20221116,10:10:51,42537.00,725,2785800
20221116,10:10:52,42536.40,300,2785800
20221116,10:10:54,42535.00,250,2785800
20221116,10:10:56,42535.00,150,2785800
20221116,10:10:57,42537.70,2100,2785800
20221116,10:10:59,42535.10,25,2785800
20221116,10:11:01,42533.15,250,2785800
20221116,10:11:02,42533.95,75,2785800
20221116,10:11:04,42533.50,25,2785800
20221116,10:11:05,42532.15,125,2785800
20221116,10:11:07,42533.50,25,2785800
20221116,10:11:09,42534.90,75,2785800
20221116,10:11:10,42533.80,250,2785800
20221116,10:11:12,42534.40,50,2785800
20221116,10:11:13,42533.65,75,2785800
20221116,10:11:15,42534.10,125,2785800
20221116,10:11:17,42534.75,175,2785800
20221116,10:11:18,42537.00,1250,2785800
20221116,10:11:20,42536.45,750,2785800
20221116,10:11:22,42537.05,725,2785800
20221116,10:11:23,42535.15,650,2785800
20221116,10:11:25,42537.00,725,2785800
20221116,10:11:26,42537.80,475,2785800
20221116,10:11:28,42536.40,500,2785800
20221116,10:11:30,42538.05,900,2785800
20221116,10:11:31,42538.95,675,2785800
20221116,10:11:33,42541.40,1800,2785800
20221116,10:11:35,42543.80,950,2785800
20221116,10:11:36,42545.50,600,2785800
20221116,10:11:38,42545.10,425,2785800
20221116,10:11:39,42545.70,275,2785800
20221116,10:11:41,42544.45,150,2836725
20221116,10:11:42,42546.25,550,2836725
20221116,10:11:44,42546.00,500,2836725
20221116,10:11:45,42544.25,1650,2836725
20221116,10:11:47,42542.80,75,2836725
20221116,10:11:48,42544.15,175,2836725
20221116,10:11:50,42544.95,225,2836725
20221116,10:11:52,42543.00,75,2836725
20221116,10:11:53,42541.35,175,2836725
20221116,10:11:55,42539.75,125,2836725
20221116,10:11:56,42540.30,175,2836725
20221116,10:11:58,42540.70,150,2836725
20221116,10:12:00,42540.55,25,2836725
20221116,10:12:01,42542.55,125,2836725
20221116,10:12:03,42544.00,125,2836725
20221116,10:12:05,42545.00,175,2836725
20221116,10:12:06,42545.00,50,2836725
20221116,10:12:08,42544.50,275,2836725
20221116,10:12:09,42545.00,150,2836725
20221116,10:12:11,42545.30,1425,2836725
20221116,10:12:13,42545.60,150,2836725
20221116,10:12:14,42544.65,75,2836725
20221116,10:12:16,42544.80,125,2836725
20221116,10:12:18,42544.60,150,2836725
20221116,10:12:19,42544.50,75,2836725
20221116,10:12:21,42546.00,100,2836725
20221116,10:12:22,42545.70,75,2836725
20221116,10:12:24,42545.85,25,2836725
20221116,10:12:25,42548.45,500,2836725
20221116,10:12:27,42557.20,2075,2836725
20221116,10:12:29,42562.55,5050,2836725
20221116,10:12:30,42556.75,775,2836725
20221116,10:12:32,42554.20,550,2836725
20221116,10:12:34,42555.90,125,2836725
20221116,10:12:35,42552.00,125,2836725
20221116,10:12:37,42555.00,25,2836725
20221116,10:12:38,42552.45,200,2836725
20221116,10:12:40,42548.10,250,2836725
20221116,10:12:42,42548.00,175,2836725
20221116,10:12:43,42547.25,175,2836725
20221116,10:12:45,42545.05,225,2836725
20221116,10:12:47,42549.30,275,2836725
20221116,10:12:48,42545.00,400,2836725
20221116,10:12:52,42545.95,75,2836725
20221116,10:12:53,42544.00,50,2836725
20221116,10:12:55,42541.00,200,2836725
20221116,10:12:57,42540.30,325,2836725
20221116,10:12:58,42543.80,475,2836725
20221116,10:13:00,42537.95,300,2836725
20221116,10:13:02,42542.95,325,2836725
20221116,10:13:03,42543.00,100,2836725
20221116,10:13:05,42545.70,125,2836725
20221116,10:13:07,42545.00,75,2836725
20221116,10:13:08,42543.60,300,2836725
20221116,10:13:10,42546.45,375,2836725
20221116,10:13:12,42543.70,375,2836725
20221116,10:13:13,42540.00,1850,2836725
20221116,10:13:15,42539.35,25,2836725
20221116,10:13:16,42543.45,75,2836725
20221116,10:13:18,42545.00,25,2836725
20221116,10:13:20,42544.95,125,2836725
20221116,10:13:21,42543.65,50,2836725
20221116,10:13:23,42543.60,75,2836725
20221116,10:13:24,42544.00,375,2836725
20221116,10:13:26,42543.75,175,2836725
20221116,10:13:28,42545.00,250,2836725
20221116,10:13:29,42544.70,25,2836725
20221116,10:13:31,42543.75,75,2836725
20221116,10:13:32,42544.00,50,2836725
20221116,10:13:34,42545.70,300,2836725
20221116,10:13:35,42548.00,100,2836725
20221116,10:13:37,42548.10,25,2836725
20221116,10:13:38,42548.05,25,2836725
20221116,10:13:40,42547.15,200,2836725
20221116,10:13:41,42547.70,50,2836725
20221116,10:13:43,42548.35,175,2836725
20221116,10:13:44,42549.50,225,2836725
20221116,10:13:46,42546.05,2675,2836725
20221116,10:13:47,42550.15,100,2836725
20221116,10:13:49,42550.00,50,2836725
20221116,10:13:51,42550.00,25,2836725
20221116,10:13:52,42550.25,75,2836725
20221116,10:13:54,42551.35,50,2836725
20221116,10:13:55,42550.00,25,2836725
20221116,10:13:57,42551.85,100,2836725
20221116,10:13:58,42549.85,125,2836725
20221116,10:14:00,42549.65,75,2836725
20221116,10:14:03,42552.00,200,2836725
20221116,10:14:05,42557.00,475,2836725
20221116,10:14:06,42558.90,1275,2836725
20221116,10:14:08,42558.35,600,2836725
20221116,10:14:09,42559.90,225,2836725
20221116,10:14:11,42559.75,700,2836725
20221116,10:14:13,42555.80,150,2836725
20221116,10:14:14,42556.50,50,2836725
20221116,10:14:16,42553.35,325,2836725
20221116,10:14:17,42553.05,75,2836725
20221116,10:14:20,42554.00,225,2836725
20221116,10:14:22,42553.00,850,2836725
20221116,10:14:23,42550.40,425,2836725
20221116,10:14:25,42551.50,350,2836725
20221116,10:14:27,42551.70,200,2836725
20221116,10:14:28,42549.15,100,2836725
20221116,10:14:30,42553.75,100,2836725
20221116,10:14:31,42554.70,450,2836725
20221116,10:14:33,42554.25,250,2836725
20221116,10:14:34,42556.40,200,2836725
20221116,10:14:36,42557.70,150,2836725
20221116,10:14:38,42563.85,2200,2836725
20221116,10:14:39,42558.55,600,2836725
20221116,10:14:41,42556.55,250,2846200
20221116,10:14:42,42550.75,325,2846200
20221116,10:14:44,42553.80,150,2846200
20221116,10:14:46,42553.25,75,2846200
20221116,10:14:47,42553.80,75,2846200
20221116,10:14:49,42550.60,275,2846200
20221116,10:14:50,42550.10,925,2846200
20221116,10:14:52,42549.35,525,2846200
20221116,10:14:54,42552.25,150,2846200
20221116,10:14:55,42551.60,275,2846200
20221116,10:14:58,42551.60,175,2846200
20221116,10:15:00,42552.95,825,2846200
20221116,10:15:02,42554.20,475,2846200
20221116,10:15:03,42559.10,500,2846200
20221116,10:15:05,42555.30,275,2846200
20221116,10:15:07,42555.30,250,2846200
20221116,10:15:08,42553.90,500,2846200
20221116,10:15:10,42552.70,125,2846200
20221116,10:15:12,42553.15,25,2846200
20221116,10:15:13,42555.90,300,2846200
20221116,10:15:15,42552.40,325,2846200
20221116,10:15:17,42547.85,325,2846200
20221116,10:15:18,42548.80,125,2846200
20221116,10:15:20,42548.30,75,2846200
20221116,10:15:21,42548.00,350,2846200
20221116,10:15:23,42548.55,475,2846200
20221116,10:15:25,42550.00,175,2846200
20221116,10:15:26,42550.35,200,2846200
20221116,10:15:28,42550.00,200,2846200
20221116,10:15:29,42551.55,50,2846200
20221116,10:15:31,42550.50,225,2846200
20221116,10:15:33,42550.00,75,2846200
20221116,10:15:34,42550.75,125,2846200
20221116,10:15:36,42553.85,250,2846200
20221116,10:15:37,42554.20,100,2846200
20221116,10:15:39,42554.00,625,2846200
20221116,10:15:41,42554.90,225,2846200
20221116,10:15:42,42555.00,275,2846200
20221116,10:15:44,42555.10,350,2846200
20221116,10:15:45,42552.65,125,2846200
20221116,10:15:47,42555.00,850,2846200
20221116,10:15:49,42554.25,100,2846200
20221116,10:15:50,42553.95,75,2846200
20221116,10:15:52,42553.90,450,2846200
20221116,10:15:53,42554.30,275,2846200
20221116,10:15:55,42554.95,175,2846200
20221116,10:15:57,42556.25,450,2846200
20221116,10:15:58,42556.25,25,2846200
20221116,10:16:00,42555.15,25,2846200
20221116,10:16:02,42559.10,1200,2846200
20221116,10:16:03,42554.30,300,2846200
20221116,10:16:05,42556.95,175,2846200
20221116,10:16:06,42559.10,200,2846200
20221116,10:16:08,42556.30,175,2846200
20221116,10:16:10,42559.05,375,2846200
20221116,10:16:11,42558.25,475,2846200
20221116,10:16:13,42558.20,75,2846200
20221116,10:16:14,42558.65,400,2846200
20221116,10:16:16,42553.95,150,2846200
20221116,10:16:18,42554.95,325,2846200
20221116,10:16:19,42553.05,450,2846200
20221116,10:16:21,42553.95,1075,2846200
20221116,10:16:23,42553.95,50,2846200
20221116,10:16:24,42551.90,1300,2846200
20221116,10:16:26,42548.25,350,2846200
20221116,10:16:27,42550.80,75,2846200
20221116,10:16:29,42553.95,675,2846200
20221116,10:16:31,42548.80,125,2846200
20221116,10:16:32,42550.65,150,2846200
20221116,10:16:34,42551.45,950,2846200
20221116,10:16:36,42553.00,325,2846200
20221116,10:16:37,42553.00,125,2846200
20221116,10:16:39,42551.50,150,2846200
20221116,10:16:41,42554.25,75,2846200
20221116,10:16:42,42552.00,25,2846200
20221116,10:16:44,42558.00,475,2846200
20221116,10:16:46,42557.40,675,2846200
20221116,10:16:47,42562.00,900,2846200
20221116,10:16:49,42568.00,4775,2846200
20221116,10:16:51,42569.65,1150,2846200
20221116,10:16:52,42569.65,975,2846200
20221116,10:16:54,42570.00,2275,2846200
20221116,10:16:55,42562.00,1050,2846200
20221116,10:16:57,42563.25,875,2846200
20221116,10:16:59,42563.25,400,2846200
20221116,10:17:00,42567.55,550,2846200
20221116,10:17:02,42568.70,1075,2846200
20221116,10:17:04,42569.00,600,2846200
20221116,10:17:05,42570.00,1350,2846200
20221116,10:17:07,42564.55,450,2846200
20221116,10:17:09,42563.60,300,2846200
20221116,10:17:10,42565.75,2150,2846200
20221116,10:17:12,42569.20,800,2846200
20221116,10:17:14,42567.95,675,2846200
20221116,10:17:15,42566.70,400,2846200
20221116,10:17:17,42564.15,150,2846200
20221116,10:17:19,42565.05,100,2846200
20221116,10:17:20,42561.70,325,2846200
20221116,10:17:22,42561.70,1125,2846200
20221116,10:17:24,42565.95,475,2846200
20221116,10:17:25,42564.40,175,2846200
20221116,10:17:27,42564.10,250,2846200
20221116,10:17:29,42560.75,275,2846200
20221116,10:17:30,42562.35,250,2846200
20221116,10:17:32,42554.40,1150,2846200
20221116,10:17:34,42559.35,400,2846200
20221116,10:17:35,42560.05,500,2846200
20221116,10:17:37,42560.05,75,2846200
20221116,10:17:39,42558.30,150,2846200
20221116,10:17:40,42555.10,175,2846200
20221116,10:17:42,42555.25,225,2865950
20221116,10:17:44,42556.05,250,2865950
20221116,10:17:45,42555.55,100,2865950
20221116,10:17:47,42552.15,200,2865950
20221116,10:17:48,42555.25,375,2865950
20221116,10:17:50,42552.25,75,2865950
20221116,10:17:52,42552.00,50,2865950
20221116,10:17:53,42555.25,675,2865950
20221116,10:17:55,42555.55,75,2865950
20221116,10:17:57,42554.75,225,2865950
20221116,10:17:58,42555.55,100,2865950
20221116,10:18:00,42558.35,1300,2865950
20221116,10:18:01,42557.65,225,2865950
20221116,10:18:03,42554.95,325,2865950
20221116,10:18:05,42553.20,950,2865950
20221116,10:18:06,42555.70,200,2865950
20221116,10:18:08,42556.45,150,2865950
20221116,10:18:10,42556.45,175,2865950
20221116,10:18:11,42557.10,200,2865950
20221116,10:18:13,42557.20,225,2865950
20221116,10:18:15,42556.90,425,2865950
20221116,10:18:16,42555.65,150,2865950
20221116,10:18:18,42554.10,225,2865950
20221116,10:18:19,42554.20,175,2865950
20221116,10:18:21,42560.00,400,2865950
20221116,10:18:23,42560.00,150,2865950
20221116,10:18:24,42563.35,3725,2865950
20221116,10:18:26,42567.00,800,2865950
20221116,10:18:28,42564.20,450,2865950
20221116,10:18:29,42562.70,225,2865950
20221116,10:18:31,42556.35,650,2865950
20221116,10:18:33,42553.05,350,2865950
20221116,10:18:34,42559.00,1025,2865950
20221116,10:18:36,42559.35,175,2865950
20221116,10:18:38,42558.70,825,2865950
20221116,10:18:39,42556.05,600,2865950
20221116,10:18:41,42560.30,100,2865950
20221116,10:18:42,42559.05,75,2865950
20221116,10:18:44,42556.50,25,2865950
20221116,10:18:46,42559.05,550,2865950
20221116,10:18:47,42560.00,75,2865950
20221116,10:18:49,42558.60,200,2865950
20221116,10:18:50,42559.05,150,2865950
20221116,10:18:52,42558.40,250,2865950
20221116,10:18:55,42553.85,25,2865950
20221116,10:18:57,42553.60,75,2865950
20221116,10:18:59,42555.75,175,2865950
20221116,10:19:00,42555.35,675,2865950
20221116,10:19:02,42554.85,150,2865950
20221116,10:19:04,42558.30,600,2865950
20221116,10:19:05,42553.45,275,2865950
20221116,10:19:07,42552.00,375,2865950
20221116,10:19:08,42554.85,50,2865950
20221116,10:19:10,42556.20,150,2865950
20221116,10:19:12,42555.70,300,2865950
20221116,10:19:13,42551.20,25,2865950
20221116,10:19:15,42551.10,150,2865950
20221116,10:19:17,42554.05,25,2865950
20221116,10:19:18,42551.50,75,2865950
20221116,10:19:20,42554.70,325,2865950
20221116,10:19:21,42553.70,25,2865950
20221116,10:19:23,42553.55,50,2865950
20221116,10:19:24,42551.30,175,2865950
20221116,10:19:26,42551.45,50,2865950
20221116,10:19:28,42550.00,75,2865950
20221116,10:19:29,42548.55,275,2865950
20221116,10:19:31,42547.80,350,2865950
20221116,10:19:33,42547.60,75,2865950
20221116,10:19:34,42550.45,1475,2865950
20221116,10:19:36,42545.85,150,2865950
20221116,10:19:38,42545.35,25,2865950
20221116,10:19:39,42545.30,75,2865950
20221116,10:19:41,42549.00,75,2865950
20221116,10:19:43,42547.55,50,2865950
20221116,10:19:44,42548.80,50,2865950
20221116,10:19:46,42542.35,325,2865950
20221116,10:19:48,42548.00,650,2865950
20221116,10:19:49,42542.00,75,2865950
20221116,10:19:51,42542.00,975,2865950
20221116,10:19:53,42544.00,50,2865950
20221116,10:19:54,42542.05,50,2865950
20221116,10:19:56,42542.80,100,2865950
20221116,10:19:58,42546.90,250,2865950
20221116,10:19:59,42542.90,75,2865950
20221116,10:20:01,42543.25,25,2865950
20221116,10:20:03,42543.25,75,2865950
20221116,10:20:04,42540.45,225,2865950
20221116,10:20:06,42539.95,875,2865950
20221116,10:20:08,42538.00,150,2865950
20221116,10:20:09,42538.00,750,2865950
20221116,10:20:11,42532.65,1475,2865950
20221116,10:20:13,42530.00,1075,2865950
20221116,10:20:14,42526.70,550,2865950
20221116,10:20:16,42526.85,950,2865950
20221116,10:20:18,42528.95,350,2865950
20221116,10:20:19,42531.00,475,2865950
20221116,10:20:21,42526.45,375,2865950
20221116,10:20:23,42530.00,175,2865950
20221116,10:20:24,42531.25,225,2865950
20221116,10:20:26,42532.90,175,2865950
20221116,10:20:28,42533.50,325,2865950
20221116,10:20:29,42531.50,100,2865950
20221116,10:20:31,42533.70,325,2865950
20221116,10:20:33,42531.95,300,2865950
20221116,10:20:34,42535.45,50,2865950
20221116,10:20:36,42533.50,75,2865950
20221116,10:20:37,42530.35,975,2865950
20221116,10:20:39,42530.50,200,2865950
20221116,10:20:41,42530.30,150,2865950
20221116,10:20:42,42531.55,275,2868825
20221116,10:20:44,42531.20,175,2868825
20221116,10:20:46,42530.00,625,2868825
20221116,10:20:47,42529.00,1100,2868825
20221116,10:20:49,42529.85,1025,2868825
20221116,10:20:51,42526.90,225,2868825
20221116,10:20:52,42526.95,25,2868825
20221116,10:20:54,42528.85,325,2868825
20221116,10:20:56,42528.65,125,2868825
20221116,10:20:57,42530.00,350,2868825
20221116,10:20:59,42530.10,50,2868825
20221116,10:21:01,42527.20,450,2868825
20221116,10:21:02,42527.20,125,2868825
20221116,10:21:04,42529.40,100,2868825
20221116,10:21:05,42528.65,1050,2868825
20221116,10:21:07,42528.45,175,2868825
20221116,10:21:09,42530.00,500,2868825
20221116,10:21:10,42531.95,450,2868825
20221116,10:21:12,42533.60,275,2868825
20221116,10:21:14,42535.00,175,2868825
20221116,10:21:15,42534.30,100,2868825
20221116,10:21:17,42531.30,150,2868825
20221116,10:21:18,42532.70,150,2868825
20221116,10:21:20,42533.80,25,2868825
20221116,10:21:22,42534.25,850,2868825
20221116,10:21:23,42534.80,50,2868825
20221116,10:21:25,42534.80,300,2868825
20221116,10:21:26,42532.95,275,2868825
20221116,10:21:28,42534.15,50,2868825
20221116,10:21:30,42531.55,275,2868825
20221116,10:21:31,42533.35,675,2868825
20221116,10:21:33,42531.15,200,2868825
20221116,10:21:34,42532.90,75,2868825
20221116,10:21:36,42532.80,200,2868825
20221116,10:21:38,42531.55,225,2868825
20221116,10:21:39,42530.85,175,2868825
20221116,10:21:41,42530.00,175,2868825
20221116,10:21:42,42528.20,100,2868825
20221116,10:21:44,42527.90,25,2868825
20221116,10:21:46,42528.75,125,2868825
20221116,10:21:47,42528.80,125,2868825
20221116,10:21:49,42531.50,925,2868825
20221116,10:21:50,42528.60,25,2868825
20221116,10:21:52,42530.00,50,2868825
20221116,10:21:53,42532.85,350,2868825
20221116,10:21:55,42534.40,1400,2868825
20221116,10:21:57,42537.70,700,2868825
20221116,10:21:58,42535.15,225,2868825
20221116,10:22:00,42537.05,100,2868825
20221116,10:22:01,42532.50,950,2868825
20221116,10:22:03,42532.95,200,2868825
20221116,10:22:04,42532.10,200,2868825
20221116,10:22:06,42533.25,75,2868825
20221116,10:22:08,42535.00,425,2868825
20221116,10:22:09,42535.65,150,2868825
20221116,10:22:11,42536.85,100,2868825
20221116,10:22:12,42536.75,50,2868825
20221116,10:22:14,42536.00,375,2868825
20221116,10:22:16,42536.00,175,2868825
20221116,10:22:17,42537.00,150,2868825
20221116,10:22:19,42533.40,400,2868825
20221116,10:22:20,42535.15,300,2868825
20221116,10:22:22,42533.10,50,2868825
20221116,10:22:23,42532.50,50,2868825
20221116,10:22:25,42532.85,125,2868825
20221116,10:22:26,42531.85,25,2868825
20221116,10:22:28,42533.00,25,2868825
20221116,10:22:30,42531.75,50,2868825
20221116,10:22:31,42535.00,75,2868825
20221116,10:22:33,42534.30,125,2868825
20221116,10:22:34,42533.50,100,2868825
20221116,10:22:36,42531.45,275,2868825
20221116,10:22:38,42532.25,350,2868825
20221116,10:22:39,42534.10,125,2868825
20221116,10:22:42,42532.45,50,2868825
20221116,10:22:44,42533.90,75,2868825
20221116,10:22:46,42533.60,250,2868825
20221116,10:22:47,42532.50,200,2868825
20221116,10:22:49,42532.50,425,2868825
20221116,10:22:51,42534.20,175,2868825
20221116,10:22:52,42534.80,625,2868825
20221116,10:22:54,42539.40,450,2868825
20221116,10:22:56,42540.70,1050,2868825
20221116,10:22:57,42543.30,1000,2868825
20221116,10:22:59,42543.65,575,2868825
20221116,10:23:00,42542.75,300,2868825
20221116,10:23:02,42541.05,650,2868825
20221116,10:23:04,42543.20,150,2868825
20221116,10:23:05,42542.20,275,2868825
20221116,10:23:07,42543.35,550,2868825
20221116,10:23:08,42544.50,1325,2868825
20221116,10:23:10,42549.70,3100,2868825
20221116,10:23:12,42549.20,275,2868825
20221116,10:23:13,42552.25,550,2868825
20221116,10:23:15,42549.85,25,2868825
20221116,10:23:17,42551.55,200,2868825
20221116,10:23:18,42549.00,525,2868825
20221116,10:23:20,42547.30,100,2868825
20221116,10:23:22,42551.55,300,2868825
20221116,10:23:23,42555.00,325,2868825
20221116,10:23:25,42555.00,50,2868825
20221116,10:23:27,42554.15,225,2868825
20221116,10:23:28,42554.00,475,2868825
20221116,10:23:30,42553.95,425,2868825
20221116,10:23:32,42553.30,75,2868825
20221116,10:23:33,42553.30,75,2868825
20221116,10:23:35,42555.00,200,2868825
20221116,10:23:37,42555.90,675,2868825
20221116,10:23:38,42558.00,375,2868825
20221116,10:23:40,42559.00,275,2868825
20221116,10:23:41,42558.80,375,2868825
20221116,10:23:43,42560.40,1150,2864250
20221116,10:23:45,42560.00,125,2864250
20221116,10:23:46,42562.90,175,2864250
20221116,10:23:48,42571.85,3800,2864250
20221116,10:23:50,42576.00,4175,2864250
20221116,10:23:51,42579.95,3675,2864250
20221116,10:23:53,42580.50,2725,2864250
20221116,10:23:55,42580.50,1050,2864250
20221116,10:23:56,42583.25,2525,2864250
20221116,10:23:58,42579.95,300,2864250
20221116,10:24:00,42578.95,400,2864250
20221116,10:24:02,42575.20,1450,2864250
20221116,10:24:03,42573.35,550,2864250
20221116,10:24:05,42578.25,600,2864250
20221116,10:24:07,42576.90,375,2864250
20221116,10:24:08,42577.10,200,2864250
20221116,10:24:10,42578.65,425,2864250
20221116,10:24:11,42579.55,275,2864250
20221116,10:24:13,42586.15,2175,2864250
20221116,10:24:15,42586.15,175,2864250
20221116,10:24:16,42586.50,1800,2864250
20221116,10:24:18,42583.15,300,2864250
20221116,10:24:20,42581.55,1450,2864250
20221116,10:24:21,42582.55,150,2864250
20221116,10:24:23,42583.55,400,2864250
20221116,10:24:25,42584.65,150,2864250
20221116,10:24:26,42587.35,850,2864250
20221116,10:24:28,42587.35,200,2864250
20221116,10:24:30,42585.00,125,2864250
20221116,10:24:31,42587.80,300,2864250
20221116,10:24:33,42583.40,150,2864250
20221116,10:24:34,42585.00,125,2864250
20221116,10:24:36,42585.65,550,2864250
20221116,10:24:38,42587.90,375,2864250
20221116,10:24:39,42587.90,400,2864250
20221116,10:24:41,42584.70,500,2864250
20221116,10:24:43,42585.80,125,2864250
20221116,10:24:44,42583.60,775,2864250
20221116,10:24:46,42580.00,700,2864250
20221116,10:24:48,42575.80,400,2864250
20221116,10:24:49,42577.00,125,2864250
20221116,10:24:51,42579.55,25,2864250
20221116,10:24:53,42579.40,100,2864250
20221116,10:24:54,42580.00,75,2864250
20221116,10:24:56,42579.55,50,2864250
20221116,10:24:58,42579.35,400,2864250
20221116,10:24:59,42578.70,225,2864250
20221116,10:25:01,42579.40,175,2864250
20221116,10:25:03,42582.00,450,2864250
20221116,10:25:04,42579.60,50,2864250
20221116,10:25:06,42576.35,925,2864250
20221116,10:25:08,42576.80,175,2864250
20221116,10:25:09,42577.10,225,2864250
20221116,10:25:11,42575.95,400,2864250
20221116,10:25:13,42574.10,100,2864250
20221116,10:25:16,42576.80,50,2864250
20221116,10:25:18,42575.55,175,2864250
20221116,10:25:19,42575.15,50,2864250
20221116,10:25:21,42566.25,425,2864250
20221116,10:25:23,42565.75,175,2864250
20221116,10:25:24,42562.55,625,2864250
20221116,10:25:26,42568.70,250,2864250
20221116,10:25:28,42565.75,150,2864250
20221116,10:25:29,42563.15,575,2864250
20221116,10:25:31,42563.40,375,2864250
20221116,10:25:33,42562.70,175,2864250
20221116,10:25:34,42561.85,775,2864250
20221116,10:25:36,42561.00,50,2864250
20221116,10:25:37,42560.00,375,2864250
20221116,10:25:39,42559.65,1300,2864250
20221116,10:25:41,42560.00,175,2864250
20221116,10:25:42,42561.50,300,2864250
20221116,10:25:44,42563.35,100,2864250
20221116,10:25:46,42562.65,75,2864250
20221116,10:25:49,42563.40,200,2864250
20221116,10:25:51,42562.00,125,2864250
20221116,10:25:52,42562.45,225,2864250
20221116,10:25:54,42562.65,575,2864250
20221116,10:25:55,42560.35,175,2864250
20221116,10:25:57,42557.70,400,2864250
20221116,10:25:59,42558.10,50,2864250
20221116,10:26:00,42560.55,100,2864250
20221116,10:26:02,42558.75,125,2864250
20221116,10:26:04,42557.75,50,2864250
20221116,10:26:05,42557.10,25,2864250
20221116,10:26:07,42558.10,50,2864250
20221116,10:26:09,42559.90,50,2864250
20221116,10:26:10,42560.50,100,2864250
20221116,10:26:12,42559.90,75,2864250
20221116,10:26:13,42558.00,25,2864250
20221116,10:26:15,42559.05,175,2864250
20221116,10:26:17,42558.55,375,2864250
20221116,10:26:18,42559.55,100,2864250
20221116,10:26:20,42559.15,350,2864250
20221116,10:26:21,42561.95,75,2864250
20221116,10:26:23,42562.60,175,2864250
20221116,10:26:25,42562.25,75,2864250
20221116,10:26:26,42565.40,175,2864250
20221116,10:26:28,42567.00,25,2864250
20221116,10:26:29,42566.05,175,2864250
20221116,10:26:31,42563.15,50,2864250
20221116,10:26:33,42562.55,50,2864250
20221116,10:26:34,42563.60,25,2864250
20221116,10:26:36,42563.60,25,2864250
20221116,10:26:37,42563.60,125,2864250
20221116,10:26:39,42560.25,75,2864250
20221116,10:26:40,42560.00,125,2864250
20221116,10:26:42,42558.40,300,2864250
20221116,10:26:43,42556.60,50,2866700
20221116,10:26:45,42556.60,75,2866700
20221116,10:26:47,42555.00,100,2866700
20221116,10:26:48,42557.95,100,2866700
20221116,10:26:51,42553.15,1500,2866700
20221116,10:26:53,42551.50,1675,2866700
20221116,10:26:55,42550.50,25,2866700
20221116,10:26:56,42554.00,150,2866700
20221116,10:26:58,42554.05,125,2866700
20221116,10:26:59,42554.35,150,2866700
20221116,10:27:01,42553.65,125,2866700
20221116,10:27:03,42552.75,25,2866700
20221116,10:27:04,42553.95,75,2866700
20221116,10:27:06,42551.80,250,2866700
20221116,10:27:08,42552.10,50,2866700
20221116,10:27:09,42553.85,525,2866700
20221116,10:27:11,42552.00,25,2866700
20221116,10:27:12,42552.25,150,2866700
20221116,10:27:14,42554.50,225,2866700
20221116,10:27:15,42552.10,125,2866700
20221116,10:27:19,42552.10,25,2866700
20221116,10:27:20,42552.95,50,2866700
20221116,10:27:22,42551.00,25,2866700
20221116,10:27:23,42552.10,75,2866700
20221116,10:27:26,42551.10,50,2866700
20221116,10:27:28,42552.10,50,2866700
20221116,10:27:30,42554.70,225,2866700
20221116,10:27:31,42556.10,400,2866700
20221116,10:27:33,42556.65,125,2866700
20221116,10:27:34,42555.20,75,2866700
20221116,10:27:36,42555.85,425,2866700
20221116,10:27:39,42555.60,100,2866700
20221116,10:27:41,42556.00,150,2866700
20221116,10:27:45,42554.55,50,2866700
20221116,10:27:47,42554.60,25,2866700
20221116,10:27:49,42555.35,25,2866700
20221116,10:27:50,42552.00,225,2866700
20221116,10:27:52,42552.50,100,2866700
20221116,10:27:53,42553.70,50,2866700
20221116,10:27:55,42555.70,250,2866700
20221116,10:27:57,42557.05,300,2866700
20221116,10:27:58,42554.95,100,2866700
