20221116,09:15:02,42686.90,1,414850
20221116,09:15:02,42686.85,1,414850
20221116,09:15:02,42714.80,300,414850
20221116,09:15:04,42693.35,75,414850
20221116,09:15:05,42688.55,25,414850
20221116,09:15:06,42666.70,100,414850
20221116,09:15:08,42650.00,200,414850
20221116,09:15:09,42651.70,50,414850
20221116,09:15:12,42670.05,25,414850
20221116,09:15:13,42674.00,125,414850
20221116,09:15:15,42676.00,50,414850
20221116,09:15:16,42687.95,75,414850
20221116,09:15:18,42679.95,225,414850
20221116,09:15:19,42692.70,125,414850
20221116,09:15:20,42695.70,125,414850
20221116,09:15:22,42700.05,175,414850
20221116,09:15:23,42702.00,100,414850
20221116,09:15:25,42706.95,200,414850
20221116,09:15:27,42695.15,150,414850
20221116,09:15:30,42684.85,25,414850
20221116,09:15:31,42693.20,25,414850
20221116,09:15:34,42691.50,25,414850
20221116,09:15:36,42700.00,25,414850
20221116,09:15:37,42700.00,175,414850
20221116,09:15:39,42703.65,100,414850
20221116,09:15:40,42710.00,50,414850
20221116,09:15:42,42710.10,75,414850
20221116,09:15:43,42702.90,25,414850
20221116,09:15:45,42711.95,125,414850
20221116,09:15:47,42709.60,200,414850
20221116,09:15:48,42708.00,50,414850
20221116,09:15:50,42703.80,150,414850
20221116,09:15:51,42707.00,25,414850
20221116,09:15:53,42699.90,275,414850
20221116,09:15:55,42692.45,225,414850
20221116,09:15:56,42684.80,100,414850
20221116,09:15:58,42684.95,125,414850
20221116,09:15:59,42685.00,50,414850
20221116,09:16:01,42673.35,325,414850
20221116,09:16:04,42683.70,25,414850
20221116,09:16:05,42689.35,50,414850
20221116,09:16:07,42691.95,50,414850
20221116,09:16:09,42693.00,150,414850
20221116,09:16:10,42695.95,25,414850
20221116,09:16:12,42691.30,100,414850
20221116,09:16:13,42691.75,100,414850
20221116,09:16:18,42689.95,25,414850
20221116,09:16:21,42692.00,50,414850
20221116,09:16:22,42687.65,50,414850
20221116,09:16:24,42679.90,25,414850
20221116,09:16:25,42678.05,50,414850
20221116,09:16:29,42677.00,50,414850
20221116,09:16:30,42676.00,175,414850
20221116,09:16:33,42674.95,75,414850
20221116,09:16:35,42669.65,150,414850
20221116,09:16:36,42663.05,125,414850
20221116,09:16:38,42668.50,50,414850
20221116,09:16:39,42669.15,100,414850
20221116,09:16:41,42665.30,250,414850
20221116,09:16:43,42656.75,50,414850
20221116,09:16:44,42657.95,25,414850
20221116,09:16:46,42654.90,25,414850
20221116,09:16:47,42656.40,50,414850
20221116,09:16:49,42660.00,100,414850
20221116,09:16:51,42660.90,75,414850
20221116,09:16:52,42655.65,25,414850
20221116,09:16:54,42660.20,325,414850
20221116,09:16:59,42655.40,50,414850
20221116,09:17:00,42659.15,25,414850
20221116,09:17:02,42657.00,175,414850
20221116,09:17:03,42640.05,475,414850
20221116,09:17:05,42635.00,50,414850
20221116,09:17:08,42633.80,25,414850
20221116,09:17:10,42632.80,75,414850
20221116,09:17:11,42630.20,50,414850
20221116,09:17:13,42630.05,50,414850
20221116,09:17:15,42630.05,25,414850
20221116,09:17:16,42630.00,75,414850
20221116,09:17:18,42630.00,100,414850
20221116,09:17:19,42643.95,100,414850
20221116,09:17:21,42635.50,75,414850
20221116,09:17:23,42632.85,25,414850
20221116,09:17:24,42636.00,50,414850
20221116,09:17:26,42645.95,25,414850
20221116,09:17:27,42635.85,125,414850
20221116,09:17:31,42637.00,25,414850
20221116,09:17:34,42637.00,75,414850
20221116,09:17:37,42635.85,25,414850
20221116,09:17:39,42635.00,50,417125
20221116,09:17:40,42637.25,75,417125
20221116,09:17:42,42637.00,50,417125
20221116,09:17:43,42637.50,175,417125
20221116,09:17:45,42637.00,50,417125
20221116,09:17:47,42640.00,125,417125
20221116,09:17:50,42649.95,100,417125
20221116,09:17:53,42642.60,200,417125
20221116,09:17:55,42644.95,50,417125
20221116,09:17:58,42645.45,25,417125
20221116,09:17:59,42645.70,25,417125
20221116,09:18:04,42648.25,50,417125
20221116,09:18:06,42645.10,25,417125
20221116,09:18:07,42652.40,100,417125
20221116,09:18:11,42656.75,75,417125
20221116,09:18:12,42665.00,225,417125
20221116,09:18:14,42660.30,50,417125
20221116,09:18:15,42660.00,50,417125
20221116,09:18:19,42657.40,250,417125
20221116,09:18:22,42655.90,25,417125
20221116,09:18:25,42651.60,25,417125
20221116,09:18:28,42652.15,50,417125
20221116,09:18:31,42654.00,50,417125
20221116,09:18:35,42655.10,25,417125
20221116,09:18:36,42657.50,50,417125
20221116,09:18:41,42661.40,25,417125
20221116,09:18:43,42657.85,175,417125
20221116,09:18:46,42660.95,25,417125
20221116,09:18:51,42661.90,25,417125
20221116,09:18:53,42662.10,125,417125
20221116,09:18:54,42664.00,300,417125
20221116,09:18:56,42662.95,50,417125
20221116,09:18:59,42660.00,50,417125
20221116,09:19:01,42664.85,125,417125
20221116,09:19:03,42664.85,25,417125
20221116,09:19:04,42664.90,225,417125
20221116,09:19:14,42664.90,25,417125
20221116,09:19:16,42661.70,25,417125
20221116,09:19:19,42660.15,300,417125
20221116,09:19:27,42660.15,25,417125
20221116,09:19:32,42661.80,25,417125
20221116,09:19:34,42661.80,75,417125
20221116,09:19:37,42661.05,25,417125
20221116,09:19:38,42668.65,150,417125
20221116,09:19:40,42667.00,75,417125
20221116,09:19:42,42665.95,200,417125
20221116,09:19:43,42665.95,25,417125
20221116,09:19:45,42666.10,125,417125
20221116,09:19:46,42658.50,125,417125
20221116,09:19:50,42665.00,25,417125
20221116,09:19:59,42660.40,25,417125
20221116,09:20:02,42660.00,100,417125
20221116,09:20:04,42657.50,100,417125
20221116,09:20:06,42651.10,25,417125
20221116,09:20:07,42661.10,25,417125
20221116,09:20:09,42667.90,100,417125
20221116,09:20:12,42663.50,100,417125
20221116,09:20:19,42663.55,50,417125
20221116,09:20:20,42666.00,75,417125
20221116,09:20:22,42666.35,100,417125
20221116,09:20:23,42666.45,50,417125
20221116,09:20:25,42669.70,50,417125
20221116,09:20:26,42669.70,100,417125
20221116,09:20:28,42669.80,25,417125
20221116,09:20:30,42670.00,50,417125
20221116,09:20:31,42672.75,150,417125
20221116,09:20:33,42682.00,50,417125
20221116,09:20:34,42678.45,375,417125
20221116,09:20:36,42676.90,25,417125
20221116,09:20:47,42671.95,250,419450
20221116,09:20:49,42671.90,25,419450
20221116,09:20:52,42672.45,75,419450
20221116,09:20:54,42670.10,50,419450
20221116,09:20:55,42665.25,125,419450
20221116,09:20:57,42665.25,75,419450
20221116,09:21:04,42661.00,50,419450
20221116,09:21:07,42662.20,50,419450
20221116,09:21:08,42664.00,50,419450
20221116,09:21:12,42660.00,175,419450
20221116,09:21:15,42653.30,100,419450
20221116,09:21:17,42651.90,25,419450
20221116,09:21:20,42650.05,25,419450
20221116,09:21:22,42650.00,75,419450
20221116,09:21:23,42650.00,125,419450
20221116,09:21:25,42649.95,25,419450
20221116,09:21:28,42644.65,25,419450
20221116,09:21:30,42647.95,50,419450
20221116,09:21:33,42650.25,50,419450
20221116,09:21:36,42648.00,50,419450
20221116,09:21:41,42644.65,75,419450
20221116,09:21:44,42645.45,75,419450
20221116,09:21:46,42650.00,75,419450
20221116,09:21:51,42654.95,50,419450
20221116,09:21:56,42647.00,300,419450
20221116,09:22:01,42646.10,25,419450
20221116,09:22:04,42640.05,25,419450
20221116,09:22:06,42640.00,75,419450
20221116,09:22:07,42639.00,25,419450
20221116,09:22:09,42640.60,50,419450
20221116,09:22:11,42640.70,25,419450
20221116,09:22:12,42637.05,50,419450
20221116,09:22:14,42636.95,50,419450
20221116,09:22:17,42634.90,150,419450
20221116,09:22:22,42634.90,75,419450
20221116,09:22:24,42633.35,250,419450
20221116,09:22:26,42635.10,100,419450
20221116,09:22:34,42636.95,100,419450
20221116,09:22:36,42636.00,25,419450
20221116,09:22:37,42636.10,150,419450
20221116,09:22:42,42641.35,50,419450
20221116,09:22:47,42641.90,25,419450
20221116,09:22:49,42634.05,25,419450
20221116,09:22:52,42634.00,100,419450
20221116,09:22:55,42634.90,50,419450
20221116,09:22:57,42636.80,25,419450
20221116,09:23:05,42636.05,25,419450
20221116,09:23:06,42636.05,25,419450
20221116,09:23:08,42636.00,175,419450
20221116,09:23:10,42640.00,75,419450
20221116,09:23:13,42644.75,75,419450
20221116,09:23:15,42644.70,25,419450
20221116,09:23:16,42645.00,50,419450
20221116,09:23:21,42651.75,25,419450
20221116,09:23:29,42654.65,25,419450
20221116,09:23:31,42654.75,100,419450
20221116,09:23:33,42643.05,350,419450
20221116,09:23:34,42653.90,25,419450
20221116,09:23:37,42648.80,200,421025
20221116,09:23:41,42648.70,25,421025
20221116,09:23:42,42648.80,50,421025
20221116,09:23:50,42653.95,75,421025
20221116,09:23:52,42653.90,25,421025
20221116,09:24:05,42650.00,25,421025
20221116,09:24:11,42658.25,25,421025
20221116,09:24:15,42658.30,25,421025
20221116,09:24:18,42658.30,25,421025
20221116,09:24:20,42658.35,25,421025
20221116,09:24:21,42658.45,100,421025
20221116,09:24:32,42661.40,25,421025
20221116,09:24:34,42661.40,50,421025
20221116,09:24:37,42658.45,200,421025
20221116,09:24:42,42658.25,25,421025
20221116,09:24:47,42661.95,25,421025
20221116,09:24:50,42658.30,25,421025
20221116,09:24:54,42663.75,50,421025
20221116,09:24:57,42658.25,50,421025
20221116,09:25:00,42659.80,25,421025
20221116,09:25:09,42650.05,25,421025
20221116,09:25:15,42652.05,25,421025
20221116,09:25:17,42652.00,50,421025
20221116,09:25:20,42653.50,50,421025
20221116,09:25:22,42650.00,75,421025
20221116,09:25:33,42650.00,100,421025
20221116,09:25:44,42641.40,75,421025
20221116,09:25:49,42645.00,25,421025
20221116,09:25:52,42638.55,50,421025
20221116,09:26:01,42641.15,25,421025
20221116,09:26:05,42639.75,25,421025
20221116,09:26:09,42642.85,75,421025
20221116,09:26:13,42649.90,50,421025
20221116,09:26:16,42650.00,100,421025
20221116,09:26:18,42658.20,25,421025
20221116,09:26:21,42654.05,25,421025
20221116,09:26:25,42656.45,125,421025
20221116,09:26:27,42658.90,50,421025
20221116,09:26:30,42664.00,25,421025
20221116,09:26:33,42656.05,25,421025
20221116,09:26:37,42664.00,25,421025
20221116,09:26:38,42662.65,100,421875
20221116,09:26:40,42662.65,25,421875
20221116,09:26:47,42662.65,100,421875
20221116,09:26:48,42664.90,25,421875
20221116,09:26:51,42665.00,50,421875
20221116,09:26:53,42665.90,25,421875
20221116,09:26:54,42659.95,100,421875
20221116,09:26:56,42664.00,200,421875
20221116,09:26:57,42657.15,75,421875
20221116,09:26:59,42654.05,25,421875
20221116,09:27:07,42658.90,25,421875
20221116,09:27:29,42658.05,100,421875
20221116,09:27:33,42662.30,25,421875
20221116,09:27:35,42662.75,75,421875
20221116,09:27:40,42663.15,25,421875
20221116,09:27:52,42657.55,125,421875
20221116,09:27:55,42656.25,25,421875
20221116,09:28:07,42663.35,25,421875
20221116,09:28:17,42661.50,25,421875
20221116,09:28:25,42660.85,50,421875
20221116,09:28:27,42659.30,50,421875
20221116,09:28:35,42653.55,25,421875
20221116,09:28:36,42662.40,50,421875
20221116,09:28:45,42664.10,25,421875
20221116,09:28:56,42665.60,50,421875
20221116,09:28:58,42662.05,25,421875
20221116,09:29:00,42660.60,25,421875
20221116,09:29:05,42658.45,25,421875
20221116,09:29:07,42653.30,25,421875
20221116,09:29:08,42662.95,25,421875
20221116,09:29:18,42656.20,25,421875
20221116,09:29:23,42661.30,100,421875
20221116,09:29:35,42660.00,25,421875
20221116,09:29:38,42656.50,25,421875
20221116,09:29:41,42656.50,25,422550
20221116,09:29:56,42658.35,25,422550
20221116,09:30:04,42663.75,50,422550
20221116,09:30:09,42658.75,100,422550
20221116,09:30:10,42664.90,75,422550
20221116,09:30:14,42664.90,25,422550
20221116,09:30:25,42660.00,25,422550
20221116,09:30:35,42658.80,25,422550
20221116,09:30:37,42656.20,25,422550
20221116,09:30:38,42650.05,50,422550
20221116,09:30:43,42650.10,25,422550
20221116,09:30:53,42650.00,25,422550
20221116,09:31:05,42650.00,25,422550
20221116,09:31:07,42654.95,75,422550
20221116,09:31:12,42647.00,100,422550
20221116,09:31:27,42645.00,25,422550
20221116,09:31:38,42649.95,50,422550
20221116,09:31:45,42641.95,25,422550
20221116,09:31:51,42649.00,25,422550
20221116,09:31:53,42650.00,50,422550
20221116,09:31:54,42649.70,25,422550
20221116,09:31:56,42649.05,50,422550
20221116,09:32:11,42645.00,25,422550
20221116,09:32:14,42640.85,25,422550
20221116,09:32:21,42638.05,25,422550
20221116,09:32:35,42638.05,25,422550
20221116,09:32:47,42641.95,75,422675
20221116,09:32:50,42641.95,50,422675
20221116,09:32:55,42641.40,25,422675
20221116,09:33:01,42640.25,25,422675
20221116,09:33:09,42640.05,25,422675
20221116,09:33:11,42640.05,25,422675
20221116,09:33:21,42642.00,50,422675
20221116,09:33:22,42642.00,50,422675
20221116,09:33:26,42650.95,225,422675
20221116,09:33:29,42649.50,50,422675
20221116,09:33:35,42644.90,25,422675
20221116,09:33:39,42643.25,150,422675
20221116,09:33:40,42649.90,175,422675
20221116,09:33:42,42647.50,25,422675
20221116,09:33:44,42641.00,200,422675
20221116,09:33:56,42642.40,25,422675
20221116,09:33:58,42640.05,125,422675
20221116,09:34:00,42639.00,200,422675
20221116,09:34:17,42632.55,50,422675
20221116,09:34:26,42634.95,25,422675
20221116,09:34:31,42633.00,75,422675
20221116,09:34:33,42633.00,25,422675
20221116,09:34:34,42635.00,25,422675
20221116,09:34:36,42631.00,100,422675
20221116,09:34:41,42631.40,50,422675
20221116,09:34:47,42631.00,25,422675
20221116,09:34:49,42631.00,25,422675
20221116,09:34:52,42630.05,75,422675
20221116,09:35:00,42629.00,150,422675
20221116,09:35:01,42626.30,100,422675
20221116,09:35:06,42626.35,25,422675
20221116,09:35:08,42621.55,75,422675
20221116,09:35:10,42621.55,25,422675
20221116,09:35:16,42621.05,50,422675
20221116,09:35:19,42621.00,25,422675
20221116,09:35:21,42620.00,25,422675
20221116,09:35:24,42619.00,50,422675
20221116,09:35:27,42614.55,50,422675
20221116,09:35:28,42614.55,125,422675
20221116,09:35:30,42616.80,100,422675
20221116,09:35:31,42623.35,25,422675
20221116,09:35:33,42620.10,25,422675
20221116,09:35:36,42620.05,25,422675
20221116,09:35:38,42621.40,25,422675
20221116,09:35:40,42623.00,25,422725
20221116,09:35:41,42625.00,100,422725
20221116,09:35:44,42624.00,75,422725
20221116,09:35:54,42635.00,150,422725
20221116,09:35:56,42635.00,25,422725
20221116,09:35:57,42635.00,75,422725
20221116,09:36:02,42640.80,25,422725
20221116,09:36:06,42640.80,25,422725
20221116,09:36:09,42631.25,100,422725
20221116,09:36:12,42640.75,75,422725
20221116,09:36:17,42634.00,25,422725
20221116,09:36:20,42633.15,25,422725
20221116,09:36:23,42640.80,50,422725
20221116,09:36:27,42640.75,25,422725
20221116,09:36:30,42637.75,50,422725
20221116,09:36:35,42640.80,25,422725
20221116,09:36:58,42641.10,25,422725
20221116,09:37:14,42642.00,25,422725
20221116,09:37:16,42640.00,75,422725
20221116,09:37:33,42639.00,25,422725
20221116,09:37:38,42642.85,25,422725
20221116,09:37:39,42639.00,50,422725
20221116,09:37:51,42645.00,25,422725
20221116,09:38:01,42650.00,50,422725
20221116,09:38:03,42650.00,50,422725
20221116,09:38:08,42657.95,225,422725
20221116,09:38:09,42659.90,50,422725
20221116,09:38:17,42663.45,25,422725
20221116,09:38:22,42656.95,50,422725
20221116,09:38:24,42658.10,50,422725
20221116,09:38:26,42663.65,25,422725
20221116,09:38:27,42664.35,75,422725
20221116,09:38:34,42664.55,25,422725
20221116,09:38:35,42664.55,25,422725
20221116,09:38:38,42667.30,75,422725
20221116,09:38:40,42668.75,225,422800
20221116,09:38:42,42674.70,25,422800
20221116,09:38:43,42682.60,50,422800
20221116,09:38:47,42673.05,100,422800
20221116,09:38:48,42687.00,25,422800
20221116,09:38:53,42687.00,25,422800
20221116,09:38:58,42688.95,25,422800
20221116,09:39:02,42684.95,25,422800
20221116,09:39:03,42683.95,50,422800
20221116,09:39:08,42674.45,100,422800
20221116,09:39:13,42678.35,100,422800
20221116,09:39:15,42675.35,75,422800
20221116,09:39:18,42676.40,50,422800
20221116,09:39:20,42680.60,25,422800
20221116,09:39:22,42677.20,25,422800
20221116,09:39:25,42684.00,25,422800
20221116,09:39:26,42679.40,25,422800
20221116,09:39:30,42676.90,250,422800
20221116,09:39:33,42676.10,25,422800
20221116,09:39:35,42683.95,25,422800
20221116,09:39:44,42681.95,50,422800
20221116,09:39:46,42675.05,25,422800
20221116,09:39:53,42675.05,50,422800
20221116,09:40:00,42679.90,25,422800
20221116,09:40:05,42679.85,100,422800
20221116,09:40:23,42679.85,100,422800
20221116,09:40:24,42682.00,25,422800
20221116,09:40:26,42688.00,25,422800
20221116,09:40:29,42687.65,50,422800
20221116,09:40:33,42725.20,1525,422800
20221116,09:40:34,42715.00,25,422800
20221116,09:40:36,42704.65,75,422800
20221116,09:40:38,42698.15,25,422800
20221116,09:40:41,42703.95,50,422800
20221116,09:40:46,42712.50,50,422800
20221116,09:40:49,42702.00,50,422800
20221116,09:41:03,42702.35,50,422800
20221116,09:41:04,42707.00,50,422800
20221116,09:41:06,42710.00,25,422800
20221116,09:41:08,42712.00,50,422800
20221116,09:41:14,42706.00,25,422800
20221116,09:41:18,42700.20,25,422800
20221116,09:41:19,42700.30,25,422800
20221116,09:41:23,42704.00,25,422800
20221116,09:41:28,42700.70,75,422800
20221116,09:41:29,42705.00,50,422800
20221116,09:41:34,42699.00,275,422800
20221116,09:41:36,42691.45,100,422800
20221116,09:41:37,42699.00,50,422800
20221116,09:41:41,42699.00,25,424175
20221116,09:41:47,42697.00,175,424175
20221116,09:41:49,42698.00,200,424175
20221116,09:41:51,42698.00,125,424175
20221116,09:41:54,42697.95,75,424175
20221116,09:41:59,42695.00,25,424175
20221116,09:42:01,42693.15,50,424175
20221116,09:42:07,42693.20,25,424175
20221116,09:42:11,42693.45,25,424175
20221116,09:42:12,42693.45,50,424175
20221116,09:42:16,42693.15,100,424175
20221116,09:42:21,42681.20,25,424175
20221116,09:42:22,42688.00,75,424175
20221116,09:42:34,42690.95,50,424175
20221116,09:42:40,42679.95,25,424175
20221116,09:42:52,42676.80,75,424175
20221116,09:43:04,42668.55,25,424175
20221116,09:43:05,42665.85,25,424175
20221116,09:43:07,42662.10,75,424175
20221116,09:43:18,42668.25,25,424175
20221116,09:43:23,42662.00,50,424175
20221116,09:43:27,42662.15,75,424175
20221116,09:43:33,42652.95,75,424175
20221116,09:43:40,42651.60,25,424175
20221116,09:43:41,42649.05,50,424175
20221116,09:43:45,42649.05,25,424175
20221116,09:43:46,42660.05,25,424175
20221116,09:43:48,42656.00,25,424175
20221116,09:44:05,42659.00,25,424175
20221116,09:44:10,42652.00,50,424175
20221116,09:44:22,42646.90,25,424175
20221116,09:44:43,42641.10,25,424175
20221116,09:44:50,42648.40,25,424725
20221116,09:44:53,42640.00,50,424725
20221116,09:44:57,42640.00,25,424725
20221116,09:45:00,42640.00,50,424725
20221116,09:45:02,42640.00,25,424725
20221116,09:45:15,42645.00,25,424725
20221116,09:45:18,42638.65,75,424725
20221116,09:45:23,42640.00,75,424725
20221116,09:45:24,42635.05,25,424725
20221116,09:45:29,42638.00,25,424725
20221116,09:45:41,42636.10,25,424725
20221116,09:45:42,42640.00,50,424725
20221116,09:45:47,42643.65,75,424725
20221116,09:45:52,42647.30,125,424725
20221116,09:46:00,42648.00,100,424725
20221116,09:46:07,42648.90,50,424725
20221116,09:46:10,42640.00,50,424725
20221116,09:46:17,42642.00,25,424725
20221116,09:46:18,42641.05,25,424725
20221116,09:46:25,42644.45,25,424725
20221116,09:46:43,42641.45,25,424725
20221116,09:47:15,42636.75,100,424725
20221116,09:47:23,42640.50,25,424725
20221116,09:47:26,42635.05,75,424725
20221116,09:47:31,42635.00,50,424725
20221116,09:47:34,42633.80,25,424725
20221116,09:47:39,42632.10,25,424725
20221116,09:47:50,42631.25,25,424775
20221116,09:48:02,42630.00,25,424775
20221116,09:48:03,42630.00,25,424775
20221116,09:48:15,42628.00,25,424775
20221116,09:48:32,42638.20,100,424775
20221116,09:48:37,42630.00,250,424775
20221116,09:48:41,42637.25,50,424775
20221116,09:48:54,42632.70,25,424775
20221116,09:48:58,42635.00,75,424775
20221116,09:49:00,42633.80,25,424775
20221116,09:49:18,42630.50,25,424775
20221116,09:49:27,42631.20,25,424775
20221116,09:49:39,42631.65,75,424775
20221116,09:50:03,42635.00,25,424775
20221116,09:50:05,42635.00,50,424775
20221116,09:50:06,42638.65,25,424775
20221116,09:50:09,42644.80,25,424775
20221116,09:50:22,42644.80,25,424775
20221116,09:50:24,42645.25,75,424775
20221116,09:50:30,42643.95,25,424775
20221116,09:50:38,42644.20,25,424775
20221116,09:51:06,42643.95,100,424925
20221116,09:51:07,42643.35,75,424925
20221116,09:51:14,42644.75,25,424925
20221116,09:51:20,42647.50,25,424925
20221116,09:51:24,42645.55,600,424925
20221116,09:51:38,42650.00,25,424925
20221116,09:51:45,42644.65,75,424925
20221116,09:51:48,42650.00,25,424925
20221116,09:51:56,42644.65,25,424925
20221116,09:52:00,42648.90,50,424925
20221116,09:52:25,42648.90,25,424925
20221116,09:52:27,42650.00,125,424925
20221116,09:52:31,42650.70,25,424925
20221116,09:52:48,42650.00,50,424925
20221116,09:52:54,42657.25,25,424925
20221116,09:52:56,42650.70,25,424925
20221116,09:53:03,42663.00,250,424925
20221116,09:53:04,42654.30,25,424925
20221116,09:53:08,42665.00,25,424925
20221116,09:53:12,42664.25,50,424925
20221116,09:53:14,42663.10,25,424925
20221116,09:53:16,42669.95,125,424925
20221116,09:53:19,42679.95,700,424925
20221116,09:53:24,42673.75,100,424925
20221116,09:53:39,42667.70,25,424925
20221116,09:53:44,42667.70,150,424925
20221116,09:53:47,42664.95,25,425475
20221116,09:53:49,42662.05,25,425475
20221116,09:54:03,42674.80,75,425475
20221116,09:54:05,42667.30,50,425475
20221116,09:54:20,42680.00,25,425475
20221116,09:54:22,42675.15,125,425475
20221116,09:54:27,42679.95,25,425475
20221116,09:54:35,42684.95,25,425475
20221116,09:54:38,42675.00,100,425475
20221116,09:54:40,42671.95,25,425475
20221116,09:54:45,42675.00,25,425475
20221116,09:54:59,42671.55,50,425475
20221116,09:55:08,42678.35,25,425475
20221116,09:55:13,42695.00,175,425475
20221116,09:55:16,42687.85,325,425475
20221116,09:55:24,42676.65,25,425475
20221116,09:55:26,42686.00,25,425475
20221116,09:55:28,42681.05,25,425475
20221116,09:55:31,42680.10,75,425475
20221116,09:55:33,42684.95,25,425475
20221116,09:55:34,42680.10,25,425475
20221116,09:55:36,42680.00,100,425475
20221116,09:55:44,42676.95,25,425475
20221116,09:55:49,42683.00,25,425475
20221116,09:55:51,42672.90,25,425475
20221116,09:55:54,42677.85,25,425475
20221116,09:56:22,42678.75,50,425475
20221116,09:56:23,42676.25,100,425475
20221116,09:56:26,42684.30,50,425475
20221116,09:56:28,42684.35,50,425475
20221116,09:56:34,42684.35,125,425475
20221116,09:56:37,42684.40,25,425475
20221116,09:56:39,42684.35,50,425475
20221116,09:56:41,42685.40,50,425475
20221116,09:56:44,42684.35,25,426050
20221116,09:56:49,42679.10,50,426050
20221116,09:56:53,42683.95,50,426050
20221116,09:57:07,42682.95,25,426050
20221116,09:57:18,42683.95,25,426050
20221116,09:57:20,42685.40,75,426050
20221116,09:57:22,42684.35,25,426050
20221116,09:57:23,42683.90,150,426050
20221116,09:57:30,42684.35,25,426050
20221116,09:57:34,42687.95,50,426050
20221116,09:57:38,42688.95,50,426050
20221116,09:57:41,42689.90,50,426050
20221116,09:57:46,42679.25,25,426050
20221116,09:57:50,42679.85,100,426050
20221116,09:57:52,42680.10,50,426050
20221116,09:57:54,42688.90,50,426050
20221116,09:57:58,42682.20,25,426050
20221116,09:58:06,42689.90,25,426050
20221116,09:58:17,42687.35,25,426050
20221116,09:58:23,42698.05,500,426050
20221116,09:58:25,42696.70,25,426050
20221116,09:58:38,42700.00,50,426050
20221116,09:58:44,42695.95,25,426050
20221116,09:58:49,42700.00,25,426050
20221116,09:58:51,42700.00,25,426050
20221116,09:58:54,42699.70,25,426050
20221116,09:59:04,42696.30,25,426050
20221116,09:59:10,42700.00,25,426050
20221116,09:59:12,42696.35,325,426050
20221116,09:59:19,42696.40,25,426050
20221116,09:59:30,42696.30,75,426050
20221116,09:59:33,42695.00,25,426050
20221116,09:59:40,42690.05,25,426050
20221116,09:59:58,42690.00,25,426450
20221116,10:00:01,42690.05,25,426450
20221116,10:00:04,42690.10,75,426450
20221116,10:00:06,42690.05,25,426450
20221116,10:00:09,42690.05,25,426450
20221116,10:00:12,42690.00,25,426450
20221116,10:00:19,42690.00,25,426450
20221116,10:00:23,42690.00,50,426450
20221116,10:00:27,42682.05,125,426450
20221116,10:00:31,42680.30,25,426450
20221116,10:00:34,42680.35,100,426450
20221116,10:00:38,42680.85,25,426450
20221116,10:00:41,42686.00,25,426450
20221116,10:00:42,42682.20,100,426450
20221116,10:00:44,42684.75,50,426450
20221116,10:00:46,42686.20,125,426450
20221116,10:00:47,42686.50,75,426450
20221116,10:00:54,42695.00,25,426450
20221116,10:00:55,42693.70,25,426450
20221116,10:00:57,42696.40,100,426450
20221116,10:01:00,42705.00,175,426450
20221116,10:01:05,42710.00,25,426450
20221116,10:01:09,42715.20,125,426450
20221116,10:01:12,42715.95,100,426450
20221116,10:01:27,42714.00,100,426450
20221116,10:01:30,42711.60,25,426450
20221116,10:01:38,42714.00,75,426450
20221116,10:01:40,42711.95,200,426450
20221116,10:01:41,42706.05,25,426450
20221116,10:01:43,42714.60,475,426450
20221116,10:01:45,42709.95,200,426450
20221116,10:01:48,42709.10,250,426450
20221116,10:01:50,42711.05,250,426450
20221116,10:01:51,42704.45,150,426450
20221116,10:01:53,42702.15,150,426450
20221116,10:01:54,42697.95,525,426450
20221116,10:01:58,42693.35,25,426450
20221116,10:02:01,42702.10,100,426450
20221116,10:02:06,42689.10,25,426450
20221116,10:02:09,42690.75,25,426450
20221116,10:02:16,42693.65,50,426450
20221116,10:02:28,42684.65,25,426450
20221116,10:02:31,42688.60,50,426450
20221116,10:02:35,42694.00,25,426450
20221116,10:02:38,42684.20,125,426450
20221116,10:02:41,42692.50,25,426450
20221116,10:02:46,42686.95,100,428525
20221116,10:02:55,42687.05,25,428525
20221116,10:02:57,42687.05,25,428525
20221116,10:02:59,42687.00,50,428525
20221116,10:03:00,42690.00,50,428525
20221116,10:03:02,42690.00,25,428525
20221116,10:03:11,42690.90,250,428525
20221116,10:03:15,42685.80,25,428525
20221116,10:03:23,42688.20,275,428525
20221116,10:03:26,42689.20,25,428525
20221116,10:03:31,42692.50,125,428525
20221116,10:03:36,42699.85,25,428525
20221116,10:03:37,42690.25,100,428525
20221116,10:03:39,42697.95,100,428525
20221116,10:03:42,42699.90,50,428525
20221116,10:03:44,42699.95,50,428525
20221116,10:03:46,42700.00,75,428525
20221116,10:03:47,42699.95,50,428525
20221116,10:03:54,42694.55,25,428525
20221116,10:03:56,42694.55,25,428525
20221116,10:03:59,42692.45,50,428525
20221116,10:04:01,42692.50,25,428525
20221116,10:04:12,42692.50,50,428525
20221116,10:04:23,42700.00,100,428525
20221116,10:04:33,42700.85,75,428525
20221116,10:04:41,42695.45,75,428525
20221116,10:04:46,42700.10,25,428525
20221116,10:04:48,42700.85,25,428525
20221116,10:04:50,42700.85,25,428525
20221116,10:04:51,42698.75,25,428525
20221116,10:04:56,42697.30,25,428525
20221116,10:05:01,42701.25,75,428525
20221116,10:05:03,42701.25,25,428525
20221116,10:05:06,42704.20,75,428525
20221116,10:05:07,42704.20,50,428525
20221116,10:05:11,42705.25,75,428525
20221116,10:05:12,42705.65,50,428525
20221116,10:05:14,42710.95,25,428525
20221116,10:05:17,42710.95,25,428525
20221116,10:05:19,42709.90,375,428525
20221116,10:05:21,42708.30,200,428525
20221116,10:05:22,42707.65,150,428525
20221116,10:05:24,42715.95,25,428525
20221116,10:05:26,42712.75,50,428525
20221116,10:05:30,42713.50,25,428525
20221116,10:05:34,42710.30,50,428525
20221116,10:05:35,42712.10,25,428525
20221116,10:05:45,42710.70,125,430300
20221116,10:05:47,42709.20,200,430300
20221116,10:06:00,42716.00,425,430300
20221116,10:06:02,42718.95,650,430300
20221116,10:06:03,42717.85,50,430300
20221116,10:06:05,42725.00,100,430300
20221116,10:06:07,42727.00,25,430300
20221116,10:06:10,42729.60,25,430300
20221116,10:06:12,42730.00,125,430300
20221116,10:06:15,42730.00,25,430300
20221116,10:06:16,42730.00,75,430300
20221116,10:06:18,42730.00,75,430300
20221116,10:06:20,42738.20,50,430300
20221116,10:06:23,42738.20,25,430300
20221116,10:06:25,42730.10,75,430300
20221116,10:06:28,42722.20,25,430300
20221116,10:06:30,42722.20,50,430300
20221116,10:06:31,42730.00,25,430300
20221116,10:06:36,42728.85,25,430300
20221116,10:06:38,42730.60,50,430300
20221116,10:06:55,42726.00,25,430300
20221116,10:06:57,42726.90,50,430300
20221116,10:06:58,42718.05,25,430300
20221116,10:07:00,42718.30,25,430300
20221116,10:07:03,42718.95,50,430300
20221116,10:07:10,42723.95,125,430300
20221116,10:07:16,42723.00,150,430300
20221116,10:07:23,42726.00,50,430300
20221116,10:07:24,42723.00,75,430300
20221116,10:07:26,42723.00,50,430300
20221116,10:07:28,42723.00,150,430300
20221116,10:07:29,42723.95,100,430300
20221116,10:07:36,42720.15,25,430300
20221116,10:07:46,42726.15,175,430300
20221116,10:07:59,42724.40,25,430300
20221116,10:08:00,42728.75,50,430300
20221116,10:08:05,42730.60,25,430300
20221116,10:08:07,42730.60,25,430300
20221116,10:08:08,42738.00,150,430300
20221116,10:08:10,42742.60,125,430300
20221116,10:08:11,42743.65,525,430300
20221116,10:08:13,42735.80,125,430300
20221116,10:08:15,42736.30,275,430300
20221116,10:08:16,42739.45,175,430300
20221116,10:08:31,42736.25,100,430300
20221116,10:08:35,42731.05,25,430300
20221116,10:08:36,42735.00,900,430300
20221116,10:08:40,42736.30,50,430300
20221116,10:08:41,42744.00,300,430300
20221116,10:08:43,42749.55,325,430300
20221116,10:08:45,42749.55,575,430300
20221116,10:08:46,42740.30,25,430300
20221116,10:08:53,42743.00,100,432925
20221116,10:08:58,42744.40,125,432925
20221116,10:09:01,42749.00,25,432925
20221116,10:09:03,42749.20,125,432925
20221116,10:09:04,42749.20,125,432925
20221116,10:09:06,42738.15,25,432925
20221116,10:09:11,42748.15,25,432925
20221116,10:09:12,42740.15,25,432925
20221116,10:09:17,42738.15,25,432925
20221116,10:09:22,42743.00,25,432925
20221116,10:09:27,42736.30,25,432925
20221116,10:09:35,42739.00,25,432925
20221116,10:09:39,42740.00,25,432925
20221116,10:09:40,42741.65,125,432925
20221116,10:09:48,42737.90,250,432925
20221116,10:09:52,42736.55,125,432925
20221116,10:09:55,42743.55,375,432925
20221116,10:10:09,42736.00,25,432925
20221116,10:10:11,42736.00,25,432925
20221116,10:10:13,42736.00,75,432925
20221116,10:10:14,42731.10,250,432925
20221116,10:10:16,42730.60,50,432925
20221116,10:10:18,42733.00,50,432925
20221116,10:10:19,42730.00,75,432925
20221116,10:10:21,42727.00,525,432925
20221116,10:10:29,42724.60,25,432925
20221116,10:10:31,42730.00,400,432925
20221116,10:10:34,42724.35,550,432925
20221116,10:10:37,42730.00,50,432925
20221116,10:10:41,42730.00,50,432925
20221116,10:10:46,42730.00,25,432925
20221116,10:10:47,42730.00,25,432925
20221116,10:11:02,42725.20,100,432925
20221116,10:11:04,42726.40,75,432925
20221116,10:11:07,42730.00,25,432925
20221116,10:11:09,42732.10,150,432925
20221116,10:11:12,42734.15,100,432925
20221116,10:11:25,42732.70,25,432925
20221116,10:11:28,42732.95,50,432925
20221116,10:11:35,42739.60,25,432925
20221116,10:11:38,42738.30,25,432925
20221116,10:11:49,42740.00,25,434200
20221116,10:11:52,42737.45,125,434200
20221116,10:11:53,42737.45,25,434200
20221116,10:11:55,42731.85,50,434200
20221116,10:11:58,42732.40,25,434200
20221116,10:12:03,42738.65,125,434200
20221116,10:12:06,42737.95,25,434200
20221116,10:12:21,42736.50,75,434200
20221116,10:12:22,42736.05,25,434200
20221116,10:12:25,42740.00,100,434200
20221116,10:12:27,42750.00,275,434200
20221116,10:12:29,42752.00,75,434200
20221116,10:12:32,42752.00,25,434200
20221116,10:12:40,42740.00,125,434200
20221116,10:12:42,42737.45,50,434200
20221116,10:12:43,42745.20,50,434200
20221116,10:12:49,42742.30,50,434200
20221116,10:12:50,42746.70,175,434200
20221116,10:12:52,42744.90,250,434200
20221116,10:12:53,42744.60,250,434200
20221116,10:12:55,42742.95,250,434200
20221116,10:12:57,42737.45,150,434200
20221116,10:13:07,42739.30,25,434200
20221116,10:13:08,42738.45,25,434200
20221116,10:13:12,42746.35,150,434200
20221116,10:13:18,42743.85,25,434200
20221116,10:13:29,42740.00,25,434200
20221116,10:13:34,42737.50,25,434200
20221116,10:13:44,42740.00,75,434200
20221116,10:13:52,42743.85,25,434200
20221116,10:14:05,42750.00,150,434200
20221116,10:14:06,42750.00,175,434200
20221116,10:14:08,42753.65,75,434200
20221116,10:14:09,42758.95,150,434200
20221116,10:14:13,42755.40,175,434200
20221116,10:14:16,42747.00,100,434200
20221116,10:14:25,42753.35,25,434200
20221116,10:14:38,42752.60,225,434200
20221116,10:14:41,42759.75,125,434200
20221116,10:14:47,42752.10,25,435675
20221116,10:14:49,42752.00,25,435675
20221116,10:14:51,42746.80,75,435675
20221116,10:14:54,42752.70,300,435675
20221116,10:14:55,42748.15,25,435675
20221116,10:15:02,42749.10,50,435675
20221116,10:15:03,42750.05,50,435675
20221116,10:15:10,42753.00,100,435675
20221116,10:15:12,42747.50,25,435675
20221116,10:15:15,42747.75,25,435675
20221116,10:15:18,42745.00,75,435675
20221116,10:15:23,42749.50,25,435675
20221116,10:15:25,42751.00,25,435675
20221116,10:15:26,42752.15,75,435675
20221116,10:15:28,42752.20,25,435675
20221116,10:15:31,42743.00,75,435675
20221116,10:15:34,42747.80,25,435675
20221116,10:15:36,42753.00,25,435675
20221116,10:15:39,42754.15,25,435675
20221116,10:15:41,42753.35,250,435675
20221116,10:15:42,42752.70,125,435675
20221116,10:15:44,42754.40,150,435675
20221116,10:15:45,42755.00,25,435675
20221116,10:15:47,42748.85,275,435675
20221116,10:15:49,42754.60,425,435675
20221116,10:15:55,42749.55,25,435675
20221116,10:15:57,42753.80,125,435675
20221116,10:16:13,42752.05,25,435675
20221116,10:16:16,42753.80,25,435675
20221116,10:16:18,42752.00,50,435675
20221116,10:16:21,42753.80,25,435675
20221116,10:16:27,42750.00,100,435675
20221116,10:16:31,42752.50,50,435675
20221116,10:16:32,42750.00,25,435675
20221116,10:16:36,42746.45,200,435675
20221116,10:16:41,42746.30,350,435675
20221116,10:16:42,42753.00,25,435675
20221116,10:16:44,42754.60,25,435675
20221116,10:16:46,42755.00,50,435675
20221116,10:16:49,42761.00,125,435675
20221116,10:16:51,42762.95,150,435675
20221116,10:16:54,42762.95,25,435675
20221116,10:16:55,42766.00,125,435675
20221116,10:16:57,42755.35,25,435675
20221116,10:16:59,42763.00,25,435675
20221116,10:17:00,42760.20,100,435675
20221116,10:17:02,42767.95,25,435675
20221116,10:17:04,42770.85,275,435675
20221116,10:17:05,42770.85,50,435675
20221116,10:17:09,42764.75,50,435675
20221116,10:17:10,42765.80,25,435675
20221116,10:17:15,42765.80,100,435675
20221116,10:17:17,42766.25,25,435675
20221116,10:17:19,42766.55,25,435675
20221116,10:17:20,42767.10,25,435675
20221116,10:17:22,42768.60,100,435675
20221116,10:17:27,42763.70,25,435675
20221116,10:17:29,42764.05,25,435675
20221116,10:17:32,42757.70,50,435675
20221116,10:17:39,42757.20,25,435675
20221116,10:17:40,42757.70,50,435675
20221116,10:17:42,42756.90,150,435675
20221116,10:17:45,42757.20,50,435675
20221116,10:17:47,42755.00,125,435675
20221116,10:18:00,42755.00,50,437850
20221116,10:18:03,42752.50,75,437850
20221116,10:18:05,42758.00,25,437850
20221116,10:18:18,42755.00,50,437850
20221116,10:18:21,42755.75,50,437850
20221116,10:18:24,42756.55,50,437850
20221116,10:18:26,42767.80,75,437850
20221116,10:18:29,42761.90,100,437850
20221116,10:18:36,42755.60,125,437850
20221116,10:18:41,42762.65,200,437850
20221116,10:19:10,42751.45,50,437850
20221116,10:19:12,42751.20,325,437850
20221116,10:19:13,42751.10,175,437850
20221116,10:19:15,42750.00,100,437850
20221116,10:19:17,42750.45,25,437850
20221116,10:19:18,42754.90,175,437850
20221116,10:19:20,42750.35,100,437850
20221116,10:19:21,42750.45,75,437850
20221116,10:19:23,42750.00,25,437850
20221116,10:19:24,42746.95,25,437850
20221116,10:19:26,42745.40,25,437850
20221116,10:19:28,42745.10,25,437850
20221116,10:19:29,42745.10,25,437850
20221116,10:19:31,42745.00,25,437850
20221116,10:19:33,42742.90,100,437850
20221116,10:19:35,42742.20,75,437850
20221116,10:19:36,42742.85,25,437850
20221116,10:19:41,42745.00,125,437850
20221116,10:19:54,42745.00,25,437850
20221116,10:20:04,42737.50,25,437850
20221116,10:20:06,42744.10,125,437850
20221116,10:20:09,42737.45,50,437850
20221116,10:20:16,42730.10,25,437850
20221116,10:20:19,42735.10,25,437850
20221116,10:20:21,42730.05,25,437850
20221116,10:20:23,42730.00,25,437850
20221116,10:20:28,42726.40,25,437850
20221116,10:20:31,42728.00,75,437850
20221116,10:20:33,42730.00,25,437850
20221116,10:20:36,42734.45,100,437850
20221116,10:20:46,42731.30,250,437850
20221116,10:20:47,42730.00,25,437850
20221116,10:20:52,42730.00,75,439350
20221116,10:20:57,42726.40,25,439350
20221116,10:21:01,42725.00,300,439350
20221116,10:21:04,42725.00,25,439350
20221116,10:21:10,42730.00,25,439350
20221116,10:21:12,42728.50,125,439350
20221116,10:21:14,42728.15,25,439350
20221116,10:21:15,42728.75,25,439350
20221116,10:21:30,42727.00,100,439350
20221116,10:21:33,42725.00,75,439350
20221116,10:21:35,42725.00,100,439350
20221116,10:21:36,42725.00,50,439350
20221116,10:21:39,42723.40,25,439350
20221116,10:21:46,42721.00,25,439350
20221116,10:21:52,42725.00,25,439350
20221116,10:21:54,42725.05,150,439350
20221116,10:22:00,42731.30,25,439350
20221116,10:22:01,42724.45,100,439350
20221116,10:22:03,42731.30,25,439350
20221116,10:22:06,42725.45,125,439350
20221116,10:22:17,42727.60,25,439350
20221116,10:22:28,42725.45,25,439350
20221116,10:22:30,42729.50,50,439350
20221116,10:22:41,42725.75,50,439350
20221116,10:22:47,42723.80,125,439350
20221116,10:22:54,42728.35,50,439350
20221116,10:22:56,42731.30,225,439350
20221116,10:23:00,42733.15,25,439350
20221116,10:23:23,42745.00,50,439350
20221116,10:23:25,42743.60,100,439350
20221116,10:23:32,42741.10,500,439350
20221116,10:23:37,42746.70,125,439350
20221116,10:23:42,42750.00,75,439350
20221116,10:23:46,42753.00,25,439350
20221116,10:23:48,42760.00,150,439350
20221116,10:23:50,42764.40,75,440200
20221116,10:23:51,42770.00,175,440200
20221116,10:23:53,42771.05,25,440200
20221116,10:23:56,42773.65,25,440200
20221116,10:24:05,42773.65,25,440200
20221116,10:24:10,42773.65,25,440200
20221116,10:24:13,42775.45,125,440200
20221116,10:24:15,42775.45,25,440200
20221116,10:24:16,42777.00,50,440200
20221116,10:24:18,42780.00,100,440200
20221116,10:24:23,42780.00,25,440200
20221116,10:24:25,42773.70,25,440200
20221116,10:24:26,42778.00,75,440200
20221116,10:24:28,42777.00,25,440200
20221116,10:24:30,42777.65,25,440200
20221116,10:24:33,42773.30,25,440200
20221116,10:24:34,42774.30,25,440200
20221116,10:24:39,42778.65,25,440200
20221116,10:24:43,42780.00,175,440200
20221116,10:24:46,42773.50,175,440200
20221116,10:24:48,42772.05,150,440200
20221116,10:24:49,42770.20,50,440200
20221116,10:24:58,42770.00,75,440200
20221116,10:24:59,42766.10,50,440200
20221116,10:25:03,42770.20,25,440200
20221116,10:25:11,42767.90,50,440200
20221116,10:25:18,42765.05,25,440200
20221116,10:25:28,42765.05,25,440200
20221116,10:25:34,42754.40,75,440200
20221116,10:25:39,42754.40,25,440200
20221116,10:25:42,42753.30,100,440200
20221116,10:25:44,42753.30,25,440200
20221116,10:25:51,42759.80,75,440200
20221116,10:25:52,42753.30,50,440200
20221116,10:26:15,42753.30,50,440200
20221116,10:26:17,42748.20,350,440200
20221116,10:26:20,42750.00,175,440200
20221116,10:26:21,42750.90,25,440200
20221116,10:26:23,42753.50,50,440200
20221116,10:26:25,42751.00,100,440200
20221116,10:26:26,42754.65,25,440200
20221116,10:26:30,42760.00,25,440200
20221116,10:26:36,42762.10,25,440200
20221116,10:26:50,42753.75,100,440500
20221116,10:26:51,42752.70,625,440500
20221116,10:26:55,42746.70,25,440500
20221116,10:27:01,42751.10,25,440500
20221116,10:27:06,42751.10,25,440500
20221116,10:27:09,42751.10,275,440500
20221116,10:27:17,42751.10,75,440500
20221116,10:27:19,42751.10,50,440500
20221116,10:27:28,42750.00,50,440500
20221116,10:27:36,42748.95,25,440500
20221116,10:27:39,42750.00,25,440500
20221116,10:27:57,42750.00,25,440500
20221116,10:28:00,42750.00,25,440500
20221116,10:28:03,42752.00,275,440500
20221116,10:28:05,42750.20,50,440500
20221116,10:28:08,42752.00,50,440500
20221116,10:28:13,42752.05,250,440500
20221116,10:28:20,42751.15,75,440500
20221116,10:28:21,42750.00,50,440500
20221116,10:28:31,42750.00,25,440500
20221116,10:28:34,42758.20,300,440500
20221116,10:28:36,42752.50,400,440500
20221116,10:28:41,42759.95,100,440500
20221116,10:28:46,42751.00,250,440500
20221116,10:28:54,42751.00,25,440500
20221116,10:29:09,42751.00,150,440500
20221116,10:29:28,42751.00,25,440500
20221116,10:30:18,42745.10,25,441125
20221116,10:30:25,42745.10,25,441125
20221116,10:30:28,42745.00,25,441125
20221116,10:30:48,42745.00,25,441125
20221116,10:30:50,42748.00,25,441125
20221116,10:30:51,42748.00,25,441125
20221116,10:30:53,42750.00,25,441125
20221116,10:30:58,42752.15,200,441125
20221116,10:31:04,42756.15,75,441125
20221116,10:31:06,42756.15,25,441125
20221116,10:31:09,42759.95,25,441125
20221116,10:31:16,42760.00,50,441125
20221116,10:31:19,42760.00,50,441125
20221116,10:31:48,42764.60,50,441125
20221116,10:31:49,42750.15,250,441125
20221116,10:31:54,42759.50,25,441125
20221116,10:32:13,42750.00,75,441125
20221116,10:32:14,42745.15,50,441125
20221116,10:32:21,42748.30,25,441125
20221116,10:32:35,42745.10,25,441125
20221116,10:32:43,42737.35,25,441125
20221116,10:32:58,42732.30,25,441600
20221116,10:33:01,42731.30,25,441600
20221116,10:33:06,42736.25,25,441600
20221116,10:33:22,42730.75,25,441600
20221116,10:33:36,42735.85,25,441600
20221116,10:33:39,42736.25,25,441600
20221116,10:33:57,42740.70,75,441600
20221116,10:34:04,42745.00,25,441600
20221116,10:34:15,42745.00,25,441600
20221116,10:34:29,42748.00,25,441600
20221116,10:35:01,42751.85,25,441600
20221116,10:35:27,42740.45,50,441600
20221116,10:35:32,42740.00,25,441600
20221116,10:35:37,42740.00,50,441600
20221116,10:35:38,42744.05,50,441600
20221116,10:35:40,42747.00,75,441600
20221116,10:35:42,42750.50,75,441600
20221116,10:35:45,42750.80,25,441600
20221116,10:35:47,42750.75,25,441600
20221116,10:35:48,42747.85,25,441600
20221116,10:35:52,42743.70,25,441350
20221116,10:35:53,42742.45,25,441350
20221116,10:36:06,42740.15,25,441350
20221116,10:36:11,42748.10,25,441350
20221116,10:36:22,42751.55,25,441350
20221116,10:36:25,42751.80,50,441350
20221116,10:36:27,42751.75,75,441350
20221116,10:36:30,42751.65,25,441350
20221116,10:36:35,42751.80,25,441350
20221116,10:36:37,42756.60,75,441350
20221116,10:36:48,42759.25,25,441350
20221116,10:36:57,42751.95,25,441350
20221116,10:37:08,42753.15,25,441350
20221116,10:37:20,42759.80,25,441350
20221116,10:37:21,42758.05,50,441350
20221116,10:37:23,42760.00,50,441350
20221116,10:37:29,42764.60,25,441350
20221116,10:37:36,42761.60,25,441350
20221116,10:37:37,42762.15,25,441350
20221116,10:37:41,42768.65,50,441350
20221116,10:37:42,42770.00,25,441350
20221116,10:37:44,42768.60,25,441350
20221116,10:37:47,42765.80,25,441350
20221116,10:37:49,42762.00,350,441350
20221116,10:37:50,42760.65,25,441350
20221116,10:37:55,42762.05,25,441350
20221116,10:38:24,42760.05,25,441350
20221116,10:38:39,42762.05,25,441350
20221116,10:38:45,42762.05,25,441350
20221116,10:38:50,42762.00,25,441350
20221116,10:38:55,42765.00,50,441350
20221116,10:38:59,42765.00,50,441850
20221116,10:39:01,42768.85,25,441850
20221116,10:39:07,42768.85,25,441850
20221116,10:39:10,42770.00,25,441850
20221116,10:39:12,42768.00,50,441850
20221116,10:39:13,42768.00,100,441850
20221116,10:39:20,42768.05,25,441850
20221116,10:39:22,42768.00,25,441850
20221116,10:39:23,42765.00,25,441850
20221116,10:39:40,42765.00,25,441850
20221116,10:39:41,42767.90,100,441850
20221116,10:39:52,42765.00,25,441850
20221116,10:39:55,42768.15,50,441850
20221116,10:40:00,42770.00,25,441850
20221116,10:40:02,42772.65,50,441850
20221116,10:40:08,42775.00,125,441850
20221116,10:40:10,42777.40,200,441850
20221116,10:40:11,42780.05,150,441850
20221116,10:40:18,42785.00,125,441850
20221116,10:40:21,42787.20,25,441850
20221116,10:40:23,42787.20,25,441850
20221116,10:40:24,42785.85,75,441850
20221116,10:40:31,42782.45,25,441850
20221116,10:40:32,42783.65,50,441850
20221116,10:40:40,42783.65,25,441850
20221116,10:40:42,42780.25,100,441850
20221116,10:40:44,42780.25,25,441850
20221116,10:40:53,42777.10,25,441850
20221116,10:41:08,42777.10,25,441850
20221116,10:41:09,42773.35,50,441850
20221116,10:41:13,42780.00,25,441850
20221116,10:41:14,42779.95,25,441850
20221116,10:41:23,42777.00,300,441850
20221116,10:41:26,42775.05,50,441850
20221116,10:41:34,42780.00,25,441850
20221116,10:41:41,42780.00,50,441850
20221116,10:41:44,42777.00,25,441850
20221116,10:41:47,42776.10,25,441850
20221116,10:41:49,42784.15,275,441850
20221116,10:41:56,42781.85,100,442675
20221116,10:41:57,42782.50,25,442675
20221116,10:41:59,42782.05,175,442675
20221116,10:42:08,42779.95,25,442675
20221116,10:42:17,42776.20,25,442675
20221116,10:42:20,42779.90,100,442675
20221116,10:42:23,42783.65,75,442675
20221116,10:42:25,42779.95,25,442675
20221116,10:42:28,42780.50,75,442675
20221116,10:42:33,42776.50,25,442675
20221116,10:42:39,42776.45,50,442675
20221116,10:42:44,42779.20,25,442675
20221116,10:42:55,42779.65,75,442675
20221116,10:43:05,42779.95,25,442675
20221116,10:43:12,42776.05,25,442675
20221116,10:43:13,42776.00,75,442675
20221116,10:43:15,42774.70,150,442675
20221116,10:43:18,42772.70,25,442675
20221116,10:43:21,42773.65,50,442675
20221116,10:43:23,42772.65,100,442675
20221116,10:43:26,42772.05,25,442675
20221116,10:43:28,42762.15,25,442675
20221116,10:43:41,42770.10,25,442675
20221116,10:43:47,42770.00,75,442675
20221116,10:43:58,42763.15,25,442675
20221116,10:44:01,42763.15,25,442675
20221116,10:44:03,42765.10,25,442675
20221116,10:44:05,42767.90,25,442675
20221116,10:44:06,42768.90,75,442675
20221116,10:44:13,42765.10,25,442675
20221116,10:44:14,42765.05,25,442675
20221116,10:44:16,42765.00,25,442675
20221116,10:44:19,42758.30,125,442675
20221116,10:44:26,42761.15,50,442675
20221116,10:44:29,42756.95,25,442675
20221116,10:44:32,42764.85,75,442675
20221116,10:44:34,42761.45,50,442675
20221116,10:44:36,42759.90,25,442675
20221116,10:44:37,42759.90,25,442675
20221116,10:44:39,42759.90,25,442675
20221116,10:44:42,42760.30,25,442675
20221116,10:44:44,42763.45,50,442675
20221116,10:44:57,42766.10,25,443500
20221116,10:45:11,42758.45,325,443500
20221116,10:45:13,42765.45,125,443500
20221116,10:45:18,42769.60,25,443500
20221116,10:45:26,42767.95,25,443500
20221116,10:45:29,42770.00,25,443500
20221116,10:45:31,42774.00,25,443500
20221116,10:45:32,42773.30,250,443500
20221116,10:45:41,42773.25,25,443500
20221116,10:45:53,42770.80,100,443500
20221116,10:46:14,42768.10,150,443500
20221116,10:46:19,42771.15,250,443500
20221116,10:46:21,42768.00,200,443500
20221116,10:46:22,42769.50,25,443500
20221116,10:46:26,42770.20,125,443500
20221116,10:46:49,42767.50,75,443500
20221116,10:47:42,42766.05,25,443500
20221116,10:47:57,42766.15,100,444650
20221116,10:47:59,42768.05,25,444650
20221116,10:48:00,42768.00,50,444650
20221116,10:48:07,42768.10,25,444650
20221116,10:48:13,42768.05,25,444650
20221116,10:48:20,42766.00,25,444650
20221116,10:48:28,42765.00,50,444650
20221116,10:48:35,42765.00,100,444650
20221116,10:48:53,42765.00,25,444650
20221116,10:49:14,42762.25,25,444650
20221116,10:49:22,42760.35,25,444650
20221116,10:49:40,42756.00,225,444650
20221116,10:49:48,42751.65,25,444650
20221116,10:49:53,42753.60,25,444650
20221116,10:49:58,42761.00,25,444650
20221116,10:50:03,42759.10,25,444650
20221116,10:50:04,42759.15,25,444650
20221116,10:50:11,42754.45,50,444650
20221116,10:50:26,42758.10,25,444650
20221116,10:50:28,42757.60,25,444650
20221116,10:50:31,42757.55,75,444650
20221116,10:50:38,42764.00,25,444650
20221116,10:50:39,42767.95,225,444650
20221116,10:50:47,42771.00,25,444650
20221116,10:50:49,42771.00,125,444650
20221116,10:50:51,42771.00,25,444650
20221116,10:50:56,42772.00,225,444850
20221116,10:51:02,42775.00,25,444850
20221116,10:51:05,42777.40,25,444850
20221116,10:51:17,42780.00,75,444850
20221116,10:51:19,42780.00,100,444850
20221116,10:51:22,42780.00,25,444850
20221116,10:51:24,42780.00,25,444850
20221116,10:51:25,42782.05,125,444850
20221116,10:51:29,42788.15,100,444850
20221116,10:51:32,42787.10,75,444850
20221116,10:51:35,42784.15,50,444850
20221116,10:51:37,42788.65,25,444850
20221116,10:51:40,42788.80,25,444850
20221116,10:51:42,42788.85,50,444850
20221116,10:51:50,42788.40,50,444850
20221116,10:51:51,42789.00,25,444850
20221116,10:51:55,42789.00,75,444850
20221116,10:51:56,42784.90,175,444850
20221116,10:51:58,42784.85,100,444850
20221116,10:52:03,42783.95,25,444850
20221116,10:52:06,42784.65,150,444850
20221116,10:52:08,42782.10,300,444850
20221116,10:52:13,42784.25,50,444850
20221116,10:52:21,42780.00,50,444850
20221116,10:52:24,42784.15,25,444850
20221116,10:52:31,42775.35,225,444850
20221116,10:52:36,42778.15,125,444850
20221116,10:52:37,42776.10,50,444850
20221116,10:52:51,42775.00,25,444850
20221116,10:52:52,42780.00,75,444850
20221116,10:53:17,42775.55,25,444850
20221116,10:53:30,42779.60,75,444850
20221116,10:53:33,42778.75,125,444850
20221116,10:53:35,42782.45,350,444850
20221116,10:53:40,42782.15,25,444850
20221116,10:53:41,42783.70,25,444850
20221116,10:53:46,42787.45,200,444850
20221116,10:53:51,42785.00,75,444850
20221116,10:53:53,42785.00,375,444850
20221116,10:53:55,42785.00,375,447000
20221116,10:54:04,42785.00,950,447000
20221116,10:54:06,42786.00,25,447000
20221116,10:54:09,42786.85,25,447000
20221116,10:54:21,42787.05,25,447000
20221116,10:54:24,42787.00,100,447000
20221116,10:54:29,42784.65,50,447000
20221116,10:54:31,42787.00,100,447000
20221116,10:54:41,42783.15,25,447000
20221116,10:54:44,42783.00,100,447000
20221116,10:54:46,42783.20,25,447000
20221116,10:54:48,42782.85,25,447000
20221116,10:54:54,42779.45,25,447000
20221116,10:55:32,42784.15,75,447000
20221116,10:55:33,42784.30,50,447000
20221116,10:55:38,42783.10,25,447000
20221116,10:55:42,42784.60,50,447000
20221116,10:55:43,42785.80,75,447000
20221116,10:55:45,42785.90,25,447000
20221116,10:55:48,42789.00,25,447000
20221116,10:55:52,42789.65,100,447000
20221116,10:55:55,42789.95,75,447000
20221116,10:55:56,42786.05,50,447000
20221116,10:56:00,42789.00,25,447000
20221116,10:56:03,42786.00,25,447000
20221116,10:56:09,42786.20,25,447000
20221116,10:56:11,42786.15,100,447000
20221116,10:56:21,42784.55,25,447000
20221116,10:56:25,42783.50,25,447000
20221116,10:56:27,42780.10,25,447000
20221116,10:56:29,42780.00,225,447000
20221116,10:56:35,42780.05,100,447000
20221116,10:56:37,42780.00,25,447000
20221116,10:56:38,42780.00,125,447000
20221116,10:56:43,42780.05,25,447000
20221116,10:56:47,42780.05,150,447000
20221116,10:56:48,42781.50,100,447000
20221116,10:56:52,42780.05,100,447000
20221116,10:56:53,42780.05,25,447000
20221116,10:57:00,42780.00,50,448175
20221116,10:57:05,42781.50,25,448175
20221116,10:57:07,42780.00,25,448175
20221116,10:57:10,42780.00,50,448175
20221116,10:57:13,42775.10,25,448175
20221116,10:57:15,42781.20,25,448175
20221116,10:57:25,42777.20,25,448175
20221116,10:57:44,42781.25,25,448175
20221116,10:58:11,42791.05,175,448175
20221116,10:58:13,42791.10,25,448175
20221116,10:58:18,42791.10,125,448175
20221116,10:58:19,42790.85,50,448175
20221116,10:58:21,42793.65,25,448175
20221116,10:58:45,42793.65,25,448175
20221116,10:58:50,42789.05,125,448175
20221116,10:59:38,42789.60,50,448175
20221116,10:59:43,42790.00,25,448175
20221116,10:59:51,42787.00,25,448175
20221116,11:00:00,42791.20,25,448675
20221116,11:00:06,42786.95,50,448675
20221116,11:00:43,42790.15,50,448675
20221116,11:00:48,42779.80,75,448675
20221116,11:01:04,42780.80,25,448675
20221116,11:01:15,42780.85,50,448675
20221116,11:01:36,42786.60,100,448675
20221116,11:01:49,42780.05,50,448675
20221116,11:01:54,42783.05,75,448675
20221116,11:01:57,42786.95,75,448675
20221116,11:02:07,42788.80,75,448675
20221116,11:02:08,42787.00,75,448675
20221116,11:02:10,42789.95,50,448675
20221116,11:02:29,42787.10,50,448675
20221116,11:02:43,42787.10,25,448675
20221116,11:02:46,42787.25,50,448675
20221116,11:02:48,42787.00,100,448675
20221116,11:02:58,42787.00,25,449225
20221116,11:02:59,42786.30,25,449225
20221116,11:03:04,42786.35,50,449225
20221116,11:03:12,42786.30,25,449225
20221116,11:03:20,42779.15,125,449225
20221116,11:03:41,42780.05,275,449225
20221116,11:03:47,42780.05,25,449225
20221116,11:03:55,42780.05,50,449225
20221116,11:04:28,42784.35,50,449225
20221116,11:04:30,42776.90,50,449225
20221116,11:05:10,42776.15,25,449225
20221116,11:05:15,42776.00,100,449225
20221116,11:05:17,42776.15,25,449225
20221116,11:05:20,42772.00,150,449225
20221116,11:05:30,42770.10,25,449225
20221116,11:05:34,42770.10,25,449225
20221116,11:05:36,42770.05,25,449225
20221116,11:05:41,42767.85,75,449225
20221116,11:05:46,42768.15,50,449225
20221116,11:05:55,42766.25,25,449225
20221116,11:06:02,42767.15,50,449900
20221116,11:06:03,42767.25,25,449900
20221116,11:06:15,42769.55,25,449900
20221116,11:06:19,42769.55,75,449900
20221116,11:06:35,42762.10,25,449900
20221116,11:06:45,42767.25,50,449900
20221116,11:06:48,42775.75,50,449900
20221116,11:06:49,42768.00,100,449900
20221116,11:06:51,42768.60,25,449900
20221116,11:07:08,42768.00,25,449900
20221116,11:07:12,42768.05,50,449900
20221116,11:07:29,42770.40,25,449900
20221116,11:07:41,42776.00,25,449900
20221116,11:08:00,42772.10,25,449900
20221116,11:08:24,42777.45,25,449900
20221116,11:08:27,42770.05,25,449900
20221116,11:08:30,42770.00,75,449900
20221116,11:08:37,42773.00,25,449900
20221116,11:08:40,42770.00,25,449900
20221116,11:08:53,42768.00,25,449900
20221116,11:08:54,42765.00,25,449900
20221116,11:08:56,42757.15,50,449900
20221116,11:08:57,42757.75,50,450200
20221116,11:08:59,42765.00,25,450200
20221116,11:09:01,42757.00,25,450200
20221116,11:09:10,42750.05,550,450200
20221116,11:09:14,42751.00,50,450200
20221116,11:09:15,42755.00,25,450200
20221116,11:09:19,42756.80,25,450200
20221116,11:09:22,42751.70,50,450200
20221116,11:09:30,42755.35,25,450200
20221116,11:09:44,42759.05,25,450200
20221116,11:09:52,42759.70,50,450200
20221116,11:09:54,42758.55,550,450200
20221116,11:10:05,42762.30,25,450200
20221116,11:10:07,42765.00,25,450200
20221116,11:10:22,42765.10,25,450200
20221116,11:10:23,42760.30,50,450200
20221116,11:10:40,42765.35,25,450200
20221116,11:10:45,42765.00,25,450200
20221116,11:11:02,42754.05,50,450200
20221116,11:11:08,42750.05,25,450200
20221116,11:11:16,42756.05,25,450200
20221116,11:11:26,42750.05,250,450200
20221116,11:11:27,42750.00,125,450200
20221116,11:11:35,42750.00,50,450200
20221116,11:11:40,42750.00,25,450200
20221116,11:11:43,42750.05,150,450200
20221116,11:11:46,42752.25,25,450200
20221116,11:11:51,42759.30,275,450200
20221116,11:12:07,42753.05,125,449925
20221116,11:12:11,42755.95,25,449925
20221116,11:12:28,42750.25,700,449925
20221116,11:12:30,42754.00,25,449925
20221116,11:12:46,42759.05,25,449925
20221116,11:12:57,42761.10,25,449925
20221116,11:13:00,42765.05,25,449925
20221116,11:13:02,42766.75,50,449925
20221116,11:13:04,42765.00,25,449925
20221116,11:13:07,42760.00,100,449925
20221116,11:13:27,42770.00,25,449925
20221116,11:13:45,42755.15,25,449925
20221116,11:13:55,42754.25,25,449925
20221116,11:14:11,42754.25,25,449925
20221116,11:14:16,42753.90,50,449925
20221116,11:14:21,42754.80,25,449925
20221116,11:14:57,42762.15,150,449925
20221116,11:15:05,42755.15,100,450275
20221116,11:15:14,42755.15,50,450275
20221116,11:15:17,42755.15,25,450275
20221116,11:15:22,42751.05,50,450275
20221116,11:15:30,42751.05,75,450275
20221116,11:15:36,42755.30,25,450275
20221116,11:15:45,42762.15,25,450275
20221116,11:15:48,42760.20,25,450275
20221116,11:15:51,42760.85,25,450275
20221116,11:15:55,42760.85,25,450275
20221116,11:15:56,42760.85,25,450275
20221116,11:15:58,42760.85,25,450275
20221116,11:16:04,42760.85,175,450275
20221116,11:16:06,42765.25,50,450275
20221116,11:16:16,42761.35,25,450275
20221116,11:16:30,42766.90,25,450275
20221116,11:16:50,42766.90,50,450275
20221116,11:17:04,42766.90,75,450275
20221116,11:17:11,42770.00,25,450275
20221116,11:17:26,42775.00,25,450275
20221116,11:17:59,42779.60,25,450275
20221116,11:18:15,42777.20,50,450275
20221116,11:18:17,42772.90,25,450275
20221116,11:18:20,42773.30,25,450275
20221116,11:18:23,42775.05,100,450275
20221116,11:18:32,42777.20,400,450275
20221116,11:18:46,42772.20,25,450275
20221116,11:19:17,42777.20,75,450275
20221116,11:19:31,42777.20,25,450275
20221116,11:19:45,42778.00,25,450275
20221116,11:20:09,42776.25,25,450275
20221116,11:20:17,42776.25,175,450275
20221116,11:20:21,42776.45,25,450275
20221116,11:20:50,42775.10,75,450275
20221116,11:20:55,42775.10,25,450275
20221116,11:21:05,42775.15,50,450700
20221116,11:21:10,42775.05,25,450700
20221116,11:21:11,42772.10,75,450700
20221116,11:21:16,42770.70,25,450700
20221116,11:21:31,42774.55,50,450700
20221116,11:21:35,42774.55,25,450700
20221116,11:21:42,42773.00,25,450700
20221116,11:22:20,42774.45,25,450700
20221116,11:22:26,42780.00,100,450700
20221116,11:23:17,42766.40,25,450700
20221116,11:23:19,42766.40,25,450700
20221116,11:23:29,42767.75,25,450700
20221116,11:23:47,42771.35,50,450700
20221116,11:23:49,42771.45,25,450700
20221116,11:23:56,42771.50,25,450700
20221116,11:24:02,42775.05,75,451075
20221116,11:24:10,42771.85,25,451075
20221116,11:24:15,42769.40,25,451075
20221116,11:24:22,42772.50,150,451075
20221116,11:24:23,42770.30,125,451075
20221116,11:24:30,42768.30,25,451075
20221116,11:24:31,42767.05,25,451075
20221116,11:25:40,42759.15,100,451075
20221116,11:25:55,42760.25,25,451075
20221116,11:25:57,42760.10,25,451075
20221116,11:26:05,42760.00,75,451075
20221116,11:26:10,42758.60,350,451075
20221116,11:26:14,42758.55,25,451075
20221116,11:26:18,42758.55,25,451075
20221116,11:26:31,42761.40,25,451075
20221116,11:26:55,42764.45,25,451075
20221116,11:27:36,42763.85,25,451700
20221116,11:27:47,42767.50,25,451700
20221116,11:27:49,42770.00,25,451700
20221116,11:27:54,42769.35,25,451700
20221116,11:27:59,42770.00,25,451700
20221116,11:28:05,42769.40,25,451700
20221116,11:28:06,42770.15,50,451700
20221116,11:28:08,42770.15,25,451700
20221116,11:28:11,42775.00,25,451700
20221116,11:28:14,42774.05,50,451700
20221116,11:28:16,42774.65,50,451700
20221116,11:28:17,42774.70,75,451700
20221116,11:28:21,42774.65,50,451700
20221116,11:28:30,42779.95,100,451700
20221116,11:28:50,42780.00,100,451700
20221116,11:28:57,42780.00,125,451700
20221116,11:29:01,42781.00,25,451700
20221116,11:29:24,42776.00,25,451700
20221116,11:29:54,42777.35,25,451700
20221116,11:29:59,42777.35,25,451975
20221116,11:30:03,42773.30,25,451975
20221116,11:30:38,42774.80,25,451975
20221116,11:31:20,42775.00,25,451975
20221116,11:32:07,42778.70,25,451975
20221116,11:32:10,42784.00,25,451975
20221116,11:32:14,42780.05,25,451975
20221116,11:32:19,42780.10,25,451975
20221116,11:32:23,42780.10,25,451975
20221116,11:32:34,42780.10,25,451975
20221116,11:32:42,42780.10,25,451975
20221116,11:32:45,42780.05,25,451975
20221116,11:32:50,42780.05,25,451975
20221116,11:33:04,42780.10,25,452175
20221116,11:33:06,42780.10,25,452175
20221116,11:33:07,42798.00,500,452175
20221116,11:33:09,42798.00,25,452175
20221116,11:33:16,42798.05,75,452175
20221116,11:33:17,42800.00,400,452175
20221116,11:33:19,42800.00,1025,452175
20221116,11:33:21,42806.00,250,452175
20221116,11:33:22,42808.50,250,452175
20221116,11:33:29,42805.95,50,452175
20221116,11:33:34,42807.65,150,452175
20221116,11:33:35,42802.90,25,452175
20221116,11:33:40,42801.05,75,452175
20221116,11:33:53,42800.00,25,452175
20221116,11:33:58,42800.00,75,452175
20221116,11:34:00,42800.00,25,452175
20221116,11:34:03,42801.05,25,452175
20221116,11:34:05,42803.80,25,452175
20221116,11:34:11,42805.60,25,452175
20221116,11:34:18,42807.45,25,452175
20221116,11:34:19,42803.25,25,452175
20221116,11:34:24,42808.95,25,452175
20221116,11:34:27,42808.95,25,452175
20221116,11:34:29,42798.20,100,452175
20221116,11:34:39,42806.00,625,452175
20221116,11:35:01,42799.05,25,452175
20221116,11:35:04,42799.00,25,452175
20221116,11:35:18,42793.10,25,452175
20221116,11:35:22,42797.35,25,452175
20221116,11:35:28,42790.05,150,452175
20221116,11:35:39,42798.00,25,452175
20221116,11:35:42,42791.10,25,452175
20221116,11:36:00,42798.20,25,452175
20221116,11:36:08,42790.00,50,452800
20221116,11:36:16,42790.00,25,452800
20221116,11:36:23,42790.30,50,452800
20221116,11:36:24,42790.00,275,452800
20221116,11:36:37,42795.10,150,452800
20221116,11:36:39,42790.40,50,452800
20221116,11:36:42,42795.00,25,452800
20221116,11:36:44,42795.00,75,452800
20221116,11:36:52,42796.00,75,452800
20221116,11:36:55,42795.00,25,452800
20221116,11:37:03,42798.25,125,452800
20221116,11:37:05,42796.50,50,452800
20221116,11:37:06,42790.35,25,452800
20221116,11:37:24,42790.00,125,452800
20221116,11:37:26,42780.00,425,452800
20221116,11:37:27,42780.00,25,452800
20221116,11:37:29,42787.00,25,452800
20221116,11:37:31,42778.90,25,452800
20221116,11:37:46,42776.40,50,452800
20221116,11:37:54,42778.00,25,452800
20221116,11:38:05,42777.05,25,452800
20221116,11:38:08,42776.40,100,452800
20221116,11:38:32,42778.00,25,452800
20221116,11:38:40,42783.35,25,452800
20221116,11:39:00,42776.40,25,452800
20221116,11:39:16,42780.00,25,453475
20221116,11:40:01,42778.90,100,453475
20221116,11:40:03,42776.40,50,453475
20221116,11:40:16,42775.50,25,453475
20221116,11:40:27,42768.00,175,453475
20221116,11:40:53,42767.95,150,453475
20221116,11:41:11,42767.70,25,453475
20221116,11:41:20,42765.85,25,453475
20221116,11:42:02,42765.90,50,453375
20221116,11:42:07,42768.45,50,453375
20221116,11:42:08,42765.85,25,453375
20221116,11:42:21,42760.50,25,453375
20221116,11:42:29,42760.30,25,453375
20221116,11:42:39,42753.20,25,453375
20221116,11:42:44,42751.00,125,453375
20221116,11:42:58,42752.35,25,453375
20221116,11:43:03,42758.80,25,453375
20221116,11:43:12,42755.00,25,453375
20221116,11:43:19,42755.00,25,453375
20221116,11:43:21,42757.05,25,453375
20221116,11:43:35,42757.00,25,453375
20221116,11:43:46,42755.00,50,453375
20221116,11:43:49,42755.00,25,453375
20221116,11:43:51,42751.70,25,453375
20221116,11:43:55,42751.75,25,453375
20221116,11:44:00,42751.75,100,453375
20221116,11:44:02,42748.60,300,453375
20221116,11:44:05,42753.50,25,453375
20221116,11:44:15,42748.30,25,453375
20221116,11:44:20,42747.00,25,453375
20221116,11:44:31,42750.00,100,453375
20221116,11:44:32,42750.00,125,453375
20221116,11:44:36,42750.00,25,453375
20221116,11:44:37,42750.00,575,453375
20221116,11:44:39,42750.00,150,453375
20221116,11:44:40,42750.00,75,453375
20221116,11:44:42,42750.00,25,453375
20221116,11:44:44,42750.00,425,453375
20221116,11:44:45,42750.00,125,453375
20221116,11:44:47,42750.00,25,453375
20221116,11:44:49,42750.00,50,453375
20221116,11:44:50,42750.00,25,453375
20221116,11:44:52,42746.35,150,453375
20221116,11:44:53,42746.30,50,453375
20221116,11:44:58,42746.00,150,453375
20221116,11:45:00,42745.45,25,453375
20221116,11:45:01,42745.00,25,453375
20221116,11:45:03,42740.05,100,453525
20221116,11:45:05,42740.00,125,453525
20221116,11:45:10,42740.00,500,453525
20221116,11:45:11,42740.70,50,453525
20221116,11:45:13,42740.70,25,453525
20221116,11:45:14,42740.60,50,453525
20221116,11:45:16,42740.05,125,453525
20221116,11:45:17,42740.05,75,453525
20221116,11:45:19,42740.00,25,453525
20221116,11:45:23,42740.00,50,453525
20221116,11:45:27,42740.00,225,453525
20221116,11:45:30,42740.00,100,453525
20221116,11:45:33,42740.00,75,453525
20221116,11:45:34,42740.00,575,453525
20221116,11:45:36,42740.00,75,453525
20221116,11:45:44,42739.20,50,453525
20221116,11:45:46,42739.65,25,453525
20221116,11:45:49,42735.00,25,453525
20221116,11:45:50,42741.75,50,453525
20221116,11:46:00,42743.65,25,453525
20221116,11:46:02,42740.50,25,453525
20221116,11:46:03,42739.90,25,453525
20221116,11:46:08,42738.75,25,453525
20221116,11:46:14,42739.00,25,453525
20221116,11:46:20,42743.95,25,453525
20221116,11:46:24,42744.00,25,453525
20221116,11:46:27,42742.00,100,453525
20221116,11:46:46,42740.05,25,453525
20221116,11:46:56,42742.00,25,453525
20221116,11:46:57,42742.95,25,453525
20221116,11:46:59,42745.45,50,453525
20221116,11:47:07,42740.00,50,453525
20221116,11:47:20,42735.00,100,453525
20221116,11:47:22,42740.00,25,453525
20221116,11:47:32,42740.00,75,453525
20221116,11:47:33,42740.00,50,453525
20221116,11:47:38,42743.85,25,453525
20221116,11:47:48,42744.05,25,453525
20221116,11:47:50,42745.45,25,453525
20221116,11:47:51,42746.50,50,453525
20221116,11:48:02,42746.50,25,453525
20221116,11:48:08,42743.50,50,453500
20221116,11:48:16,42746.05,25,453500
20221116,11:48:21,42742.00,25,453500
20221116,11:48:32,42746.40,50,453500
20221116,11:48:40,42746.50,50,453500
20221116,11:48:48,42746.50,200,453500
20221116,11:49:01,42742.00,25,453500
20221116,11:49:18,42739.00,50,453500
20221116,11:49:21,42739.00,275,453500
20221116,11:49:31,42735.00,50,453500
20221116,11:49:36,42732.00,25,453500
20221116,11:49:42,42730.00,25,453500
20221116,11:49:46,42728.00,75,453500
20221116,11:49:49,42732.00,50,453500
20221116,11:49:54,42732.00,25,453500
20221116,11:49:58,42730.00,25,453500
20221116,11:50:04,42733.20,50,453500
20221116,11:50:14,42727.00,50,453500
20221116,11:50:16,42733.55,150,453500
20221116,11:50:19,42725.35,75,453500
20221116,11:50:22,42733.20,75,453500
20221116,11:50:24,42735.00,25,453500
20221116,11:50:26,42726.45,500,453500
20221116,11:50:31,42734.25,25,453500
20221116,11:50:34,42732.15,25,453500
20221116,11:50:49,42732.15,25,453500
20221116,11:50:52,42742.00,25,453500
20221116,11:50:59,42745.05,50,453500
20221116,11:51:02,42746.00,25,453500
20221116,11:51:05,42746.00,25,453500
20221116,11:51:07,42746.00,50,453650
20221116,11:51:14,42745.10,50,453650
20221116,11:51:17,42746.15,25,453650
20221116,11:51:29,42746.15,25,453650
20221116,11:51:32,42735.00,25,453650
20221116,11:52:28,42735.00,25,453650
20221116,11:52:35,42735.00,50,453650
20221116,11:52:51,42740.10,25,453650
20221116,11:52:59,42740.10,50,453650
20221116,11:53:04,42733.95,25,453650
20221116,11:53:16,42739.30,50,453650
20221116,11:53:19,42739.55,50,453650
20221116,11:53:42,42739.55,50,453650
20221116,11:53:43,42739.30,25,453650
20221116,11:53:50,42737.70,25,453650
20221116,11:53:51,42742.00,25,453650
20221116,11:54:14,42743.50,50,453475
20221116,11:54:45,42742.15,50,453475
20221116,11:54:47,42744.10,150,453475
20221116,11:54:49,42739.10,25,453475
20221116,11:54:52,42738.95,75,453475
20221116,11:54:54,42738.95,50,453475
20221116,11:55:00,42739.90,25,453475
20221116,11:55:02,42738.30,25,453475
20221116,11:55:04,42741.50,50,453475
20221116,11:55:07,42741.55,75,453475
20221116,11:55:23,42739.35,50,453475
20221116,11:55:28,42737.00,25,453475
20221116,11:55:32,42736.70,25,453475
20221116,11:55:35,42740.00,100,453475
20221116,11:55:56,42742.70,25,453475
20221116,11:55:59,42740.25,25,453475
20221116,11:56:19,42750.05,175,453475
20221116,11:56:29,42755.00,25,453475
20221116,11:56:41,42750.55,25,453475
20221116,11:56:46,42750.00,100,453475
20221116,11:56:57,42755.00,50,453475
20221116,11:57:08,42744.35,100,453250
20221116,11:57:20,42752.95,25,453250
20221116,11:57:47,42739.30,50,453250
20221116,11:57:59,42747.20,25,453250
20221116,11:58:21,42747.05,25,453250
20221116,11:58:46,42744.20,50,453250
20221116,11:59:01,42747.95,100,453250
20221116,11:59:07,42747.05,50,453250
20221116,11:59:43,42748.65,50,453250
20221116,12:00:14,42742.10,75,453150
20221116,12:00:15,42742.10,50,453150
20221116,12:00:23,42742.05,25,453150
20221116,12:00:30,42739.95,50,453150
20221116,12:00:33,42739.95,25,453150
20221116,12:00:40,42734.80,25,453150
20221116,12:01:01,42733.75,25,453150
20221116,12:01:05,42735.05,25,453150
20221116,12:01:15,42736.25,25,453150
20221116,12:01:23,42735.70,50,453150
20221116,12:01:28,42736.20,25,453150
20221116,12:01:57,42734.25,25,453150
20221116,12:02:04,42740.05,25,453150
20221116,12:02:17,42735.15,50,453150
20221116,12:02:19,42735.25,25,453150
20221116,12:02:25,42740.10,25,453150
20221116,12:02:41,42736.50,25,453150
20221116,12:02:54,42734.50,50,453150
20221116,12:02:56,42730.00,500,453150
20221116,12:03:02,42730.00,25,453150
20221116,12:03:08,42728.40,175,453400
20221116,12:03:15,42733.95,500,453400
20221116,12:03:16,42734.75,50,453400
20221116,12:03:28,42727.55,50,453400
20221116,12:03:31,42727.55,25,453400
20221116,12:03:34,42727.35,25,453400
20221116,12:03:39,42733.15,75,453400
20221116,12:04:07,42733.00,25,453400
20221116,12:04:23,42727.30,50,453400
20221116,12:04:24,42728.10,25,453400
20221116,12:04:29,42728.30,25,453400
20221116,12:04:31,42727.00,50,453400
20221116,12:04:40,42725.00,75,453400
20221116,12:04:50,42725.00,75,453400
20221116,12:04:51,42725.00,50,453400
20221116,12:04:55,42725.00,25,453400
20221116,12:05:11,42725.00,25,453400
20221116,12:05:13,42727.90,50,453400
20221116,12:05:32,42725.20,75,453400
20221116,12:05:40,42725.35,25,453400
20221116,12:05:47,42728.30,25,453400
20221116,12:05:48,42724.65,600,453400
20221116,12:06:14,42728.25,100,453200
20221116,12:06:18,42721.00,100,453200
20221116,12:06:23,42718.00,50,453200
20221116,12:06:25,42720.00,25,453200
20221116,12:06:41,42718.00,25,453200
20221116,12:06:42,42721.15,25,453200
20221116,12:06:44,42721.80,25,453200
20221116,12:06:46,42722.30,50,453200
20221116,12:06:52,42718.85,25,453200
20221116,12:06:54,42723.40,25,453200
20221116,12:06:55,42721.45,50,453200
20221116,12:06:57,42721.05,50,453200
20221116,12:06:59,42721.05,25,453200
20221116,12:07:00,42724.90,50,453200
20221116,12:07:03,42723.15,25,453200
20221116,12:07:15,42721.60,75,453200
20221116,12:07:16,42723.60,25,453200
20221116,12:07:18,42724.70,25,453200
20221116,12:07:26,42724.95,25,453200
20221116,12:07:33,42730.80,75,453200
20221116,12:07:35,42730.05,25,453200
20221116,12:07:37,42734.70,50,453200
20221116,12:07:39,42729.25,25,453200
20221116,12:07:47,42731.50,25,453200
20221116,12:07:50,42736.05,50,453200
20221116,12:07:51,42736.85,25,453200
20221116,12:07:56,42730.00,25,453200
20221116,12:08:03,42737.00,25,453200
20221116,12:08:06,42731.45,50,453200
20221116,12:08:21,42728.00,50,453200
20221116,12:08:27,42726.95,25,453200
20221116,12:08:29,42726.90,25,453200
20221116,12:08:33,42726.60,25,453200
20221116,12:08:35,42729.20,50,453200
20221116,12:08:43,42724.10,25,453200
20221116,12:08:47,42730.10,25,453200
20221116,12:08:50,42730.10,25,453200
20221116,12:08:56,42730.00,50,453200
20221116,12:09:06,42714.00,75,453200
20221116,12:09:34,42714.00,25,453100
20221116,12:09:36,42715.95,50,453100
20221116,12:09:41,42715.85,225,453100
20221116,12:09:47,42710.00,25,453100
20221116,12:09:49,42706.55,250,453100
20221116,12:09:50,42705.60,525,453100
20221116,12:09:53,42700.50,300,453100
20221116,12:09:57,42713.20,500,453100
20221116,12:10:01,42701.85,25,453100
20221116,12:10:06,42709.15,75,453100
20221116,12:10:10,42700.90,75,453100
20221116,12:10:13,42704.40,25,453100
20221116,12:10:15,42705.75,25,453100
20221116,12:10:42,42714.05,25,453100
20221116,12:10:52,42714.05,25,453100
20221116,12:11:00,42720.55,50,453100
20221116,12:11:03,42720.45,50,453100
20221116,12:11:44,42712.30,75,453100
20221116,12:11:50,42710.00,50,453100
20221116,12:11:57,42717.30,500,453100
20221116,12:12:00,42711.30,25,453100
20221116,12:12:02,42714.70,50,453100
20221116,12:12:27,42718.20,50,443900
20221116,12:12:31,42719.15,550,443900
20221116,12:12:52,42720.50,25,443900
20221116,12:13:00,42720.50,25,443900
20221116,12:13:05,42722.60,25,443900
20221116,12:13:06,42724.65,25,443900
20221116,12:13:11,42720.35,25,443900
20221116,12:13:21,42724.50,50,443900
20221116,12:13:27,42726.05,25,443900
20221116,12:13:30,42729.65,25,443900
20221116,12:13:44,42730.50,25,443900
20221116,12:13:54,42730.00,25,443900
20221116,12:13:55,42730.50,25,443900
20221116,12:14:00,42732.05,25,443900
20221116,12:14:03,42735.00,25,443900
20221116,12:14:36,42740.00,25,443900
20221116,12:14:41,42736.30,25,443900
20221116,12:14:46,42728.25,25,443900
20221116,12:14:49,42734.95,25,443900
20221116,12:14:52,42735.95,50,443900
20221116,12:14:54,42736.05,50,443900
20221116,12:14:56,42736.10,50,443900
20221116,12:14:59,42731.45,25,443900
20221116,12:15:12,42740.00,75,443275
20221116,12:15:14,42740.00,25,443275
20221116,12:15:17,42741.95,25,443275
20221116,12:15:20,42751.70,125,443275
20221116,12:15:22,42752.55,25,443275
20221116,12:15:37,42747.45,25,443275
20221116,12:15:40,42742.50,400,443275
20221116,12:16:08,42744.95,25,443275
20221116,12:16:21,42744.45,100,443275
20221116,12:16:27,42749.30,25,443275
20221116,12:16:32,42744.35,25,443275
20221116,12:16:47,42747.75,25,443275
20221116,12:16:57,42741.35,25,443275
20221116,12:17:17,42733.05,25,443275
20221116,12:17:33,42743.40,75,443275
20221116,12:18:00,42740.00,25,443275
20221116,12:18:05,42735.60,25,443275
20221116,12:18:18,42735.00,25,442825
20221116,12:18:19,42727.50,25,442825
20221116,12:18:21,42726.75,25,442825
20221116,12:18:30,42734.40,25,442825
20221116,12:18:33,42729.50,25,442825
20221116,12:18:35,42724.90,25,442825
20221116,12:18:51,42722.45,25,442825
20221116,12:19:12,42729.10,25,442825
20221116,12:19:45,42740.00,25,442825
20221116,12:19:55,42738.75,25,442825
20221116,12:19:56,42747.30,25,442825
20221116,12:20:11,42739.25,25,442825
20221116,12:21:37,42750.00,25,442825
20221116,12:21:47,42749.95,25,442825
20221116,12:21:57,42747.75,25,442825
20221116,12:22:05,42747.75,75,442825
20221116,12:22:14,42749.30,25,442825
20221116,12:22:22,42749.60,25,442825
20221116,12:22:44,42749.60,25,442825
20221116,12:22:48,42748.50,25,442825
20221116,12:23:01,42748.20,25,442825
20221116,12:24:09,42748.30,50,442825
20221116,12:24:22,42750.70,25,442825
20221116,12:25:22,42758.50,100,443000
20221116,12:26:07,42760.15,50,443000
20221116,12:26:29,42758.10,25,443000
20221116,12:26:38,42751.05,25,443000
20221116,12:27:03,42751.00,25,443000
20221116,12:27:14,42750.00,75,443000
20221116,12:27:27,42740.20,25,443000
20221116,12:28:24,42745.50,100,443000
20221116,12:28:35,42751.00,25,443000
20221116,12:29:09,42755.00,25,443000
20221116,12:29:11,42759.25,50,443000
20221116,12:29:15,42759.35,25,443000
20221116,12:29:18,42758.45,25,443000
20221116,12:30:04,42762.00,25,443000
20221116,12:30:09,42764.75,75,443000
20221116,12:30:20,42763.15,125,443075
20221116,12:30:21,42762.00,50,443075
20221116,12:30:26,42765.20,25,443075
20221116,12:30:28,42761.20,25,443075
20221116,12:30:38,42768.00,25,443075
20221116,12:30:41,42768.20,25,443075
20221116,12:30:43,42768.25,25,443075
20221116,12:30:48,42770.00,25,443075
20221116,12:30:49,42768.30,125,443075
20221116,12:30:51,42764.45,25,443075
20221116,12:30:54,42761.15,50,443075
20221116,12:30:56,42759.00,125,443075
20221116,12:31:41,42771.95,25,443075
20221116,12:32:05,42770.95,100,443075
20221116,12:32:13,42773.95,150,443075
20221116,12:32:17,42773.45,25,443075
20221116,12:32:19,42772.55,25,443075
20221116,12:32:38,42775.00,25,443075
20221116,12:32:44,42772.50,150,443075
20221116,12:32:52,42772.60,25,443075
20221116,12:32:55,42778.50,25,443075
20221116,12:33:03,42773.05,25,443075
20221116,12:33:16,42773.05,25,443500
20221116,12:33:22,42773.05,25,443500
20221116,12:33:30,42775.00,100,443500
20221116,12:33:34,42778.00,25,443500
20221116,12:33:36,42778.00,25,443500
20221116,12:33:39,42778.00,75,443500
20221116,12:33:41,42778.00,50,443500
20221116,12:33:47,42776.30,25,443500
20221116,12:33:49,42778.15,150,443500
20221116,12:33:54,42778.00,25,443500
20221116,12:33:58,42778.05,25,443500
20221116,12:34:11,42778.95,25,443500
20221116,12:34:13,42780.00,325,443500
20221116,12:34:14,42783.95,100,443500
20221116,12:34:16,42784.00,25,443500
20221116,12:34:19,42785.00,75,443500
20221116,12:34:21,42789.90,50,443500
20221116,12:34:22,42790.00,200,443500
20221116,12:34:26,42789.70,125,443500
20221116,12:34:27,42784.05,25,443500
20221116,12:34:32,42786.15,75,443500
20221116,12:34:39,42790.10,75,443500
20221116,12:34:40,42795.00,150,443500
20221116,12:34:44,42794.00,25,443500
20221116,12:34:58,42797.45,100,443500
20221116,12:35:05,42795.65,50,443500
20221116,12:35:06,42799.80,75,443500
20221116,12:35:08,42795.00,25,443500
20221116,12:35:14,42799.60,25,443500
20221116,12:35:18,42799.95,25,443500
20221116,12:35:19,42800.00,75,443500
20221116,12:35:26,42800.00,250,443500
20221116,12:35:27,42796.95,175,443500
20221116,12:35:44,42797.10,50,443500
20221116,12:36:11,42797.10,25,443500
20221116,12:36:13,42795.00,100,444750
20221116,12:36:14,42793.40,50,444750
20221116,12:36:16,42791.65,75,444750
20221116,12:36:18,42791.65,25,444750
20221116,12:36:29,42781.35,125,444750
20221116,12:36:40,42791.00,300,444750
20221116,12:36:56,42789.00,250,444750
20221116,12:36:59,42789.00,75,444750
20221116,12:37:03,42789.00,50,444750
20221116,12:37:04,42788.70,275,444750
20221116,12:37:12,42779.30,25,444750
20221116,12:37:23,42779.30,25,444750
20221116,12:38:06,42777.40,50,444750
20221116,12:38:14,42775.05,50,444750
20221116,12:38:30,42775.10,50,444750
20221116,12:38:40,42778.00,25,444750
20221116,12:38:41,42778.00,25,444750
20221116,12:38:46,42779.30,25,444750
20221116,12:38:51,42776.70,25,444750
20221116,12:39:09,42778.10,75,444750
20221116,12:39:11,42778.00,25,444750
20221116,12:39:29,42775.00,25,445500
20221116,12:39:41,42775.00,25,445500
20221116,12:39:45,42775.00,25,445500
20221116,12:39:47,42772.50,25,445500
20221116,12:40:09,42763.55,25,445500
20221116,12:40:19,42760.10,125,445500
20221116,12:40:24,42762.05,50,445500
20221116,12:40:33,42764.25,25,445500
20221116,12:40:54,42771.95,25,445500
20221116,12:41:17,42763.55,100,445500
20221116,12:41:19,42762.90,25,445500
20221116,12:41:22,42764.75,50,445500
20221116,12:41:28,42765.00,25,445500
20221116,12:41:31,42765.25,25,445500
20221116,12:41:36,42766.55,25,445500
20221116,12:41:51,42765.00,25,445500
20221116,12:42:02,42761.05,25,445500
20221116,12:42:27,42771.35,25,445300
20221116,12:42:28,42766.50,25,445300
20221116,12:43:00,42762.90,25,445300
20221116,12:43:08,42761.05,50,445300
20221116,12:43:12,42765.00,75,445300
20221116,12:43:18,42762.15,25,445300
20221116,12:43:26,42761.30,25,445300
20221116,12:43:28,42762.40,25,445300
20221116,12:43:39,42762.65,50,445300
20221116,12:43:51,42762.70,25,445300
20221116,12:43:53,42762.70,25,445300
20221116,12:44:02,42765.00,50,445300
20221116,12:44:06,42768.75,50,445300
20221116,12:44:17,42763.00,300,445300
20221116,12:44:27,42771.35,25,445300
20221116,12:44:33,42772.45,25,445300
20221116,12:44:54,42772.15,25,445300
20221116,12:45:14,42778.40,50,445050
20221116,12:45:17,42772.15,25,445050
20221116,12:45:29,42778.40,75,445050
20221116,12:45:37,42788.25,25,445050
20221116,12:45:40,42785.05,50,445050
20221116,12:45:42,42785.00,50,445050
20221116,12:45:47,42784.95,25,445050
20221116,12:46:10,42789.70,50,445050
20221116,12:46:24,42789.65,25,445050
20221116,12:46:35,42788.95,25,445050
20221116,12:46:58,42788.90,125,445050
20221116,12:47:18,42778.05,75,445050
20221116,12:47:24,42779.20,50,445050
20221116,12:47:59,42776.30,25,445050
20221116,12:48:31,42760.95,25,445050
20221116,12:48:47,42760.00,50,445200
20221116,12:49:15,42765.00,25,445200
20221116,12:49:20,42763.15,50,445200
20221116,12:49:51,42771.90,100,445200
20221116,12:49:58,42763.00,25,445200
20221116,12:50:04,42770.30,25,445200
20221116,12:50:17,42759.00,50,445200
20221116,12:50:22,42758.00,100,445200
20221116,12:50:39,42765.90,200,445200
20221116,12:50:40,42764.95,25,445200
20221116,12:50:57,42755.00,25,445200
20221116,12:51:08,42755.20,25,445200
20221116,12:51:29,42757.05,25,445350
20221116,12:51:31,42757.75,450,445350
20221116,12:51:52,42765.35,50,445350
20221116,12:51:59,42766.45,25,445350
20221116,12:52:13,42772.95,50,445350
20221116,12:52:20,42782.25,25,445350
20221116,12:52:49,42782.05,25,445350
20221116,12:52:54,42782.05,25,445350
20221116,12:53:34,42782.05,25,445350
20221116,12:53:38,42782.05,25,445350
20221116,12:53:56,42783.10,25,445350
20221116,12:54:21,42788.95,50,445700
20221116,12:54:58,42788.60,125,445700
20221116,12:54:59,42782.10,50,445700
20221116,12:55:07,42782.70,25,445700
20221116,12:55:35,42783.00,75,445700
20221116,12:56:04,42785.00,25,445700
20221116,12:56:12,42788.90,25,445700
20221116,12:56:23,42783.10,25,445700
20221116,12:56:29,42783.10,25,445700
20221116,12:57:01,42783.10,50,445700
20221116,12:57:03,42783.00,50,445700
20221116,12:57:25,42785.10,25,445725
20221116,12:57:36,42785.10,125,445725
20221116,12:57:42,42783.35,25,445725
20221116,12:58:11,42783.40,25,445725
20221116,12:58:12,42789.90,100,445725
20221116,12:58:27,42783.00,50,445725
20221116,12:58:32,42778.75,50,445725
20221116,12:59:34,42777.05,25,445725
20221116,12:59:35,42782.90,25,445725
20221116,12:59:38,42782.85,25,445725
20221116,13:00:19,42770.15,100,445775
20221116,13:00:20,42770.15,300,445775
20221116,13:00:40,42778.30,25,445775
20221116,13:00:42,42772.05,250,445775
20221116,13:01:02,42768.20,50,445775
20221116,13:01:31,42779.00,25,445775
20221116,13:01:42,42782.85,50,445775
20221116,13:02:57,42772.35,25,445775
20221116,13:03:00,42769.05,450,445775
20221116,13:03:28,42775.00,25,446025
20221116,13:03:44,42782.40,50,446025
20221116,13:03:56,42774.70,25,446025
20221116,13:04:02,42772.60,25,446025
20221116,13:04:21,42779.60,50,446025
20221116,13:04:25,42781.00,400,446025
20221116,13:04:26,42776.40,100,446025
20221116,13:04:29,42775.00,25,446025
20221116,13:04:45,42772.70,50,446025
20221116,13:04:55,42780.00,25,446025
20221116,13:05:00,42775.10,25,446025
20221116,13:06:13,42782.80,25,446025
20221116,13:06:45,42775.70,25,446175
20221116,13:06:55,42775.70,25,446175
20221116,13:06:56,42779.25,25,446175
20221116,13:07:01,42775.65,100,446175
20221116,13:08:22,42767.60,25,446175
20221116,13:08:51,42770.10,50,446175
20221116,13:09:05,42770.75,50,446175
20221116,13:09:09,42770.75,25,446175
20221116,13:09:39,42777.15,25,446375
20221116,13:09:41,42773.30,50,446375
20221116,13:10:27,42773.40,25,446375
20221116,13:10:36,42775.00,25,446375
20221116,13:10:37,42779.90,150,446375
20221116,13:10:39,42780.00,25,446375
20221116,13:10:51,42778.65,75,446375
20221116,13:12:04,42770.10,25,446375
20221116,13:12:18,42771.70,25,446375
20221116,13:13:14,42773.10,25,446450
20221116,13:13:17,42770.05,25,446450
20221116,13:13:19,42768.05,50,446450
20221116,13:13:21,42773.25,25,446450
20221116,13:13:24,42768.60,50,446450
20221116,13:13:37,42767.20,25,446450
20221116,13:14:04,42767.25,50,446450
20221116,13:15:47,42766.90,25,446450
20221116,13:16:21,42766.00,225,446450
20221116,13:16:46,42772.85,25,446450
20221116,13:16:54,42772.80,75,446450
20221116,13:16:57,42766.05,25,446450
20221116,13:17:02,42765.55,25,446450
20221116,13:17:13,42769.90,25,446450
20221116,13:17:49,42766.05,50,446450
20221116,13:18:15,42760.00,75,446450
20221116,13:18:18,42755.10,50,446450
20221116,13:18:21,42760.00,75,446425
20221116,13:18:24,42757.30,50,446425
20221116,13:18:28,42760.20,50,446425
20221116,13:18:34,42760.00,50,446425
20221116,13:19:02,42766.00,25,446425
20221116,13:19:19,42767.10,25,446425
20221116,13:20:33,42768.05,25,446425
20221116,13:20:44,42774.00,25,446425
20221116,13:20:53,42773.95,25,446425
20221116,13:21:16,42770.00,50,446425
20221116,13:21:40,42771.05,50,446450
20221116,13:21:50,42772.60,25,446450
20221116,13:22:03,42770.05,75,446450
20221116,13:22:06,42770.00,25,446450
20221116,13:22:22,42770.05,75,446450
20221116,13:22:25,42770.05,25,446450
20221116,13:22:45,42770.00,25,446450
20221116,13:23:00,42770.05,50,446450
20221116,13:23:03,42770.05,25,446450
20221116,13:23:06,42770.05,25,446450
20221116,13:23:11,42770.00,25,446450
20221116,13:23:28,42770.05,75,446450
20221116,13:23:46,42771.70,25,446450
20221116,13:23:56,42770.00,200,446450
20221116,13:23:57,42770.00,25,446450
20221116,13:24:02,42768.65,25,446450
20221116,13:24:14,42770.00,75,446450
20221116,13:24:17,42770.00,25,446450
20221116,13:24:19,42770.00,75,446450
20221116,13:24:21,42770.00,25,446625
20221116,13:24:24,42770.00,25,446625
20221116,13:24:28,42770.00,25,446625
20221116,13:24:30,42770.00,125,446625
20221116,13:24:31,42770.00,75,446625
20221116,13:24:36,42768.85,50,446625
20221116,13:24:38,42770.00,25,446625
20221116,13:24:41,42770.00,50,446625
20221116,13:24:47,42770.00,150,446625
20221116,13:24:51,42770.00,25,446625
20221116,13:24:57,42768.00,25,446625
20221116,13:25:18,42773.00,50,446625
20221116,13:25:20,42768.35,25,446625
20221116,13:25:26,42774.95,25,446625
20221116,13:25:47,42777.00,50,446625
20221116,13:25:50,42777.00,50,446625
20221116,13:26:06,42772.10,25,446625
20221116,13:26:24,42779.85,25,446625
20221116,13:26:42,42773.80,25,446625
20221116,13:27:01,42773.75,50,446625
20221116,13:27:05,42773.80,50,446625
20221116,13:27:23,42778.05,50,446875
20221116,13:27:27,42770.10,50,446875
20221116,13:27:39,42771.05,25,446875
20221116,13:28:19,42775.00,25,446875
20221116,13:28:22,42777.40,25,446875
20221116,13:28:29,42796.35,400,446875
20221116,13:28:32,42799.00,400,446875
20221116,13:28:34,42800.00,225,446875
20221116,13:28:35,42800.00,50,446875
20221116,13:28:40,42800.00,100,446875
20221116,13:28:52,42801.00,100,446875
20221116,13:29:04,42800.00,25,446875
20221116,13:29:06,42807.00,75,446875
20221116,13:29:21,42796.35,175,446875
20221116,13:29:25,42795.00,300,446875
20221116,13:29:28,42795.00,50,446875
20221116,13:29:35,42791.95,175,446875
20221116,13:29:41,42777.75,50,446875
20221116,13:29:48,42765.00,150,446875
20221116,13:29:50,42751.00,125,446875
20221116,13:29:51,42751.00,75,446875
20221116,13:29:54,42750.00,50,446875
20221116,13:29:56,42750.95,150,446875
20221116,13:30:08,42765.00,25,446875
20221116,13:30:13,42758.55,25,446875
20221116,13:30:21,42762.10,100,446875
20221116,13:30:29,42765.45,25,448200
20221116,13:30:51,42769.00,200,448200
20221116,13:31:01,42773.05,25,448200
20221116,13:31:19,42777.80,25,448200
20221116,13:31:35,42770.00,125,448200
20221116,13:31:40,42770.00,25,448200
20221116,13:31:42,42771.00,25,448200
20221116,13:31:56,42760.05,75,448200
20221116,13:32:16,42760.05,25,448200
20221116,13:32:37,42766.65,25,448200
20221116,13:32:51,42761.25,50,448200
20221116,13:32:53,42761.20,25,448200
20221116,13:32:55,42760.00,25,448200
20221116,13:33:06,42750.05,50,448200
20221116,13:33:08,42750.05,25,448200
20221116,13:33:12,42756.30,25,448200
20221116,13:33:17,42753.95,25,448200
20221116,13:33:31,42756.30,25,448550
20221116,13:33:54,42763.95,25,448550
20221116,13:33:55,42762.65,25,448550
20221116,13:33:59,42761.20,125,448550
20221116,13:34:05,42766.00,25,448550
20221116,13:34:13,42770.00,50,448550
20221116,13:34:28,42777.60,150,448550
20221116,13:34:56,42771.90,75,448550
20221116,13:35:39,42772.10,25,448550
20221116,13:35:47,42772.10,25,448550
20221116,13:35:58,42777.00,100,448550
20221116,13:35:59,42777.60,50,448550
20221116,13:36:01,42777.95,25,448550
20221116,13:36:07,42785.00,50,448550
20221116,13:36:11,42789.45,25,448550
20221116,13:36:12,42795.00,75,448550
20221116,13:36:24,42792.60,125,448625
20221116,13:36:35,42782.10,100,448625
20221116,13:37:10,42792.60,125,448625
20221116,13:38:05,42792.60,25,448625
20221116,13:38:08,42796.40,25,448625
20221116,13:38:15,42798.00,25,448625
20221116,13:38:18,42800.00,100,448625
20221116,13:38:20,42802.60,150,448625
20221116,13:38:21,42802.55,75,448625
20221116,13:38:23,42798.15,100,448625
20221116,13:38:25,42796.30,25,448625
20221116,13:38:26,42804.95,25,448625
20221116,13:38:43,42800.80,25,448625
20221116,13:38:52,42800.65,25,448625
20221116,13:38:56,42794.05,75,448625
20221116,13:38:57,42786.10,25,448625
20221116,13:39:10,42798.35,25,448625
20221116,13:39:15,42800.80,25,448625
20221116,13:39:18,42800.45,175,448625
20221116,13:39:20,42806.55,200,448625
20221116,13:39:22,42822.00,600,448625
20221116,13:39:23,42824.00,100,448625
20221116,13:39:25,42825.00,25,449600
20221116,13:39:33,42825.00,25,449600
20221116,13:39:36,42825.00,25,449600
20221116,13:39:40,42825.00,50,449600
20221116,13:39:43,42821.65,25,449600
20221116,13:39:45,42828.50,25,449600
20221116,13:39:50,42828.50,150,449600
20221116,13:39:54,42822.00,50,449600
20221116,13:40:02,42821.30,75,449600
20221116,13:40:07,42830.00,100,449600
20221116,13:40:09,42830.00,25,449600
20221116,13:40:11,42830.00,25,449600
20221116,13:40:14,42830.00,25,449600
20221116,13:40:16,42828.00,25,449600
20221116,13:40:28,42826.10,25,449600
20221116,13:40:31,42830.00,25,449600
20221116,13:40:33,42828.00,25,449600
20221116,13:40:36,42833.00,50,449600
20221116,13:40:44,42833.00,25,449600
20221116,13:40:51,42825.35,25,449600
20221116,13:40:59,42825.10,25,449600
20221116,13:41:02,42825.00,50,449600
20221116,13:41:05,42828.00,25,449600
20221116,13:41:10,42825.10,25,449600
20221116,13:41:15,42828.55,25,449600
20221116,13:41:17,42830.00,25,449600
20221116,13:41:20,42826.20,125,449600
20221116,13:41:25,42832.00,50,449600
20221116,13:41:30,42829.15,50,449600
20221116,13:41:32,42832.00,25,449600
20221116,13:41:33,42832.00,25,449600
20221116,13:41:38,42826.20,25,449600
20221116,13:41:43,42832.85,25,449600
20221116,13:41:46,42826.45,25,449600
20221116,13:41:57,42826.55,50,449600
20221116,13:42:07,42831.00,100,449600
20221116,13:42:10,42828.40,25,449600
20221116,13:42:16,42831.00,25,449600
20221116,13:42:18,42834.90,175,449600
20221116,13:42:21,42834.90,75,449600
20221116,13:42:24,42834.90,25,450575
20221116,13:42:26,42833.95,25,450575
20221116,13:42:31,42835.00,25,450575
20221116,13:42:32,42835.00,50,450575
20221116,13:42:34,42837.65,225,450575
20221116,13:42:36,42837.85,75,450575
20221116,13:42:39,42837.85,25,450575
20221116,13:42:40,42835.00,50,450575
20221116,13:42:45,42836.50,100,450575
20221116,13:42:52,42832.10,25,450575
20221116,13:42:53,42828.00,450,450575
20221116,13:42:55,42834.90,250,450575
20221116,13:42:56,42834.95,150,450575
20221116,13:42:58,42830.80,275,450575
20221116,13:43:03,42830.60,25,450575
20221116,13:43:12,42833.85,25,450575
20221116,13:43:15,42833.90,50,450575
20221116,13:43:21,42831.35,25,450575
20221116,13:43:23,42826.45,150,450575
20221116,13:43:24,42826.45,25,450575
20221116,13:43:29,42827.55,25,450575
20221116,13:43:31,42825.05,50,450575
20221116,13:43:39,42825.00,50,450575
20221116,13:43:50,42818.00,25,450575
20221116,13:44:00,42824.00,100,450575
20221116,13:44:01,42819.25,50,450575
20221116,13:44:16,42818.00,100,450575
20221116,13:44:19,42815.40,25,450575
20221116,13:44:24,42820.60,25,450575
20221116,13:44:26,42825.05,75,450575
20221116,13:44:32,42830.00,75,450575
20221116,13:44:34,42832.00,400,450575
20221116,13:44:36,42838.00,25,450575
20221116,13:44:37,42844.00,425,450575
20221116,13:44:39,42845.90,75,450575
20221116,13:44:41,42847.35,100,450575
20221116,13:44:42,42847.35,25,450575
20221116,13:44:46,42842.40,50,450575
20221116,13:44:52,42847.30,50,450575
20221116,13:44:55,42844.65,25,450575
20221116,13:45:10,42844.70,25,450575
20221116,13:45:12,42844.70,50,450575
20221116,13:45:14,42844.65,50,450575
20221116,13:45:17,42842.40,25,450575
20221116,13:45:20,42840.00,75,450575
20221116,13:45:22,42829.50,75,450575
20221116,13:45:25,42829.55,25,452175
20221116,13:45:35,42833.45,25,452175
20221116,13:45:36,42838.55,50,452175
20221116,13:45:43,42829.50,25,452175
20221116,13:45:55,42829.50,25,452175
20221116,13:46:06,42830.05,25,452175
20221116,13:46:10,42836.80,125,452175
20221116,13:46:11,42845.00,450,452175
20221116,13:46:13,42844.75,50,452175
20221116,13:46:14,42846.30,75,452175
20221116,13:46:18,42842.10,50,452175
20221116,13:46:26,42840.55,25,452175
20221116,13:46:38,42843.45,50,452175
20221116,13:46:40,42840.55,25,452175
20221116,13:46:43,42834.10,400,452175
20221116,13:46:53,42830.00,300,452175
20221116,13:46:55,42836.35,50,452175
20221116,13:47:04,42838.00,400,452175
20221116,13:47:06,42839.20,25,452175
20221116,13:47:43,42837.85,25,452175
20221116,13:47:46,42835.00,125,452175
20221116,13:47:48,42832.15,25,452175
20221116,13:48:01,42833.20,25,452175
20221116,13:48:12,42835.00,25,452175
20221116,13:48:20,42832.00,50,452175
20221116,13:48:27,42830.00,225,453000
20221116,13:48:38,42830.00,25,453000
20221116,13:48:41,42825.25,25,453000
20221116,13:48:49,42829.05,25,453000
20221116,13:48:53,42830.00,50,453000
20221116,13:48:58,42829.00,25,453000
20221116,13:48:59,42830.00,50,453000
20221116,13:49:06,42827.00,50,453000
20221116,13:49:24,42830.30,100,453000
20221116,13:49:27,42839.15,50,453000
20221116,13:49:30,42831.70,25,453000
20221116,13:49:33,42830.05,25,453000
20221116,13:49:44,42840.00,50,453000
20221116,13:49:51,42838.20,75,453000
20221116,13:49:53,42843.15,25,453000
20221116,13:49:54,42848.55,225,453000
20221116,13:49:56,42848.55,75,453000
20221116,13:50:04,42850.00,300,453000
20221116,13:50:06,42850.00,125,453000
20221116,13:50:07,42850.00,50,453000
20221116,13:50:09,42850.00,150,453000
20221116,13:50:26,42850.00,25,453000
20221116,13:50:27,42848.05,25,453000
20221116,13:50:29,42850.00,25,453000
20221116,13:50:30,42850.00,50,453000
20221116,13:50:32,42845.55,50,453000
20221116,13:50:45,42840.15,650,453000
20221116,13:50:57,42845.55,175,453000
20221116,13:50:58,42846.00,25,453000
20221116,13:51:00,42845.95,100,453000
20221116,13:51:02,42842.10,25,453000
20221116,13:51:03,42849.00,50,453000
20221116,13:51:07,42845.50,75,453000
20221116,13:51:15,42840.20,50,453000
20221116,13:51:16,42849.85,350,453000
20221116,13:51:18,42844.45,1000,453000
20221116,13:51:21,42845.00,25,453000
20221116,13:51:28,42846.00,200,454325
20221116,13:51:29,42845.45,150,454325
20221116,13:51:31,42846.60,125,454325
20221116,13:51:39,42845.00,25,454325
20221116,13:51:42,42840.15,25,454325
20221116,13:51:48,42844.95,25,454325
20221116,13:51:56,42846.00,75,454325
20221116,13:52:01,42846.50,50,454325
20221116,13:52:02,42850.00,50,454325
20221116,13:52:07,42842.75,100,454325
20221116,13:52:09,42846.00,25,454325
20221116,13:52:18,42845.20,25,454325
20221116,13:52:24,42845.65,25,454325
20221116,13:52:25,42846.20,25,454325
20221116,13:52:32,42846.20,25,454325
20221116,13:52:38,42846.20,100,454325
20221116,13:52:44,42847.90,250,454325
20221116,13:52:54,42847.60,75,454325
20221116,13:52:57,42847.00,75,454325
20221116,13:53:02,42847.00,25,454325
20221116,13:53:08,42840.05,25,454325
20221116,13:53:22,42840.05,25,454325
20221116,13:53:24,42844.10,50,454325
20221116,13:53:25,42840.05,25,454325
20221116,13:53:27,42840.00,25,454325
20221116,13:53:30,42840.00,400,454325
20221116,13:53:32,42840.00,75,454325
20221116,13:53:37,42840.40,25,454325
20221116,13:53:48,42837.45,25,454325
20221116,13:53:51,42836.70,50,454325
20221116,13:53:56,42840.00,25,454325
20221116,13:54:05,42844.95,75,454325
20221116,13:54:08,42836.65,25,454325
20221116,13:54:15,42840.00,25,454325
20221116,13:54:24,42842.95,25,454325
20221116,13:54:34,42842.95,25,455700
20221116,13:54:35,42847.00,50,455700
20221116,13:54:40,42847.10,25,455700
20221116,13:54:45,42843.05,25,455700
20221116,13:54:47,42843.00,25,455700
20221116,13:54:50,42843.00,25,455700
20221116,13:54:53,42843.60,25,455700
20221116,13:55:00,42842.65,700,455700
20221116,13:55:29,42835.10,25,455700
20221116,13:55:42,42838.70,50,455700
20221116,13:55:51,42841.00,100,455700
20221116,13:56:04,42840.00,75,455700
20221116,13:56:13,42841.00,25,455700
20221116,13:56:27,42841.00,25,455700
20221116,13:56:52,42838.80,25,455700
20221116,13:56:57,42839.05,25,455700
20221116,13:57:01,42835.05,75,455700
20221116,13:57:10,42831.75,25,455700
20221116,13:57:28,42837.00,25,456525
20221116,13:57:29,42837.00,25,456525
20221116,13:57:34,42836.95,100,456525
20221116,13:57:39,42837.00,50,456525
20221116,13:57:59,42830.10,75,456525
20221116,13:58:00,42835.00,25,456525
20221116,13:58:03,42840.65,50,456525
20221116,13:58:07,42838.00,25,456525
20221116,13:58:11,42838.00,25,456525
20221116,13:58:21,42836.65,325,456525
20221116,13:58:33,42835.00,100,456525
20221116,13:58:34,42835.95,50,456525
20221116,13:59:19,42835.00,25,456525
20221116,13:59:20,42835.95,50,456525
20221116,13:59:25,42831.55,25,456525
20221116,13:59:38,42826.50,50,456525
20221116,13:59:50,42826.75,25,456525
20221116,13:59:56,42832.00,300,456525
20221116,14:00:01,42830.70,25,456525
20221116,14:00:04,42831.80,200,456525
20221116,14:00:06,42832.45,25,456525
20221116,14:00:11,42832.80,50,456525
20221116,14:00:17,42827.15,50,456525
20221116,14:00:28,42827.15,100,456800
20221116,14:00:30,42827.25,250,456800
20221116,14:00:32,42826.50,25,456800
20221116,14:00:33,42826.55,325,456800
20221116,14:00:35,42827.20,25,456800
20221116,14:00:36,42827.10,25,456800
20221116,14:00:38,42832.00,50,456800
20221116,14:00:41,42832.00,25,456800
20221116,14:00:46,42827.45,75,456800
20221116,14:00:54,42830.80,25,456800
20221116,14:01:00,42827.00,100,456800
20221116,14:01:02,42831.85,75,456800
20221116,14:01:03,42832.55,100,456800
20221116,14:01:08,42831.85,150,456800
20221116,14:01:10,42831.85,150,456800
20221116,14:01:15,42825.10,25,456800
20221116,14:01:26,42835.75,25,456800
20221116,14:01:57,42825.45,75,456800
20221116,14:02:32,42830.00,25,456800
20221116,14:02:35,42837.25,75,456800
20221116,14:02:46,42833.05,50,456800
20221116,14:03:04,42837.75,25,456800
20221116,14:03:17,42834.80,25,456800
20221116,14:03:30,42835.00,25,457325
20221116,14:03:41,42833.05,25,457325
20221116,14:03:43,42832.10,25,457325
20221116,14:03:51,42832.10,25,457325
20221116,14:04:07,42820.00,375,457325
20221116,14:04:09,42822.10,25,457325
20221116,14:04:14,42821.05,25,457325
20221116,14:04:26,42822.55,25,457325
20221116,14:04:40,42826.05,25,457325
20221116,14:04:48,42821.00,175,457325
20221116,14:04:56,42818.65,100,457325
20221116,14:05:01,42817.30,25,457325
20221116,14:05:08,42811.10,125,457325
20221116,14:05:09,42810.00,50,457325
20221116,14:05:13,42810.00,25,457325
20221116,14:05:24,42810.00,25,457325
20221116,14:05:25,42810.00,175,457325
20221116,14:05:38,42810.20,25,457325
20221116,14:05:43,42812.00,25,457325
20221116,14:05:51,42815.00,50,457325
20221116,14:05:57,42814.20,50,457325
20221116,14:05:58,42815.25,50,457325
20221116,14:06:00,42813.15,75,457325
20221116,14:06:01,42812.00,300,457325
20221116,14:06:03,42810.25,50,457325
20221116,14:06:10,42789.00,1025,457325
20221116,14:06:15,42795.60,50,457325
20221116,14:06:18,42797.80,25,457325
20221116,14:06:20,42794.10,25,457325
20221116,14:06:27,42785.15,50,457325
20221116,14:06:28,42785.05,50,457325
20221116,14:06:32,42786.00,25,458125
20221116,14:06:35,42786.90,50,458125
20221116,14:06:38,42791.80,125,458125
20221116,14:06:40,42790.95,25,458125
20221116,14:06:45,42792.05,75,458125
20221116,14:06:48,42794.35,25,458125
20221116,14:06:55,42797.35,50,458125
20221116,14:07:09,42791.90,50,458125
20221116,14:07:14,42798.55,100,458125
20221116,14:07:26,42791.95,50,458125
20221116,14:07:37,42792.05,25,458125
20221116,14:07:48,42793.25,125,458125
20221116,14:08:06,42786.90,75,458125
20221116,14:08:11,42781.00,75,458125
20221116,14:08:18,42780.00,100,458125
20221116,14:08:19,42780.35,50,458125
20221116,14:08:21,42780.40,50,458125
20221116,14:08:24,42777.00,25,458125
20221116,14:08:26,42777.00,25,458125
20221116,14:08:29,42777.00,25,458125
20221116,14:08:37,42780.00,75,458125
20221116,14:08:48,42777.05,25,458125
20221116,14:08:53,42779.50,50,458125
20221116,14:09:09,42780.50,25,458125
20221116,14:09:15,42783.45,75,458125
20221116,14:09:17,42789.15,25,458125
20221116,14:09:18,42789.65,25,458125
20221116,14:09:20,42789.05,25,458125
20221116,14:09:22,42789.05,25,458125
20221116,14:09:26,42788.15,25,458125
20221116,14:09:30,42787.05,25,458125
