20221116,09:15:07,42840.05,1,60250
20221116,09:15:07,42840.00,50,60250
20221116,09:15:10,42850.65,25,60250
20221116,09:15:12,42865.90,25,60250
20221116,09:15:17,42865.90,25,60250
20221116,09:15:18,42861.90,100,60250
20221116,09:15:20,42865.00,175,60250
20221116,09:15:21,42868.25,25,60250
20221116,09:15:27,42868.25,25,60250
20221116,09:15:30,42876.60,25,60250
20221116,09:15:35,42881.85,125,60250
20221116,09:15:41,42895.35,25,60250
20221116,09:15:43,42895.35,125,60250
20221116,09:15:47,42896.25,250,60250
20221116,09:15:52,42888.20,25,60250
20221116,09:15:53,42880.00,75,60250
20221116,09:15:55,42880.00,25,60250
20221116,09:15:57,42870.15,25,60250
20221116,09:16:03,42869.45,25,60250
20221116,09:16:05,42870.10,75,60250
20221116,09:16:06,42870.15,50,60250
20221116,09:16:12,42870.15,50,60250
20221116,09:16:18,42865.90,50,60250
20221116,09:16:23,42861.30,25,60250
20221116,09:16:28,42852.05,100,60250
20221116,09:16:29,42852.00,100,60250
20221116,09:16:31,42850.00,50,60250
20221116,09:16:39,42846.60,25,60250
20221116,09:16:42,42850.00,25,60250
20221116,09:16:43,42846.65,25,60250
20221116,09:16:53,42828.25,25,60250
20221116,09:16:59,42828.25,75,60250
20221116,09:17:04,42809.80,150,60250
20221116,09:17:06,42811.70,25,60250
20221116,09:17:07,42785.15,650,60250
20221116,09:17:33,42813.25,25,60400
20221116,09:17:34,42810.00,25,60400
20221116,09:17:42,42808.55,25,60400
20221116,09:17:50,42820.00,25,60400
20221116,09:18:08,42825.00,25,60400
20221116,09:18:10,42843.00,75,60400
20221116,09:18:11,42831.45,50,60400
20221116,09:18:19,42835.00,50,60400
20221116,09:18:23,42824.00,25,60400
20221116,09:18:27,42833.45,25,60400
20221116,09:18:42,42835.00,100,60400
20221116,09:18:53,42835.00,25,60400
20221116,09:19:02,42841.20,25,60400
20221116,09:19:03,42841.20,50,60400
20221116,09:19:08,42845.90,25,60400
20221116,09:19:20,42836.30,100,60400
20221116,09:19:31,42838.15,25,60400
20221116,09:19:34,42844.95,50,60400
20221116,09:19:39,42844.85,50,60400
20221116,09:19:47,42844.85,25,60400
20221116,09:19:56,42844.15,25,60400
20221116,09:20:03,42840.00,25,60400
20221116,09:20:09,42854.45,75,60400
20221116,09:20:11,42853.10,25,60400
20221116,09:20:19,42844.00,25,60400
20221116,09:20:24,42853.10,25,60400
20221116,09:20:27,42843.00,25,60900
20221116,09:20:32,42855.00,25,60900
20221116,09:20:41,42859.95,25,60900
20221116,09:20:49,42848.70,25,60900
20221116,09:20:52,42848.80,25,60900
20221116,09:21:01,42848.80,50,60900
20221116,09:21:10,42842.40,25,60900
20221116,09:21:55,42820.95,50,60900
20221116,09:22:09,42820.95,75,60900
20221116,09:22:11,42820.00,175,60900
20221116,09:22:13,42821.00,25,60900
20221116,09:22:41,42821.00,50,60900
20221116,09:22:46,42818.25,25,60900
20221116,09:22:54,42820.75,25,60900
20221116,09:23:06,42812.45,75,60900
20221116,09:23:14,42821.00,75,60900
20221116,09:23:15,42821.00,150,60900
20221116,09:23:17,42834.60,25,60900
20221116,09:23:32,42831.10,25,61050
20221116,09:23:49,42830.30,25,61050
20221116,09:24:02,42834.55,25,61050
20221116,09:24:12,42834.60,25,61050
20221116,09:24:18,42835.00,25,61050
20221116,09:24:21,42842.40,25,61050
20221116,09:24:23,42847.85,25,61050
20221116,09:24:31,42836.45,25,61050
20221116,09:24:35,42837.65,50,61050
20221116,09:24:36,42838.55,75,61050
20221116,09:24:41,42834.60,25,61050
20221116,09:24:56,42835.15,50,61050
20221116,09:25:14,42835.00,25,61050
20221116,09:26:00,42819.50,25,61050
20221116,09:26:05,42823.00,25,61050
20221116,09:26:06,42825.00,25,61050
20221116,09:26:24,42835.00,100,61050
20221116,09:26:26,42832.85,25,61050
20221116,09:26:27,42835.20,75,61050
20221116,09:26:39,42839.00,100,61400
20221116,09:26:55,42836.25,50,61400
20221116,09:26:58,42835.15,25,61400
20221116,09:27:07,42835.15,25,61400
20221116,09:27:27,42834.45,25,61400
20221116,09:27:36,42839.00,25,61400
20221116,09:27:37,42848.65,50,61400
20221116,09:27:52,42841.35,75,61400
20221116,09:27:54,42839.05,50,61400
20221116,09:28:07,42832.55,50,61400
20221116,09:28:25,42844.20,75,61400
20221116,09:28:49,42841.95,25,61400
20221116,09:28:55,42841.95,25,61400
20221116,09:28:57,42841.85,50,61400
20221116,09:29:37,42842.00,100,61975
20221116,09:29:43,42842.00,50,61975
20221116,09:30:04,42849.90,100,61975
20221116,09:30:19,42836.40,25,61975
20221116,09:31:26,42830.00,50,61975
20221116,09:31:45,42825.05,25,61975
20221116,09:31:52,42826.40,25,61975
20221116,09:32:33,42815.45,50,62075
20221116,09:32:47,42818.20,50,62075
20221116,09:32:55,42818.20,25,62075
20221116,09:33:18,42820.00,25,62075
20221116,09:33:25,42823.85,25,62075
20221116,09:33:42,42823.85,25,62075
20221116,09:33:46,42820.40,75,62075
20221116,09:34:00,42820.00,100,62075
20221116,09:34:05,42819.00,125,62075
20221116,09:34:06,42819.00,75,62075
20221116,09:34:08,42818.00,25,62075
20221116,09:34:16,42818.95,100,62075
20221116,09:34:25,42818.55,25,62075
20221116,09:34:52,42806.30,50,62075
20221116,09:35:24,42800.00,50,62075
20221116,09:35:27,42800.00,50,62075
20221116,09:35:40,42809.95,150,62425
20221116,09:35:41,42810.00,25,62425
20221116,09:35:54,42817.95,50,62425
20221116,09:35:56,42819.80,25,62425
20221116,09:36:20,42809.40,225,62425
20221116,09:36:22,42817.95,25,62425
20221116,09:36:27,42817.10,25,62425
20221116,09:36:29,42814.00,25,62425
20221116,09:36:30,42818.00,25,62425
20221116,09:36:37,42818.00,50,62425
20221116,09:36:45,42818.00,25,62425
20221116,09:37:19,42820.00,25,62425
20221116,09:37:23,42818.00,25,62425
20221116,09:38:03,42822.45,250,62425
20221116,09:38:24,42834.40,50,62425
20221116,09:38:26,42840.00,25,62425
20221116,09:38:39,42845.00,100,62725
20221116,09:38:40,42858.00,175,62725
20221116,09:38:42,42851.05,25,62725
20221116,09:38:47,42852.70,75,62725
20221116,09:39:14,42852.70,75,62725
20221116,09:39:19,42852.70,25,62725
20221116,09:39:22,42853.55,25,62725
20221116,09:40:20,42855.00,25,62725
20221116,09:40:21,42862.80,50,62725
20221116,09:40:23,42862.75,25,62725
20221116,09:40:33,42899.05,225,62725
20221116,09:40:51,42899.05,25,62725
20221116,09:41:03,42891.05,25,62725
20221116,09:41:08,42900.05,525,62725
20221116,09:41:13,42900.05,25,62725
20221116,09:41:34,42879.80,25,63250
20221116,09:41:36,42875.05,25,63250
20221116,09:41:43,42875.05,50,63250
20221116,09:41:48,42875.20,25,63250
20221116,09:42:01,42875.00,25,63250
20221116,09:42:24,42861.50,25,63250
20221116,09:42:49,42851.20,25,63250
20221116,09:43:09,42837.25,75,63250
20221116,09:43:35,42830.70,25,63250
20221116,09:43:42,42836.40,50,63250
20221116,09:43:45,42836.40,25,63250
20221116,09:43:47,42836.40,25,63250
20221116,09:44:05,42840.00,25,63250
20221116,09:44:12,42839.80,25,63250
20221116,09:44:24,42831.00,25,63250
20221116,09:44:32,42830.00,25,63450
20221116,09:44:52,42825.00,25,63450
20221116,09:45:20,42820.00,25,63450
20221116,09:45:23,42820.00,25,63450
20221116,09:45:43,42820.00,25,63450
20221116,09:47:23,42822.00,25,63450
20221116,09:47:26,42820.00,50,63450
20221116,09:47:34,42815.00,25,63500
20221116,09:47:36,42808.50,25,63500
20221116,09:48:32,42809.75,50,63500
20221116,09:48:41,42820.05,25,63500
20221116,09:48:54,42814.40,50,63500
20221116,09:49:26,42808.70,50,63500
20221116,09:49:44,42817.70,25,63500
20221116,09:49:54,42809.05,25,63500
20221116,09:50:07,42815.00,25,63500
20221116,09:50:10,42813.50,50,63500
20221116,09:50:23,42821.15,50,63500
20221116,09:50:32,42824.60,200,63750
20221116,09:50:43,42820.25,25,63750
20221116,09:52:10,42822.15,50,63750
20221116,09:52:19,42836.25,25,63750
20221116,09:52:43,42830.60,25,63750
20221116,09:53:00,42830.10,25,63750
20221116,09:53:06,42838.10,100,63750
20221116,09:53:10,42842.20,25,63750
20221116,09:53:11,42841.25,75,63750
20221116,09:53:13,42840.55,50,63750
20221116,09:53:14,42840.55,25,63750
20221116,09:53:18,42850.00,25,63750
20221116,09:53:39,42844.00,25,64125
20221116,09:53:44,42844.80,125,64125
20221116,09:53:46,42853.25,25,64125
20221116,09:54:00,42843.05,25,64125
20221116,09:54:02,42845.20,25,64125
20221116,09:54:04,42851.05,50,64125
20221116,09:54:20,42860.30,75,64125
20221116,09:54:40,42859.40,725,64125
20221116,09:54:50,42861.60,25,64125
20221116,09:55:13,42862.10,25,64125
20221116,09:55:17,42865.25,50,64125
20221116,09:55:20,42868.80,25,64125
20221116,09:55:45,42860.75,25,64125
20221116,09:56:24,42859.15,50,64125
20221116,09:56:27,42860.65,50,64125
20221116,09:56:28,42860.70,50,64125
20221116,09:56:38,42860.75,50,64325
20221116,09:56:41,42860.75,50,64325
20221116,09:57:20,42860.75,75,64325
20221116,09:57:22,42860.70,25,64325
20221116,09:57:24,42860.25,100,64325
20221116,09:57:33,42860.75,100,64325
20221116,09:58:00,42868.55,25,64325
20221116,09:58:24,42870.00,25,64325
20221116,09:58:25,42876.40,50,64325
20221116,09:58:40,42876.40,25,64325
20221116,09:59:12,42878.35,25,64325
20221116,09:59:55,42865.00,50,64325
20221116,10:00:41,42860.85,25,64325
20221116,10:00:43,42866.10,25,64325
20221116,10:00:46,42871.25,100,64325
20221116,10:00:57,42874.40,25,64325
20221116,10:00:59,42880.85,125,64325
20221116,10:01:06,42888.00,25,64325
20221116,10:01:09,42891.95,75,64325
20221116,10:01:33,42891.95,25,64325
20221116,10:01:38,42885.25,75,64325
20221116,10:01:43,42890.95,75,64325
20221116,10:01:52,42886.60,25,64325
20221116,10:02:06,42865.45,25,64325
20221116,10:03:23,42868.55,25,64800
20221116,10:03:30,42868.55,25,64800
20221116,10:03:38,42876.00,50,64800
20221116,10:04:22,42875.00,25,64800
20221116,10:04:24,42885.40,25,64800
20221116,10:05:04,42880.00,25,64800
20221116,10:05:13,42887.90,50,64800
20221116,10:05:18,42884.45,50,64800
20221116,10:05:19,42886.20,50,64800
20221116,10:05:21,42890.85,25,64800
20221116,10:05:23,42890.60,25,64800
20221116,10:05:24,42893.00,25,64800
20221116,10:05:28,42895.00,350,64800
20221116,10:05:29,42895.00,300,64800
20221116,10:05:31,42895.00,225,64800
20221116,10:05:34,42895.00,50,64800
20221116,10:06:05,42900.00,100,65750
20221116,10:06:09,42903.75,25,65750
20221116,10:06:10,42905.95,25,65750
20221116,10:06:23,42908.35,25,65750
20221116,10:06:25,42914.40,25,65750
20221116,10:06:26,42914.40,75,65750
20221116,10:06:28,42903.35,25,65750
20221116,10:06:30,42910.00,100,65750
20221116,10:06:31,42910.00,100,65750
20221116,10:06:39,42908.00,25,65750
20221116,10:07:00,42905.10,25,65750
20221116,10:07:03,42902.10,50,65750
20221116,10:07:24,42905.00,25,65750
20221116,10:07:44,42903.10,25,65750
20221116,10:07:59,42905.95,25,65750
20221116,10:08:07,42910.10,50,65750
20221116,10:08:08,42914.00,100,65750
20221116,10:08:12,42920.00,25,65750
20221116,10:08:13,42920.00,25,65750
20221116,10:08:40,42914.15,75,66125
20221116,10:08:41,42920.10,25,66125
20221116,10:08:43,42922.30,25,66125
20221116,10:08:45,42925.45,100,66125
20221116,10:08:46,42915.05,250,66125
20221116,10:08:56,42920.00,25,66125
20221116,10:09:04,42925.95,25,66125
20221116,10:09:13,42925.95,25,66125
20221116,10:09:16,42925.00,850,66125
20221116,10:09:24,42924.60,200,66125
20221116,10:09:34,42920.00,25,66125
20221116,10:09:40,42920.20,25,66125
20221116,10:09:55,42928.00,900,66125
20221116,10:10:20,42928.00,25,66125
20221116,10:10:33,42903.75,25,66125
20221116,10:10:46,42910.00,25,66125
20221116,10:10:49,42910.05,25,66125
20221116,10:11:03,42910.05,25,66125
20221116,10:11:07,42915.35,25,66125
20221116,10:11:09,42916.00,175,66125
20221116,10:11:14,42917.90,225,66125
20221116,10:11:33,42914.25,25,66125
20221116,10:11:35,42915.00,25,66125
20221116,10:12:03,42915.00,25,68100
20221116,10:12:05,42915.00,50,68100
20221116,10:12:08,42915.00,175,68100
20221116,10:12:14,42915.05,25,68100
20221116,10:12:21,42923.25,75,68100
20221116,10:12:27,42928.00,25,68100
20221116,10:12:29,42930.00,100,68100
20221116,10:12:47,42930.00,250,68100
20221116,10:12:49,42930.00,50,68100
20221116,10:13:00,42920.00,25,68100
20221116,10:13:14,42926.30,50,68100
20221116,10:13:41,42918.80,25,68100
20221116,10:14:05,42929.00,50,68100
20221116,10:14:07,42929.00,25,68100
20221116,10:14:08,42930.00,25,68100
20221116,10:14:10,42933.00,25,68100
20221116,10:14:32,42933.00,25,68100
20221116,10:14:47,42926.65,25,68400
20221116,10:14:51,42935.05,25,68400
20221116,10:15:05,42935.05,25,68400
20221116,10:15:52,42935.05,25,68400
20221116,10:16:02,42939.85,25,68400
20221116,10:16:28,42939.85,25,68400
20221116,10:16:44,42931.35,25,68400
20221116,10:16:49,42941.10,100,68400
20221116,10:17:19,42941.10,25,68400
20221116,10:17:21,42947.20,25,68400
20221116,10:18:22,42947.20,25,68450
20221116,10:18:31,42943.60,25,68450
20221116,10:18:36,42938.25,25,68450
20221116,10:19:15,42930.00,25,68450
20221116,10:19:28,42930.00,25,68450
20221116,10:19:30,42930.00,25,68450
20221116,10:19:38,42925.00,25,68450
20221116,10:19:55,42928.35,50,68450
20221116,10:19:58,42920.05,25,68450
20221116,10:20:05,42920.00,25,68450
20221116,10:20:36,42908.25,50,68450
20221116,10:20:46,42907.65,25,68575
20221116,10:20:58,42902.80,25,68575
20221116,10:21:14,42905.20,25,68575
20221116,10:21:25,42906.70,25,68575
20221116,10:22:02,42906.70,50,68575
20221116,10:22:24,42902.30,100,68575
20221116,10:22:49,42901.95,25,68575
20221116,10:22:56,42912.00,25,68575
20221116,10:22:58,42913.35,25,68575
20221116,10:23:10,42920.00,25,68575
20221116,10:23:27,42924.35,50,68575
20221116,10:23:39,42926.90,25,68600
20221116,10:23:44,42927.25,50,68600
20221116,10:23:49,42940.00,75,68600
20221116,10:23:52,42949.00,200,68600
20221116,10:23:55,42950.00,125,68600
20221116,10:24:14,42950.00,50,68600
20221116,10:24:15,42952.00,25,68600
20221116,10:24:19,42954.00,25,68600
20221116,10:24:27,42954.00,75,68600
20221116,10:24:40,42955.00,25,68600
20221116,10:24:43,42955.00,25,68600
20221116,10:24:45,42958.90,75,68600
20221116,10:24:46,42958.90,75,68600
20221116,10:24:55,42950.00,50,68600
20221116,10:25:05,42948.25,50,68600
20221116,10:25:15,42944.30,25,68600
20221116,10:25:51,42939.85,125,68600
20221116,10:26:17,42927.50,25,68600
20221116,10:26:27,42944.15,75,68600
20221116,10:26:45,42925.45,25,68850
20221116,10:26:58,42924.15,25,68850
20221116,10:27:01,42925.40,25,68850
20221116,10:27:28,42923.50,50,68850
20221116,10:27:39,42933.95,25,68850
20221116,10:28:18,42935.00,25,68850
20221116,10:28:20,42939.55,25,68850
20221116,10:28:44,42939.50,25,68850
20221116,10:29:37,42930.90,25,68850
20221116,10:30:40,42919.20,25,68900
20221116,10:30:57,42930.00,25,68900
20221116,10:30:58,42930.90,25,68900
20221116,10:31:13,42933.15,25,68900
20221116,10:31:16,42939.55,50,68900
20221116,10:31:44,42940.00,25,68900
20221116,10:31:50,42937.75,50,68900
20221116,10:32:13,42933.15,25,68900
20221116,10:32:39,42921.00,25,68900
20221116,10:33:15,42913.10,25,68900
20221116,10:33:38,42917.20,25,68900
20221116,10:35:02,42935.60,25,68900
20221116,10:35:26,42925.10,25,68900
20221116,10:36:10,42925.00,25,68875
20221116,10:36:37,42931.95,50,68875
20221116,10:37:33,42943.25,25,68875
20221116,10:37:34,42946.00,50,68875
20221116,10:37:47,42946.00,25,68875
20221116,10:39:01,42946.00,100,68975
20221116,10:39:19,42946.00,25,68975
20221116,10:39:40,42948.95,25,68975
20221116,10:40:00,42949.00,25,68975
20221116,10:40:02,42959.95,75,68975
20221116,10:40:08,42959.95,75,68975
20221116,10:40:12,42960.00,50,68975
20221116,10:40:13,42960.25,50,68975
20221116,10:41:30,42963.95,25,68975
20221116,10:41:48,42963.95,25,68975
20221116,10:42:51,42955.05,25,68925
20221116,10:42:54,42955.00,25,68925
20221116,10:42:57,42955.05,25,68925
20221116,10:43:17,42955.00,50,68925
20221116,10:43:22,42955.00,25,68925
20221116,10:43:24,42955.00,50,68925
20221116,10:43:45,42954.85,25,68925
20221116,10:43:50,42952.70,25,68925
20221116,10:44:45,42940.00,50,69100
20221116,10:45:12,42945.95,50,69100
20221116,10:45:27,42950.00,25,69100
20221116,10:45:53,42950.00,50,69100
20221116,10:46:15,42954.90,50,69100
20221116,10:46:23,42954.30,25,69100
20221116,10:46:49,42950.00,25,69100
20221116,10:46:57,42942.15,25,69100
20221116,10:47:59,42944.40,25,69175
20221116,10:48:52,42942.20,25,69175
20221116,10:49:26,42942.15,25,69175
20221116,10:49:29,42937.05,25,69175
20221116,10:49:53,42946.10,25,69175
20221116,10:50:35,42938.90,25,69175
20221116,10:50:40,42950.00,50,69175
20221116,10:50:56,42950.00,25,69150
20221116,10:51:16,42952.45,50,69150
20221116,10:51:27,42960.00,25,69150
20221116,10:51:37,42965.00,25,69150
20221116,10:51:39,42965.00,25,69150
20221116,10:51:42,42965.25,50,69150
20221116,10:51:48,42966.00,25,69150
20221116,10:51:55,42966.00,50,69150
20221116,10:51:57,42961.20,100,69150
20221116,10:51:58,42961.20,25,69150
20221116,10:52:06,42963.65,25,69150
20221116,10:52:08,42965.15,50,69150
20221116,10:52:31,42957.90,25,69150
20221116,10:52:56,42963.30,25,69150
20221116,10:53:03,42953.90,25,69150
20221116,10:53:41,42960.05,25,69150
20221116,10:53:51,42960.40,25,69475
20221116,10:55:32,42965.00,25,69475
20221116,10:55:44,42965.00,75,69475
20221116,10:55:52,42966.00,25,69475
20221116,10:56:45,42958.75,25,69575
20221116,10:56:47,42959.25,25,69575
20221116,10:56:52,42961.40,25,69575
20221116,10:57:07,42956.35,25,69575
20221116,10:57:15,42956.00,25,69575
20221116,10:57:54,42959.85,25,69575
20221116,10:58:02,42962.25,25,69575
20221116,10:58:10,42968.00,75,69575
20221116,10:58:17,42968.00,125,69575
20221116,10:58:18,42967.20,150,69575
20221116,10:58:22,42970.00,25,69575
20221116,10:59:10,42970.00,25,69575
20221116,10:59:32,42969.85,25,69575
20221116,10:59:51,42963.35,25,69950
20221116,11:00:00,42963.35,25,69950
20221116,11:00:05,42969.95,25,69950
20221116,11:01:36,42960.50,25,69950
20221116,11:02:09,42966.30,25,69950
20221116,11:02:38,42966.00,100,69950
20221116,11:02:48,42963.50,25,70100
20221116,11:04:16,42960.00,25,70100
20221116,11:05:25,42950.00,25,70100
20221116,11:05:27,42950.00,25,70100
20221116,11:05:33,42945.40,50,70100
20221116,11:05:46,42944.80,25,70200
20221116,11:05:59,42944.85,25,70200
20221116,11:06:15,42945.45,125,70200
20221116,11:06:28,42950.15,25,70200
20221116,11:07:30,42946.75,25,70200
20221116,11:07:31,42950.00,100,70200
20221116,11:08:27,42946.40,25,70200
20221116,11:08:54,42945.00,25,70075
20221116,11:09:24,42932.90,25,70075
20221116,11:10:19,42940.05,25,70075
20221116,11:11:37,42930.00,25,70075
20221116,11:12:09,42931.45,25,70100
20221116,11:12:53,42940.00,25,70100
20221116,11:13:24,42944.00,25,70100
20221116,11:14:15,42930.00,25,70100
20221116,11:14:52,42931.55,25,70075
20221116,11:15:39,42932.55,25,70075
20221116,11:16:55,42949.95,25,70075
20221116,11:17:14,42950.00,25,70075
20221116,11:17:23,42958.05,25,70075
20221116,11:19:55,42960.00,25,70025
20221116,11:22:27,42956.00,25,70025
20221116,11:22:46,42950.00,25,70025
20221116,11:22:49,42954.05,50,70025
20221116,11:22:53,42945.55,25,70025
20221116,11:23:49,42947.80,25,70075
20221116,11:23:56,42947.85,25,70075
20221116,11:24:02,42951.00,50,70075
20221116,11:25:16,42948.15,25,70075
20221116,11:27:49,42947.00,50,70075
20221116,11:28:00,42948.15,25,70150
20221116,11:29:00,42960.00,25,70150
20221116,11:29:16,42952.40,25,70150
20221116,11:30:00,42955.00,25,70150
20221116,11:30:47,42947.45,50,70150
20221116,11:33:06,42973.50,150,70150
20221116,11:33:08,42979.75,25,70175
20221116,11:33:09,42979.75,50,70175
20221116,11:33:14,42974.40,75,70175
20221116,11:33:19,42980.05,50,70175
20221116,11:33:21,42984.00,225,70175
20221116,11:33:34,42985.15,150,70175
20221116,11:33:36,42984.00,25,70175
20221116,11:34:38,42982.35,100,70175
20221116,11:34:39,42982.35,475,70175
20221116,11:34:51,42975.45,100,70175
20221116,11:35:04,42975.35,50,70175
20221116,11:37:25,42966.35,50,71400
20221116,11:37:26,42966.35,50,71400
20221116,11:38:32,42954.35,25,71400
20221116,11:39:51,42955.70,25,71475
20221116,11:40:03,42958.75,25,71475
20221116,11:40:16,42955.00,25,71475
20221116,11:40:40,42950.00,25,71475
20221116,11:41:33,42950.05,50,71475
20221116,11:41:56,42950.00,25,71600
20221116,11:42:07,42949.85,25,71600
20221116,11:42:52,42932.05,25,71600
20221116,11:43:18,42940.00,25,71600
20221116,11:43:20,42942.65,25,71600
20221116,11:43:48,42937.00,25,71600
20221116,11:44:31,42930.00,25,71600
20221116,11:44:38,42930.00,25,71600
20221116,11:44:42,42926.35,25,71600
20221116,11:45:02,42926.00,50,71675
20221116,11:45:19,42926.00,25,71675
20221116,11:45:38,42918.55,25,71675
20221116,11:45:46,42914.40,25,71675
20221116,11:45:59,42920.00,25,71675
20221116,11:46:00,42920.00,25,71675
20221116,11:46:04,42917.45,25,71675
20221116,11:46:38,42927.25,25,71675
20221116,11:46:58,42920.20,25,71675
20221116,11:47:19,42920.00,25,71675
20221116,11:47:24,42920.00,25,71675
20221116,11:47:39,42920.20,25,71675
20221116,11:47:44,42920.00,25,71675
20221116,11:48:04,42931.90,25,71875
20221116,11:49:31,42920.00,25,71875
20221116,11:49:35,42915.00,25,71875
20221116,11:50:31,42924.95,25,71875
20221116,11:50:51,42925.00,50,71875
20221116,11:53:03,42920.00,25,71925
20221116,11:53:48,42920.00,25,71925
20221116,11:54:19,42920.00,25,71925
20221116,11:55:20,42925.00,50,71925
20221116,11:55:59,42925.00,25,71925
20221116,11:56:48,42941.30,25,71925
20221116,11:57:06,42939.65,25,71900
20221116,12:00:31,42926.00,50,71875
20221116,12:00:34,42925.00,25,71875
20221116,12:02:04,42925.00,50,71875
20221116,12:02:51,42920.00,25,71875
20221116,12:03:07,42915.60,50,71875
20221116,12:03:09,42915.00,25,71875
20221116,12:05:07,42908.00,25,71875
20221116,12:05:41,42919.55,50,71875
20221116,12:06:10,42908.00,25,71875
20221116,12:06:33,42900.05,50,71875
20221116,12:06:41,42900.05,25,71875
20221116,12:07:26,42909.00,25,71875
20221116,12:07:41,42910.35,50,71875
20221116,12:08:05,42916.00,25,71875
20221116,12:08:06,42916.00,25,71875
20221116,12:09:27,42902.00,25,71875
20221116,12:09:35,42900.05,25,71875
20221116,12:09:43,42900.00,25,71875
20221116,12:09:44,42900.00,150,71875
20221116,12:09:46,42900.00,50,71875
20221116,12:09:47,42900.00,25,71875
20221116,12:11:00,42898.00,25,71875
20221116,12:14:33,42915.40,50,71875
20221116,12:17:13,42929.00,25,72050
20221116,12:17:33,42929.00,75,72075
20221116,12:18:24,42916.00,25,72150
20221116,12:18:34,42915.00,25,72150
20221116,12:21:16,42915.00,25,72175
20221116,12:22:45,42930.00,25,72175
20221116,12:22:58,42924.25,25,72175
20221116,12:23:21,42921.85,25,72175
20221116,12:24:55,42925.35,25,72200
20221116,12:25:59,42939.95,25,72200
20221116,12:26:27,42936.00,25,72200
20221116,12:27:05,42935.95,75,72150
20221116,12:28:22,42934.95,50,72150
20221116,12:29:09,42934.00,25,72150
20221116,12:29:23,42942.70,75,72150
20221116,12:31:47,42950.00,25,72175
20221116,12:34:36,42967.00,25,72200
20221116,12:34:47,42970.00,75,72200
20221116,12:37:08,42956.90,25,72200
20221116,12:37:22,42956.00,25,72200
20221116,12:37:41,42955.00,25,72200
20221116,12:43:25,42933.70,25,72200
20221116,12:45:02,42955.00,25,72175
20221116,12:45:28,42957.00,25,72175
20221116,12:46:31,42960.05,25,72175
20221116,12:46:37,42957.85,200,72175
20221116,12:49:12,42945.30,25,72325
20221116,12:49:43,42951.00,25,72325
20221116,12:50:18,42930.00,25,72325
20221116,12:52:37,42952.20,75,72350
20221116,12:53:23,42965.35,25,72350
20221116,12:56:21,42964.95,75,72425
20221116,12:57:42,42963.00,25,72350
20221116,12:58:00,42963.95,25,72350
20221116,12:58:27,42960.10,50,72350
20221116,12:59:34,42960.00,25,72350
20221116,12:59:39,42959.95,25,72350
20221116,13:00:19,42954.10,50,72350
20221116,13:03:01,42953.95,150,72350
20221116,13:03:28,42953.95,50,72425
20221116,13:03:49,42953.95,50,72425
20221116,13:03:53,42953.95,25,72425
20221116,13:03:54,42953.95,25,72425
20221116,13:04:22,42956.70,50,72425
20221116,13:05:33,42957.00,25,72425
20221116,13:06:55,42952.80,25,72350
20221116,13:08:53,42950.00,25,72350
20221116,13:10:33,42950.60,50,72375
20221116,13:10:38,42957.00,25,72375
20221116,13:13:59,42951.50,25,72425
20221116,13:15:10,42957.50,25,72425
20221116,13:17:19,42948.95,50,72425
20221116,13:20:51,42948.95,25,72450
20221116,13:22:54,42956.10,50,72450
20221116,13:23:50,42956.10,25,72450
20221116,13:25:17,42950.15,100,72500
20221116,13:25:55,42960.00,50,72500
20221116,13:27:01,42960.00,50,72500
20221116,13:27:09,42952.05,25,72500
20221116,13:27:25,42950.05,50,72525
20221116,13:28:24,42953.75,25,72525
20221116,13:28:29,42973.45,225,72525
20221116,13:28:31,42973.55,75,72525
20221116,13:29:03,42973.55,400,72525
20221116,13:29:05,42981.60,50,72525
20221116,13:29:26,42972.60,50,72525
20221116,13:29:33,42972.10,25,72525
20221116,13:29:47,42950.00,25,72525
20221116,13:29:48,42942.10,25,72525
20221116,13:29:50,42932.10,50,72525
20221116,13:30:13,42935.65,25,72500
20221116,13:30:34,42943.90,25,72500
20221116,13:31:36,42950.40,50,72500
20221116,13:31:42,42948.10,25,72500
20221116,13:31:55,42940.00,25,72500
20221116,13:33:05,42934.10,25,72500
20221116,13:33:27,42939.45,25,72500
20221116,13:35:47,42949.20,25,72500
20221116,13:36:06,42966.00,25,72500
20221116,13:36:16,42973.50,25,72500
20221116,13:38:07,42973.50,75,72500
20221116,13:38:09,42979.95,75,72500
20221116,13:38:20,42980.00,175,72500
20221116,13:38:25,42980.00,25,72500
20221116,13:39:20,42985.00,75,72525
20221116,13:39:22,42996.15,225,72525
20221116,13:39:24,43001.00,650,72525
20221116,13:39:30,43005.45,25,72525
20221116,13:39:53,43005.45,25,72525
20221116,13:40:00,43000.00,25,72525
20221116,13:40:08,43004.90,25,72525
20221116,13:40:37,43010.00,25,72525
20221116,13:41:03,43010.00,100,72525
20221116,13:41:15,43005.65,25,72525
20221116,13:41:32,43009.10,25,72525
20221116,13:41:34,43008.25,50,72525
20221116,13:41:43,43009.95,25,72525
20221116,13:41:46,43003.55,25,72525
20221116,13:41:58,43003.75,75,72525
20221116,13:42:11,43005.50,25,72525
20221116,13:42:18,43010.00,125,72350
20221116,13:42:25,43010.00,25,72350
20221116,13:42:26,43011.05,25,72350
20221116,13:42:33,43012.10,50,72350
20221116,13:42:46,43013.00,25,72350
20221116,13:42:47,43015.25,125,72350
20221116,13:42:50,43015.25,25,72350
20221116,13:42:54,43011.25,25,72350
20221116,13:42:58,43014.65,50,72350
20221116,13:43:14,43011.00,50,72350
20221116,13:43:39,43003.00,25,72350
20221116,13:43:42,43000.00,125,72350
20221116,13:44:31,43009.95,25,72350
20221116,13:44:33,43011.00,25,72350
20221116,13:44:36,43028.45,100,72350
20221116,13:44:51,43028.45,25,72350
20221116,13:44:59,43027.50,25,72350
20221116,13:45:02,43020.90,50,72350
20221116,13:45:19,43023.30,50,72450
20221116,13:45:21,43020.90,25,72450
20221116,13:45:30,43010.65,25,72450
20221116,13:45:35,43010.55,25,72450
20221116,13:45:37,43015.00,25,72450
20221116,13:45:45,43010.00,50,72450
20221116,13:45:51,43010.00,25,72450
20221116,13:46:08,43010.00,50,72450
20221116,13:46:10,43013.55,100,72450
20221116,13:46:12,43020.90,100,72450
20221116,13:46:18,43018.35,150,72450
20221116,13:46:24,43016.60,25,72450
20221116,13:46:38,43017.65,25,72450
20221116,13:46:55,43004.00,325,72450
20221116,13:47:06,43014.95,25,72450
20221116,13:47:42,43015.00,50,72450
20221116,13:48:00,43010.30,25,72450
20221116,13:48:40,42997.80,200,72850
20221116,13:48:50,43006.15,25,72850
20221116,13:48:51,43014.80,25,72850
20221116,13:49:06,43006.15,25,72850
20221116,13:49:27,43014.95,25,72850
20221116,13:49:40,43014.95,50,72850
20221116,13:49:43,43014.95,25,72850
20221116,13:49:51,43015.30,75,72850
20221116,13:49:53,43020.00,25,72850
20221116,13:49:55,43030.00,125,72850
20221116,13:50:03,43027.50,125,72850
20221116,13:50:05,43027.50,75,72850
20221116,13:50:33,43031.25,25,72850
20221116,13:51:17,43031.25,75,72850
20221116,13:51:18,43021.55,25,73325
20221116,13:51:47,43021.55,25,73325
20221116,13:51:50,43021.00,25,73325
20221116,13:51:57,43021.55,25,73325
20221116,13:52:01,43027.00,75,73325
20221116,13:52:18,43022.00,150,73325
20221116,13:52:33,43022.50,50,73325
20221116,13:52:45,43025.00,25,73325
20221116,13:53:48,43014.55,25,73325
20221116,13:54:25,43020.05,25,73300
20221116,13:54:41,43025.00,25,73300
20221116,13:54:44,43020.15,50,73300
20221116,13:56:30,43023.80,25,73300
20221116,13:56:59,43019.60,50,73300
20221116,13:57:09,43010.00,25,73300
20221116,13:58:49,43010.00,25,73250
20221116,13:58:53,43010.15,25,73250
20221116,13:59:07,43010.10,25,73250
20221116,13:59:37,43010.00,25,73250
20221116,14:00:16,43004.30,75,73250
20221116,14:00:29,43004.30,350,73250
20221116,14:00:31,43003.60,100,73250
20221116,14:00:32,43004.30,325,73250
20221116,14:00:35,43004.30,25,73250
20221116,14:00:54,43004.30,25,73250
20221116,14:01:11,43008.10,50,73250
20221116,14:02:45,43010.20,25,73250
20221116,14:02:47,43010.15,25,73250
20221116,14:03:40,43010.15,25,73325
20221116,14:04:06,43003.70,25,73325
20221116,14:04:08,43000.00,100,73325
20221116,14:04:12,42991.95,25,73325
20221116,14:04:14,42998.10,25,73325
20221116,14:04:47,43000.50,100,73325
20221116,14:05:02,42994.40,25,73325
20221116,14:05:06,42990.00,25,73325
20221116,14:05:08,42988.20,100,73325
20221116,14:06:05,42985.10,25,73325
20221116,14:06:10,42975.95,125,73325
20221116,14:06:19,42974.90,25,73600
20221116,14:06:22,42972.00,25,73600
20221116,14:06:45,42974.90,25,73600
20221116,14:07:02,42972.00,25,73600
20221116,14:07:24,42976.00,100,73600
20221116,14:07:26,42975.75,25,73600
20221116,14:07:43,42973.00,25,73600
20221116,14:07:52,42972.00,25,73600
20221116,14:08:35,42964.85,50,73600
20221116,14:08:47,42965.95,25,73600
20221116,14:09:00,42968.65,50,73600
20221116,14:09:22,42968.65,200,73500
20221116,14:09:46,42966.00,225,73500
20221116,14:10:01,42965.15,25,73500
20221116,14:10:04,42953.85,50,73500
20221116,14:10:22,42970.00,25,73500
20221116,14:12:22,42970.00,325,73425
20221116,14:12:27,42968.00,25,73425
20221116,14:13:25,42976.20,25,73425
20221116,14:14:58,42968.30,25,73425
20221116,14:15:03,42968.30,25,73425
20221116,14:15:05,42968.30,50,73425
20221116,14:15:09,42967.00,25,73425
20221116,14:15:51,42961.65,25,73625
20221116,14:18:46,42961.00,25,73625
20221116,14:19:03,42960.00,25,73600
20221116,14:19:07,42952.10,50,73600
20221116,14:19:10,42950.00,25,73600
20221116,14:19:12,42950.00,25,73600
20221116,14:19:18,42954.45,75,73600
20221116,14:19:20,42950.00,25,73600
20221116,14:19:38,42944.20,25,73600
20221116,14:19:41,42944.25,50,73600
20221116,14:19:50,42934.30,25,73600
20221116,14:20:02,42934.30,25,73600
20221116,14:20:23,42930.15,25,73600
20221116,14:20:27,42930.15,25,73600
20221116,14:21:04,42925.00,25,73600
20221116,14:21:09,42921.00,25,73600
20221116,14:21:12,42920.00,50,73600
20221116,14:21:15,42915.00,75,73600
20221116,14:21:18,42915.00,150,73550
20221116,14:21:23,42915.05,25,73550
20221116,14:21:32,42915.00,25,73550
20221116,14:21:37,42915.00,125,73550
20221116,14:21:38,42915.00,50,73550
20221116,14:21:57,42914.40,25,73550
20221116,14:22:02,42910.05,25,73550
20221116,14:22:27,42920.85,100,73550
20221116,14:22:28,42922.55,200,73550
20221116,14:23:03,42919.65,25,73550
20221116,14:23:11,42907.85,25,73550
20221116,14:24:07,42928.75,25,73550
20221116,14:24:34,42913.10,25,73400
20221116,14:25:09,42913.10,100,73400
20221116,14:25:17,42914.80,25,73400
20221116,14:26:11,42929.30,25,73400
20221116,14:26:24,42935.00,125,73400
20221116,14:26:25,42935.00,75,73400
20221116,14:26:34,42937.60,25,73400
20221116,14:27:03,42937.60,25,73400
20221116,14:27:16,42923.35,200,73400
20221116,14:27:23,42923.30,25,73675
20221116,14:28:17,42922.80,25,73675
20221116,14:28:44,42960.55,50,73675
20221116,14:29:04,42954.85,25,73675
20221116,14:29:07,42943.45,25,73675
20221116,14:29:39,42953.00,25,73675
20221116,14:30:13,42940.00,25,73675
20221116,14:30:23,42935.00,200,73750
20221116,14:30:26,42949.10,50,73750
20221116,14:30:28,42947.50,50,73750
20221116,14:30:53,42945.70,50,73750
20221116,14:31:04,42946.05,25,73750
20221116,14:31:50,42944.10,50,73750
20221116,14:31:57,42935.00,25,73750
20221116,14:32:37,42944.45,50,73750
20221116,14:32:54,42951.00,100,73750
20221116,14:33:00,42959.20,25,73750
20221116,14:34:04,42940.45,25,73750
20221116,14:34:31,42933.90,25,73850
20221116,14:35:19,42925.00,25,73850
20221116,14:35:21,42925.00,100,73850
20221116,14:35:22,42922.80,50,73850
20221116,14:35:24,42922.80,200,73850
20221116,14:35:26,42919.00,25,73850
20221116,14:35:27,42919.00,25,73850
20221116,14:35:48,42920.45,25,73850
20221116,14:36:02,42913.70,50,73850
20221116,14:36:11,42912.10,300,73850
20221116,14:38:23,42917.40,25,74125
20221116,14:38:54,42918.00,25,74125
20221116,14:39:18,42912.10,25,74125
20221116,14:39:22,42911.35,25,74125
20221116,14:39:39,42912.10,50,74200
20221116,14:39:53,42924.45,25,74200
20221116,14:39:59,42912.10,25,74200
20221116,14:40:23,42925.00,50,74200
20221116,14:40:45,42912.00,25,74200
20221116,14:40:48,42912.05,25,74200
20221116,14:41:06,42915.00,25,74200
20221116,14:41:07,42912.00,50,74200
20221116,14:41:17,42912.00,100,74200
20221116,14:41:20,42907.00,100,74200
20221116,14:41:33,42900.00,200,74200
20221116,14:41:42,42882.10,50,74200
20221116,14:41:58,42882.10,50,74200
20221116,14:42:05,42878.10,25,74200
20221116,14:42:06,42870.10,25,74200
20221116,14:42:16,42868.30,75,74200
20221116,14:42:28,42870.00,25,74275
20221116,14:42:40,42868.30,25,74275
20221116,14:42:44,42868.30,25,74275
20221116,14:43:00,42867.00,50,74275
20221116,14:43:14,42867.00,25,74275
20221116,14:43:27,42855.05,500,74275
20221116,14:43:29,42869.95,25,74275
20221116,14:43:35,42865.40,25,74275
20221116,14:44:12,42865.40,200,74275
20221116,14:44:22,42870.00,375,74275
20221116,14:44:53,42881.25,50,74275
20221116,14:44:55,42875.00,25,74275
20221116,14:44:56,42875.00,25,74275
20221116,14:45:00,42875.00,50,74275
20221116,14:45:01,42875.00,150,74275
20221116,14:46:04,42875.00,75,75150
20221116,14:46:11,42870.00,150,75150
20221116,14:46:19,42870.00,25,75150
20221116,14:46:31,42886.00,25,75150
20221116,14:47:14,42886.00,25,75150
20221116,14:48:04,42875.20,50,75150
20221116,14:49:08,42872.55,200,75150
20221116,14:49:44,42887.95,50,75150
20221116,14:49:49,42888.00,50,75150
20221116,14:50:12,42908.55,50,75150
20221116,14:50:13,42909.95,25,75150
20221116,14:50:15,42909.95,50,75150
20221116,14:50:17,42909.95,25,75150
20221116,14:50:18,42910.00,25,75150
20221116,14:50:32,42924.50,25,75150
20221116,14:50:56,42931.35,25,75150
20221116,14:51:11,42923.30,75,75150
20221116,14:51:19,42942.95,125,75150
20221116,14:51:26,42941.70,25,75200
20221116,14:51:30,42952.00,25,75200
20221116,14:51:32,42952.00,25,75200
20221116,14:51:34,42955.00,125,75200
20221116,14:51:36,42967.05,50,75200
20221116,14:51:42,42959.90,50,75200
20221116,14:51:51,42950.10,175,75200
20221116,14:52:55,42950.10,25,75200
20221116,14:52:57,42954.65,25,75200
20221116,14:53:45,42943.45,25,75200
20221116,14:53:55,42949.10,50,75200
20221116,14:54:04,42944.30,25,75200
20221116,14:54:30,42944.50,25,75150
20221116,14:54:32,42944.50,225,75150
20221116,14:54:34,42944.50,25,75150
20221116,14:54:59,42945.40,25,75150
20221116,14:55:22,42948.30,75,75150
20221116,14:55:25,42945.55,50,75150
20221116,14:55:31,42945.40,50,75150
20221116,14:56:23,42954.65,25,75150
20221116,14:56:25,42955.75,50,75150
20221116,14:56:31,42960.95,25,75150
20221116,14:56:43,42960.00,25,75150
20221116,14:56:44,42960.00,75,75150
20221116,14:57:01,42964.90,25,75150
20221116,14:57:04,42969.00,25,75150
20221116,14:57:08,42967.40,50,75150
20221116,14:57:09,42968.95,50,75150
20221116,14:57:26,42969.00,50,75350
20221116,14:57:32,42969.00,25,75350
20221116,14:57:35,42970.00,50,75350
20221116,14:57:37,42971.60,25,75350
20221116,14:57:54,42980.00,25,75350
20221116,14:57:59,42975.75,150,75350
20221116,14:58:10,42987.95,50,75350
20221116,14:58:32,42980.00,25,75350
20221116,14:58:35,42980.00,125,75350
20221116,14:58:45,42972.25,25,75350
20221116,14:58:48,42972.15,25,75350
20221116,14:59:05,42963.50,25,75350
20221116,14:59:06,42973.55,25,75350
20221116,14:59:08,42967.15,75,75350
20221116,14:59:09,42974.70,25,75350
20221116,14:59:11,42967.20,25,75350
20221116,14:59:44,42985.15,50,75350
20221116,14:59:51,42981.60,25,75350
20221116,14:59:52,42979.60,25,75350
20221116,15:00:00,42985.90,75,75350
20221116,15:00:02,42981.10,25,75350
20221116,15:00:04,42985.90,50,75350
20221116,15:00:05,42985.95,25,75350
20221116,15:00:10,42978.05,25,75350
20221116,15:00:49,42984.05,25,75450
20221116,15:01:02,42988.45,25,75450
20221116,15:01:05,42990.00,50,75450
20221116,15:01:24,43000.00,175,75450
20221116,15:01:25,43000.00,125,75450
20221116,15:01:27,43000.00,275,75450
20221116,15:01:29,42997.10,25,75450
20221116,15:01:42,42996.80,25,75450
20221116,15:01:48,42999.65,150,75450
20221116,15:01:50,42995.45,75,75450
20221116,15:01:57,42993.05,50,75450
20221116,15:02:00,42991.25,25,75450
20221116,15:02:02,42988.80,150,75450
20221116,15:02:05,42991.75,25,75450
20221116,15:02:12,42996.80,25,75450
20221116,15:02:27,42999.00,50,75450
20221116,15:02:28,43000.00,25,75450
20221116,15:02:56,43000.00,25,75450
20221116,15:02:58,42999.50,25,75450
20221116,15:03:06,43000.00,50,75450
20221116,15:03:09,43000.00,50,75450
20221116,15:03:14,43005.95,25,75450
20221116,15:03:16,43002.50,25,75450
20221116,15:03:39,42999.50,75,75450
20221116,15:03:40,42998.50,50,75450
20221116,15:03:52,42994.00,25,75450
20221116,15:04:02,42994.00,25,75450
20221116,15:04:10,42992.60,25,75450
20221116,15:04:21,42994.00,25,75450
20221116,15:04:38,42994.00,25,75450
20221116,15:04:54,42981.95,25,75450
20221116,15:04:59,42978.80,25,75450
20221116,15:05:23,42965.90,25,75450
20221116,15:05:27,42966.50,25,75450
20221116,15:05:36,42973.50,25,75450
20221116,15:05:46,42972.30,25,75450
20221116,15:06:03,42968.95,25,75450
20221116,15:06:22,42960.00,25,75450
20221116,15:06:30,42960.00,100,75400
20221116,15:06:36,42968.00,25,75400
20221116,15:06:45,42968.95,75,75400
20221116,15:06:51,42968.95,100,75400
20221116,15:06:56,42971.50,50,75400
20221116,15:06:58,42975.00,75,75400
20221116,15:06:59,42975.00,75,75400
20221116,15:07:51,42980.05,25,75400
20221116,15:08:01,42988.55,25,75400
20221116,15:08:13,42990.00,75,75400
20221116,15:08:14,42990.00,50,75400
20221116,15:09:30,42979.55,50,75325
20221116,15:10:07,42977.40,50,75325
20221116,15:10:09,42983.25,75,75325
20221116,15:11:01,42980.00,25,75325
20221116,15:11:04,42981.60,50,75325
20221116,15:11:22,42965.00,25,75325
20221116,15:12:10,42965.00,75,75325
20221116,15:12:12,42965.00,25,75325
20221116,15:12:54,42978.45,25,75400
20221116,15:14:12,42962.00,25,75400
20221116,15:15:17,42964.95,25,75400
20221116,15:15:33,42965.00,50,75400
20221116,15:15:35,42965.00,50,75400
20221116,15:15:45,42962.40,50,75400
20221116,15:16:01,42955.10,25,75400
20221116,15:16:06,42950.00,75,75400
20221116,15:16:08,42940.05,25,75400
20221116,15:16:11,42940.00,200,75400
20221116,15:16:46,42935.25,25,75400
20221116,15:17:12,42935.25,25,75400
20221116,15:17:22,42930.05,25,75400
20221116,15:17:31,42925.75,25,75400
20221116,15:17:33,42930.00,25,75400
20221116,15:17:44,42930.00,25,75400
20221116,15:17:46,42930.00,100,75400
20221116,15:18:12,42925.00,150,75400
20221116,15:18:18,42920.00,75,75400
20221116,15:18:43,42925.00,25,75625
20221116,15:19:00,42925.05,150,75625
20221116,15:19:05,42932.15,50,75625
20221116,15:19:19,42930.00,50,75625
20221116,15:19:20,42930.00,200,75625
20221116,15:19:22,42930.00,350,75625
20221116,15:19:33,42930.05,25,75625
20221116,15:19:36,42935.00,450,75625
20221116,15:19:41,42933.60,50,75625
20221116,15:19:43,42933.60,75,75625
20221116,15:19:48,42933.60,50,75625
20221116,15:19:51,42933.60,425,75625
20221116,15:20:04,42933.60,400,75625
20221116,15:20:25,42925.00,175,75625
20221116,15:21:00,42925.00,25,75625
20221116,15:21:07,42925.00,25,75625
20221116,15:21:42,42930.00,25,77000
20221116,15:21:55,42943.35,25,77000
20221116,15:22:00,42945.70,25,77000
20221116,15:23:11,42945.80,25,77000
20221116,15:23:32,42950.00,25,77000
20221116,15:23:39,42950.00,50,77000
20221116,15:23:42,42949.50,225,77000
20221116,15:23:55,42949.50,25,77000
20221116,15:24:05,42949.50,50,77000
20221116,15:24:08,42949.50,25,77000
20221116,15:24:12,42946.35,25,77000
20221116,15:24:14,42949.50,50,77000
20221116,15:24:17,42949.50,25,77000
20221116,15:25:01,42949.50,25,77000
20221116,15:25:03,42949.50,25,76975
20221116,15:25:36,42949.50,50,76975
20221116,15:25:46,42949.50,50,76975
20221116,15:25:47,42949.50,25,76975
20221116,15:25:51,42949.50,125,76975
20221116,15:25:52,42950.00,50,76975
20221116,15:26:25,42950.00,25,76975
20221116,15:26:30,42955.00,25,76975
20221116,15:26:34,42950.00,25,76975
20221116,15:26:38,42960.00,300,76975
20221116,15:26:57,42961.35,25,76975
20221116,15:27:10,42962.75,300,76975
20221116,15:27:59,42960.55,25,77400
20221116,15:28:04,42955.00,25,77400
20221116,15:28:17,42952.00,25,77400
20221116,15:28:19,42950.00,25,77400
20221116,15:28:25,42949.50,25,77400
20221116,15:28:35,42941.40,25,77400
20221116,15:28:37,42940.45,25,77400
20221116,15:28:47,42945.00,50,77400
20221116,15:29:06,42946.05,25,77400
20221116,15:29:20,42950.00,25,77400
20221116,15:29:25,42955.00,125,77400
20221116,15:29:30,42950.15,100,77400
20221116,15:29:32,42947.50,50,77400
20221116,15:29:34,42947.50,50,77400
20221116,15:29:45,42955.00,50,77400
20221116,15:29:53,42950.00,25,77400
