20221116,09:15:01,18625.00,1,365200
20221116,09:15:01,18604.95,100,365200
20221116,09:15:03,18609.65,50,365200
20221116,09:15:04,18619.85,150,365200
20221116,09:15:06,18617.70,100,365200
20221116,09:15:14,18623.85,100,365200
20221116,09:15:16,18620.00,200,365200
20221116,09:15:17,18615.15,200,365200
20221116,09:15:19,18621.85,350,365200
20221116,09:15:20,18621.75,250,365200
20221116,09:15:22,18622.70,150,365200
20221116,09:15:24,18623.90,50,365200
20221116,09:15:25,18622.75,50,365200
20221116,09:15:28,18617.75,500,365200
20221116,09:15:30,18623.90,1050,365200
20221116,09:15:36,18622.10,50,365200
20221116,09:15:38,18622.10,50,365200
20221116,09:15:42,18622.05,100,365200
20221116,09:15:48,18619.95,50,365200
20221116,09:15:51,18617.75,50,365200
20221116,09:15:53,18616.80,50,365200
20221116,09:15:56,18611.70,100,365200
20221116,09:15:57,18606.95,250,365200
20221116,09:15:59,18611.80,50,365200
20221116,09:16:07,18606.75,100,365200
20221116,09:16:13,18610.80,50,365200
20221116,09:16:21,18606.00,200,365200
20221116,09:16:25,18604.35,500,365200
20221116,09:16:26,18604.35,250,365200
20221116,09:16:34,18601.70,150,365200
20221116,09:16:35,18601.00,100,365200
20221116,09:16:38,18601.00,150,365200
20221116,09:16:39,18600.00,1000,365200
20221116,09:16:40,18600.00,50,365200
20221116,09:16:41,18600.00,150,365200
20221116,09:16:42,18599.00,100,365200
20221116,09:16:45,18596.70,50,365200
20221116,09:16:47,18599.45,50,365200
20221116,09:16:48,18594.50,50,365200
20221116,09:16:50,18594.50,50,365200
20221116,09:17:00,18594.05,50,365200
20221116,09:17:02,18594.00,100,365200
20221116,09:17:07,18590.00,150,365200
20221116,09:17:10,18590.00,50,365200
20221116,09:17:11,18590.00,50,365200
20221116,09:17:12,18586.60,100,365200
20221116,09:17:14,18586.55,50,365200
20221116,09:17:15,18586.55,100,365200
20221116,09:17:16,18590.50,100,365200
20221116,09:17:18,18590.00,50,365200
20221116,09:17:22,18594.65,50,365200
20221116,09:17:23,18589.75,100,365200
20221116,09:17:25,18596.00,50,365200
20221116,09:17:28,18595.00,50,367050
20221116,09:17:28,18596.00,50,367050
20221116,09:17:29,18596.00,400,367050
20221116,09:17:31,18588.35,1100,367050
20221116,09:17:33,18596.00,100,367050
20221116,09:17:44,18594.00,50,367050
20221116,09:17:44,18597.05,150,367050
20221116,09:17:45,18597.30,50,367050
20221116,09:17:46,18593.50,50,367050
20221116,09:17:48,18596.00,50,367050
20221116,09:17:49,18596.00,250,367050
20221116,09:17:50,18599.95,700,367050
20221116,09:17:53,18599.55,50,367050
20221116,09:18:04,18600.00,150,367050
20221116,09:18:05,18600.00,50,367050
20221116,09:18:06,18602.00,250,367050
20221116,09:18:08,18605.00,50,367050
20221116,09:18:11,18605.75,50,367050
20221116,09:18:15,18600.00,50,367050
20221116,09:18:20,18600.00,50,367050
20221116,09:18:24,18602.10,50,367050
20221116,09:18:25,18599.55,50,367050
20221116,09:18:31,18601.20,50,367050
20221116,09:18:33,18600.00,50,367050
20221116,09:18:41,18600.00,50,367050
20221116,09:18:47,18600.00,50,367050
20221116,09:18:49,18600.00,50,367050
20221116,09:18:50,18601.85,50,367050
20221116,09:18:57,18600.00,50,367050
20221116,09:19:03,18601.05,50,367050
20221116,09:19:04,18604.30,50,367050
20221116,09:19:07,18601.00,50,367050
20221116,09:19:08,18604.05,50,367050
20221116,09:19:16,18600.00,100,367050
20221116,09:19:20,18600.00,300,367050
20221116,09:19:22,18600.00,50,367050
20221116,09:19:24,18602.50,50,367050
20221116,09:19:26,18602.80,50,367050
20221116,09:19:29,18600.00,50,367050
20221116,09:19:34,18600.65,50,367050
20221116,09:19:38,18603.00,50,367050
20221116,09:19:39,18601.75,50,367050
20221116,09:19:50,18600.00,50,367050
20221116,09:19:58,18601.40,50,367050
20221116,09:19:59,18597.50,50,367050
20221116,09:20:04,18600.65,50,367050
20221116,09:20:09,18602.00,100,367050
20221116,09:20:11,18603.00,50,367050
20221116,09:20:11,18604.05,50,367050
20221116,09:20:17,18602.75,200,367050
20221116,09:20:19,18605.00,50,367050
20221116,09:20:20,18605.10,50,367050
20221116,09:20:24,18609.95,50,367050
20221116,09:20:30,18608.75,50,365850
20221116,09:20:46,18609.95,100,365850
20221116,09:20:47,18610.00,50,365850
20221116,09:21:01,18609.00,100,365850
20221116,09:21:04,18606.65,150,365850
20221116,09:21:13,18603.80,200,365850
20221116,09:21:26,18600.05,50,365850
20221116,09:21:31,18600.05,50,365850
20221116,09:21:36,18600.65,50,365850
20221116,09:21:37,18600.00,50,365850
20221116,09:21:43,18596.45,150,365850
20221116,09:21:57,18596.45,50,365850
20221116,09:22:03,18595.00,50,365850
20221116,09:22:06,18593.20,50,365850
20221116,09:22:09,18596.00,500,365850
20221116,09:22:20,18590.65,50,365850
20221116,09:22:22,18593.45,200,365850
20221116,09:22:28,18590.60,100,365850
20221116,09:22:33,18590.60,50,365850
20221116,09:22:38,18592.90,50,365850
20221116,09:22:47,18594.05,100,365850
20221116,09:22:51,18590.00,50,365850
20221116,09:22:53,18590.85,50,365850
20221116,09:22:58,18590.00,50,365850
20221116,09:23:02,18590.00,200,365850
20221116,09:23:07,18590.00,50,365850
20221116,09:23:14,18590.00,50,365850
20221116,09:23:24,18592.30,50,365850
20221116,09:23:49,18595.65,50,367100
20221116,09:23:50,18591.15,50,367100
20221116,09:24:24,18595.40,100,367100
20221116,09:24:47,18593.00,50,367100
20221116,09:24:55,18591.95,50,367100
20221116,09:25:17,18595.00,50,367100
20221116,09:25:22,18591.00,300,367100
20221116,09:25:42,18591.75,50,367100
20221116,09:25:44,18590.00,150,367100
20221116,09:25:46,18591.40,50,367100
20221116,09:25:53,18591.00,50,367100
20221116,09:26:01,18590.00,50,367100
20221116,09:26:27,18595.00,150,367300
20221116,09:26:30,18594.40,50,367300
20221116,09:26:33,18595.00,50,367300
20221116,09:26:39,18595.00,50,367300
20221116,09:26:42,18595.00,50,367300
20221116,09:26:57,18594.00,150,367300
20221116,09:27:02,18593.20,100,367300
20221116,09:27:05,18593.85,50,367300
20221116,09:27:20,18595.00,100,367300
20221116,09:27:26,18595.00,50,367300
20221116,09:27:29,18595.00,50,367300
20221116,09:27:30,18595.00,100,367300
20221116,09:27:34,18593.85,50,367300
20221116,09:27:53,18593.40,50,367300
20221116,09:27:54,18592.85,150,367300
20221116,09:28:34,18590.00,100,367300
20221116,09:28:36,18591.25,50,367300
20221116,09:28:37,18590.00,50,367300
20221116,09:28:40,18589.75,200,367300
20221116,09:28:46,18589.75,50,367300
20221116,09:28:54,18591.20,100,367300
20221116,09:28:58,18590.05,50,367300
20221116,09:29:05,18591.00,50,367300
20221116,09:29:06,18593.00,300,367300
20221116,09:29:07,18591.55,100,367300
20221116,09:29:14,18591.15,100,367300
20221116,09:29:23,18589.00,50,367300
20221116,09:29:24,18589.00,50,367300
20221116,09:29:26,18587.30,300,367300
20221116,09:29:33,18588.80,50,367300
20221116,09:29:37,18585.85,50,368350
20221116,09:29:46,18585.85,50,368350
20221116,09:29:49,18586.00,50,368350
20221116,09:29:52,18589.00,50,368350
20221116,09:29:53,18586.70,50,368350
20221116,09:29:54,18589.00,50,368350
20221116,09:30:02,18586.70,50,368350
20221116,09:30:15,18586.00,450,368350
20221116,09:30:16,18586.00,200,368350
20221116,09:30:18,18586.00,450,368350
20221116,09:30:19,18585.00,50,368350
20221116,09:30:21,18585.00,50,368350
20221116,09:30:24,18585.00,50,368350
20221116,09:30:25,18585.00,50,368350
20221116,09:30:31,18585.00,50,368350
20221116,09:30:33,18584.00,100,368350
20221116,09:30:48,18584.00,50,368350
20221116,09:30:51,18582.75,100,368350
20221116,09:31:19,18584.75,50,368350
20221116,09:31:34,18581.00,50,368350
20221116,09:31:36,18580.10,50,368350
20221116,09:31:46,18580.00,100,368350
20221116,09:31:47,18580.00,50,368350
20221116,09:32:02,18579.95,250,368350
20221116,09:32:29,18579.95,550,368850
20221116,09:33:35,18586.20,100,368850
20221116,09:33:46,18582.50,150,368850
20221116,09:33:51,18582.70,50,368850
20221116,09:33:54,18582.70,100,368850
20221116,09:33:56,18583.55,50,368850
20221116,09:33:57,18582.50,50,368850
20221116,09:34:16,18580.00,50,368850
20221116,09:34:32,18579.40,50,368850
20221116,09:34:42,18579.40,50,368850
20221116,09:34:51,18581.75,50,368850
20221116,09:34:57,18579.65,100,368850
20221116,09:35:03,18580.45,100,368850
20221116,09:35:05,18580.05,100,368850
20221116,09:35:06,18579.40,100,368850
20221116,09:35:11,18577.60,250,368850
20221116,09:35:17,18577.15,50,368850
20221116,09:35:18,18577.15,50,368850
20221116,09:35:19,18577.15,50,368850
20221116,09:35:21,18577.10,50,368850
20221116,09:35:23,18577.00,50,368850
20221116,09:35:24,18576.25,50,368850
20221116,09:35:31,18576.25,50,369650
20221116,09:35:32,18576.25,50,369650
20221116,09:35:35,18577.10,50,369650
20221116,09:35:46,18576.75,50,369650
20221116,09:35:49,18576.75,50,369650
20221116,09:35:50,18579.15,100,369650
20221116,09:35:53,18576.05,50,369650
20221116,09:36:08,18576.05,50,369650
20221116,09:36:12,18578.00,150,369650
20221116,09:36:28,18580.30,50,369650
20221116,09:36:37,18580.80,50,369650
20221116,09:36:51,18583.10,100,369650
20221116,09:36:52,18582.15,50,369650
20221116,09:37:03,18584.25,50,369650
20221116,09:37:17,18582.85,50,369650
20221116,09:37:22,18581.40,50,369650
20221116,09:37:28,18580.35,50,369650
20221116,09:37:49,18585.00,450,369650
20221116,09:37:54,18587.75,100,369650
20221116,09:37:58,18587.55,50,369650
20221116,09:38:02,18585.55,50,369650
20221116,09:38:12,18588.80,50,369650
20221116,09:38:18,18590.00,100,369650
20221116,09:38:35,18592.65,50,369650
20221116,09:38:43,18595.65,50,370350
20221116,09:38:55,18597.55,50,370350
20221116,09:39:00,18596.85,200,370350
20221116,09:39:07,18594.00,100,370350
20221116,09:39:10,18593.05,50,370350
20221116,09:39:12,18595.35,50,370350
20221116,09:39:19,18590.85,50,370350
20221116,09:39:48,18592.45,50,370350
20221116,09:39:49,18591.90,100,370350
20221116,09:40:00,18591.90,50,370350
20221116,09:40:10,18590.00,150,370350
20221116,09:40:26,18590.00,100,370350
20221116,09:40:31,18589.90,50,370350
20221116,09:40:32,18590.00,50,370350
20221116,09:40:41,18589.10,50,370350
20221116,09:40:46,18591.00,50,370350
20221116,09:40:56,18589.15,50,370350
20221116,09:41:02,18591.00,50,370350
20221116,09:41:05,18591.00,100,370350
20221116,09:41:13,18593.75,50,370350
20221116,09:41:35,18593.40,50,370850
20221116,09:42:12,18591.85,150,370850
20221116,09:42:22,18593.20,450,370850
20221116,09:42:32,18591.85,50,370850
20221116,09:42:45,18592.25,50,370850
20221116,09:42:49,18591.00,50,370850
20221116,09:43:16,18586.30,50,370850
20221116,09:43:29,18589.70,50,370850
20221116,09:43:40,18587.35,300,370850
20221116,09:43:41,18585.85,50,370850
20221116,09:43:42,18585.90,50,370850
20221116,09:44:07,18585.00,100,370850
20221116,09:44:21,18581.95,50,370850
20221116,09:44:27,18582.00,50,370850
20221116,09:44:45,18580.95,100,371200
20221116,09:44:55,18582.00,50,371200
20221116,09:45:12,18580.00,50,371200
20221116,09:45:15,18580.00,50,371200
20221116,09:45:17,18580.05,100,371200
20221116,09:45:32,18580.00,50,371200
20221116,09:45:34,18580.00,50,371200
20221116,09:45:44,18580.00,50,371200
20221116,09:45:46,18578.95,200,371200
20221116,09:45:49,18580.00,200,371200
20221116,09:46:29,18581.80,100,371200
20221116,09:46:32,18582.95,50,371200
20221116,09:46:34,18585.95,50,371200
20221116,09:46:46,18585.95,50,371200
20221116,09:46:58,18585.95,150,371200
20221116,09:46:59,18585.95,50,371200
20221116,09:47:00,18587.55,50,371200
20221116,09:47:05,18585.15,100,371200
20221116,09:47:22,18582.35,50,371200
20221116,09:47:30,18580.45,100,371200
20221116,09:47:34,18579.10,100,371650
20221116,09:47:48,18579.90,50,371650
20221116,09:47:54,18580.00,200,371650
20221116,09:48:02,18581.85,150,371650
20221116,09:48:14,18578.20,100,371650
20221116,09:48:15,18578.25,50,371650
20221116,09:48:30,18577.75,100,371650
20221116,09:48:37,18578.95,50,371650
20221116,09:48:40,18579.90,50,371650
20221116,09:48:45,18579.90,50,371650
20221116,09:48:46,18579.95,50,371650
20221116,09:48:59,18576.85,100,371650
20221116,09:49:09,18576.30,50,371650
20221116,09:49:12,18576.00,100,371650
20221116,09:49:47,18576.00,50,371650
20221116,09:49:52,18579.00,100,371650
20221116,09:49:55,18579.95,50,371650
20221116,09:50:04,18577.00,50,371650
20221116,09:50:27,18578.80,50,371650
20221116,09:50:55,18584.45,50,371900
20221116,09:51:05,18586.60,50,371900
20221116,09:51:25,18586.80,50,371900
20221116,09:51:42,18586.05,50,371900
20221116,09:51:44,18586.80,50,371900
20221116,09:52:03,18588.35,50,371900
20221116,09:52:48,18590.00,50,371900
20221116,09:52:51,18588.00,100,371900
20221116,09:53:10,18587.90,50,371900
20221116,09:54:33,18590.00,50,371900
20221116,09:54:39,18589.15,50,372050
20221116,09:54:40,18588.00,50,372050
20221116,09:54:41,18587.90,50,372050
20221116,09:55:12,18586.60,50,372050
20221116,09:55:18,18585.60,50,372050
20221116,09:55:43,18585.35,50,372050
20221116,09:55:49,18588.45,100,372050
20221116,09:55:56,18587.00,500,372050
20221116,09:55:57,18587.00,550,372050
20221116,09:56:02,18586.00,200,372050
20221116,09:56:21,18588.35,100,372050
20221116,09:56:27,18590.00,150,372050
20221116,09:56:28,18590.00,50,372050
20221116,09:56:38,18592.00,50,373800
20221116,09:56:53,18592.95,100,373800
20221116,09:57:55,18593.25,900,373800
20221116,09:58:23,18593.00,50,373800
20221116,09:58:36,18593.00,550,373800
20221116,09:58:45,18593.00,1050,373800
20221116,09:58:47,18593.00,50,373800
20221116,09:59:29,18591.05,100,373800
20221116,09:59:33,18591.05,50,373800
20221116,09:59:35,18592.30,50,376400
20221116,09:59:37,18591.00,800,376400
20221116,09:59:38,18587.75,1050,376400
20221116,10:00:23,18590.00,1200,376400
20221116,10:00:32,18586.00,50,376400
20221116,10:00:34,18586.05,50,376400
20221116,10:00:36,18585.60,50,376400
20221116,10:00:45,18586.60,50,376400
20221116,10:01:08,18595.00,50,376400
20221116,10:01:09,18595.00,50,376400
20221116,10:01:36,18595.05,50,376400
20221116,10:01:45,18595.00,300,376400
20221116,10:01:46,18595.00,300,376400
20221116,10:01:56,18595.00,200,376400
20221116,10:02:03,18595.00,50,376400
20221116,10:02:05,18595.00,300,376400
20221116,10:02:06,18595.00,150,376400
20221116,10:02:08,18595.00,150,376400
20221116,10:02:10,18595.00,200,376400
20221116,10:02:11,18589.90,400,376400
20221116,10:02:32,18591.00,50,376400
20221116,10:02:40,18591.85,50,380450
20221116,10:02:46,18591.00,650,380450
20221116,10:03:04,18591.00,100,380450
20221116,10:03:11,18591.00,50,380450
20221116,10:03:12,18591.00,150,380450
20221116,10:03:17,18591.00,200,380450
20221116,10:03:18,18591.00,100,380450
20221116,10:03:21,18591.00,50,380450
20221116,10:03:37,18591.00,50,380450
20221116,10:03:44,18592.70,50,380450
20221116,10:03:49,18591.00,500,380450
20221116,10:03:51,18591.00,50,380450
20221116,10:03:52,18591.00,1200,380450
20221116,10:03:58,18592.85,100,380450
20221116,10:03:59,18591.00,50,380450
20221116,10:04:03,18591.00,50,380450
20221116,10:04:06,18591.00,50,380450
20221116,10:04:08,18591.00,50,380450
20221116,10:04:21,18592.00,100,380450
20221116,10:04:48,18592.00,100,380450
20221116,10:06:08,18595.05,50,383300
20221116,10:06:11,18598.10,100,383300
20221116,10:06:14,18596.25,50,383300
20221116,10:06:18,18597.35,50,383300
20221116,10:06:19,18599.95,50,383300
20221116,10:06:27,18599.90,50,383300
20221116,10:06:47,18599.90,200,383300
20221116,10:06:48,18599.00,50,383300
20221116,10:06:55,18599.00,200,383300
20221116,10:07:08,18599.70,50,383300
20221116,10:07:23,18599.35,50,383300
20221116,10:07:30,18599.35,50,383300
20221116,10:07:42,18599.00,50,383300
20221116,10:07:43,18599.00,50,383300
20221116,10:07:46,18599.00,50,383300
20221116,10:07:54,18599.00,50,383300
20221116,10:08:41,18599.60,50,383300
20221116,10:08:48,18600.00,150,383250
20221116,10:08:49,18600.00,100,383250
20221116,10:08:59,18600.00,50,383250
20221116,10:09:02,18605.70,50,383250
20221116,10:09:08,18601.50,50,383250
20221116,10:09:14,18604.85,50,383250
20221116,10:09:21,18601.55,50,383250
20221116,10:09:29,18601.55,200,383250
20221116,10:09:36,18601.55,50,383250
20221116,10:09:39,18603.95,100,383250
20221116,10:09:40,18601.55,50,383250
20221116,10:09:48,18600.00,100,383250
20221116,10:10:12,18599.15,50,383250
20221116,10:10:20,18596.45,50,383250
20221116,10:10:24,18596.45,50,383250
20221116,10:10:30,18596.45,50,383250
20221116,10:10:35,18596.45,350,383250
20221116,10:10:38,18596.45,50,383250
20221116,10:10:40,18596.45,100,383250
20221116,10:10:41,18596.00,100,383250
20221116,10:10:42,18596.45,100,383250
20221116,10:10:43,18596.45,50,383250
20221116,10:11:18,18596.15,50,383250
20221116,10:11:54,18598.05,50,383250
20221116,10:12:03,18597.00,50,383250
20221116,10:13:36,18598.95,50,383250
20221116,10:13:37,18600.00,50,383250
20221116,10:14:05,18604.00,200,383250
20221116,10:14:06,18605.00,50,383250
20221116,10:14:09,18606.70,50,383250
20221116,10:14:14,18606.75,50,383250
20221116,10:14:34,18608.05,100,383250
20221116,10:14:56,18604.35,50,383450
20221116,10:15:01,18605.75,50,383450
20221116,10:15:13,18605.75,50,383450
20221116,10:15:19,18605.40,50,383450
20221116,10:15:27,18605.40,50,383450
20221116,10:15:34,18606.30,50,383450
20221116,10:15:38,18607.95,100,383450
20221116,10:15:39,18608.70,50,383450
20221116,10:15:46,18609.85,50,383450
20221116,10:15:54,18608.75,50,383450
20221116,10:16:00,18609.95,50,383450
20221116,10:16:09,18609.70,50,383450
20221116,10:16:10,18610.00,250,383450
20221116,10:16:50,18615.80,50,383450
20221116,10:16:57,18616.10,50,383450
20221116,10:16:58,18616.15,50,383450
20221116,10:17:01,18616.20,50,383450
20221116,10:17:02,18618.00,50,383450
20221116,10:17:04,18619.00,50,383450
20221116,10:17:07,18619.00,50,383450
20221116,10:17:18,18616.80,500,383450
20221116,10:17:19,18620.00,100,383450
20221116,10:17:32,18618.30,50,383450
20221116,10:17:35,18619.00,50,383450
20221116,10:17:50,18616.00,50,383700
20221116,10:17:51,18620.00,900,383700
20221116,10:17:52,18618.95,50,383700
20221116,10:18:06,18616.15,50,383700
20221116,10:18:07,18619.70,50,383700
20221116,10:18:23,18624.30,100,383700
20221116,10:18:25,18624.50,50,383700
20221116,10:18:31,18621.85,50,383700
20221116,10:18:32,18621.85,50,383700
20221116,10:18:33,18622.15,50,383700
20221116,10:18:39,18622.25,50,383700
20221116,10:18:44,18624.05,800,383700
20221116,10:18:50,18624.05,250,383700
20221116,10:19:11,18619.00,50,383700
20221116,10:19:12,18619.70,100,383700
20221116,10:19:22,18620.00,300,383700
20221116,10:19:23,18620.00,800,383700
20221116,10:19:25,18620.25,50,383700
20221116,10:19:32,18620.25,50,383700
20221116,10:19:35,18620.25,150,383700
20221116,10:20:00,18617.55,100,383700
20221116,10:20:17,18614.00,50,383700
20221116,10:20:24,18609.05,300,383700
20221116,10:20:56,18606.10,50,386050
20221116,10:21:15,18606.25,50,386050
20221116,10:21:21,18604.65,50,386050
20221116,10:21:32,18605.00,50,386050
20221116,10:21:40,18604.35,50,386050
20221116,10:22:08,18604.55,50,386050
20221116,10:22:16,18604.45,50,386050
20221116,10:22:31,18604.30,50,386050
20221116,10:22:36,18603.60,300,386050
20221116,10:22:48,18607.00,50,386050
20221116,10:22:57,18607.30,100,386050
20221116,10:23:14,18614.60,50,386050
20221116,10:23:16,18614.40,50,386050
20221116,10:23:28,18610.95,50,386050
20221116,10:23:32,18614.40,50,386050
20221116,10:23:46,18615.00,50,386500
20221116,10:24:10,18618.00,50,386500
20221116,10:24:23,18618.00,50,386500
20221116,10:25:12,18617.55,50,386500
20221116,10:25:30,18612.70,100,386500
20221116,10:25:39,18607.45,50,386500
20221116,10:25:59,18609.30,50,386500
20221116,10:26:19,18612.55,50,386500
20221116,10:26:40,18613.00,50,386500
20221116,10:27:06,18609.30,100,386450
20221116,10:27:09,18607.70,100,386450
20221116,10:27:11,18606.85,50,386450
20221116,10:27:13,18611.05,50,386450
20221116,10:27:31,18606.25,50,386450
20221116,10:27:55,18604.80,50,386450
20221116,10:27:59,18606.00,100,386450
20221116,10:28:19,18605.00,50,386450
20221116,10:28:33,18605.65,200,386450
20221116,10:28:53,18605.65,50,386450
20221116,10:29:05,18610.00,250,386450
20221116,10:29:13,18610.00,150,386450
20221116,10:29:15,18610.00,150,386450
20221116,10:29:16,18610.00,200,386450
20221116,10:29:17,18610.00,50,386450
20221116,10:29:32,18610.00,50,386450
20221116,10:30:02,18610.00,250,387000
20221116,10:30:17,18609.50,50,387000
20221116,10:30:39,18609.50,1000,387000
20221116,10:30:45,18605.05,50,387000
20221116,10:30:53,18608.95,50,387000
20221116,10:30:56,18607.85,50,387000
20221116,10:31:03,18610.00,50,387000
20221116,10:31:27,18610.10,1050,387000
20221116,10:31:35,18610.45,50,387000
20221116,10:31:37,18610.65,50,387000
20221116,10:31:45,18614.00,1000,387000
20221116,10:31:50,18611.00,50,387000
20221116,10:31:58,18609.10,100,387000
20221116,10:32:01,18614.00,1000,387000
20221116,10:32:38,18609.75,50,387000
20221116,10:32:48,18605.05,150,388900
20221116,10:33:02,18605.00,50,388900
20221116,10:33:29,18602.15,50,388900
20221116,10:33:35,18603.05,50,388900
20221116,10:33:39,18604.50,50,388900
20221116,10:33:44,18603.50,50,388900
20221116,10:33:59,18609.30,50,388900
20221116,10:34:18,18609.45,50,388900
20221116,10:34:37,18608.90,50,388900
20221116,10:36:00,18607.00,50,388950
20221116,10:36:13,18607.15,50,388950
20221116,10:36:14,18607.85,50,388950
20221116,10:36:17,18607.60,50,388950
20221116,10:36:19,18611.70,100,388950
20221116,10:36:24,18611.70,50,388950
20221116,10:36:26,18609.05,50,388950
20221116,10:36:43,18611.35,50,388950
20221116,10:36:59,18611.35,50,388950
20221116,10:37:30,18613.15,100,388950
20221116,10:37:36,18614.00,450,388950
20221116,10:37:38,18614.00,950,388950
20221116,10:37:40,18614.00,1450,388950
20221116,10:37:44,18614.00,200,388950
20221116,10:37:48,18614.00,50,388950
20221116,10:37:49,18614.00,300,388950
20221116,10:38:07,18618.80,50,388950
20221116,10:38:16,18618.80,50,388950
20221116,10:39:03,18619.00,50,386750
20221116,10:39:14,18617.90,50,386750
20221116,10:39:33,18617.90,50,386750
20221116,10:39:36,18619.00,50,386750
20221116,10:39:38,18617.90,50,386750
20221116,10:39:45,18617.90,50,386750
20221116,10:40:07,18619.00,50,386750
20221116,10:40:11,18624.00,1350,386750
20221116,10:40:40,18624.00,50,386750
20221116,10:40:54,18623.55,50,386750
20221116,10:41:17,18621.95,50,386750
20221116,10:41:21,18620.00,50,386750
20221116,10:41:38,18620.65,50,386750
20221116,10:41:39,18621.15,50,386750
20221116,10:41:49,18622.00,100,386950
20221116,10:41:52,18622.00,350,386950
20221116,10:41:56,18622.00,50,386950
20221116,10:41:57,18622.00,100,386950
20221116,10:42:07,18622.00,50,386950
20221116,10:42:13,18622.00,50,386950
20221116,10:42:17,18622.00,50,386950
20221116,10:42:35,18622.00,100,386950
20221116,10:42:37,18623.95,50,386950
20221116,10:42:58,18621.05,50,386950
20221116,10:43:07,18621.00,50,386950
20221116,10:43:41,18619.95,100,386950
20221116,10:43:46,18621.15,50,386950
20221116,10:43:54,18619.65,50,386950
20221116,10:44:00,18619.40,100,386950
20221116,10:44:04,18619.80,50,386950
20221116,10:44:08,18619.90,50,386950
20221116,10:44:22,18621.55,50,386950
20221116,10:45:49,18620.00,50,387600
20221116,10:46:05,18618.25,50,387600
20221116,10:46:11,18618.25,100,387600
20221116,10:46:31,18617.90,50,387600
20221116,10:46:32,18617.90,50,387600
20221116,10:46:39,18617.90,50,387600
20221116,10:46:43,18617.90,50,387600
20221116,10:47:28,18618.00,50,387600
20221116,10:47:49,18619.40,50,387900
20221116,10:47:58,18620.00,50,387900
20221116,10:48:01,18620.00,200,387900
20221116,10:48:02,18620.00,1000,387900
20221116,10:48:06,18620.00,50,387900
20221116,10:48:09,18620.00,100,387900
20221116,10:48:15,18620.00,500,387900
20221116,10:48:23,18619.75,50,387900
20221116,10:48:25,18620.25,350,387900
20221116,10:48:28,18620.25,50,387900
20221116,10:48:44,18620.30,100,387900
20221116,10:48:50,18623.70,50,387900
20221116,10:48:56,18623.70,50,387900
20221116,10:49:06,18621.00,50,387900
20221116,10:49:24,18621.00,50,387900
20221116,10:49:26,18620.00,50,387900
20221116,10:49:30,18621.00,50,387900
20221116,10:49:33,18620.00,50,387900
20221116,10:49:35,18619.45,50,387900
20221116,10:49:36,18619.40,50,387900
20221116,10:49:41,18620.00,150,387900
20221116,10:49:43,18623.25,50,387900
20221116,10:50:07,18621.65,50,387900
20221116,10:50:17,18623.45,50,387900
20221116,10:50:24,18623.85,50,387900
20221116,10:50:32,18622.85,100,387900
20221116,10:50:38,18625.00,50,387900
20221116,10:50:39,18626.00,100,387900
20221116,10:50:39,18633.10,550,387900
20221116,10:50:45,18633.10,50,388500
20221116,10:50:47,18630.95,50,388500
20221116,10:50:50,18634.00,50,388500
20221116,10:51:07,18634.00,50,388500
20221116,10:51:28,18637.70,150,388500
20221116,10:51:29,18637.70,50,388500
20221116,10:51:35,18640.00,150,388500
20221116,10:51:37,18637.65,50,388500
20221116,10:51:41,18638.20,50,388500
20221116,10:51:43,18638.30,50,388500
20221116,10:51:44,18642.70,700,388500
20221116,10:51:51,18642.70,50,388500
20221116,10:51:54,18640.00,50,388500
20221116,10:51:55,18643.00,300,388500
20221116,10:51:59,18643.00,50,388500
20221116,10:52:03,18643.00,50,388500
20221116,10:52:15,18639.95,50,388500
20221116,10:52:16,18639.70,50,388500
20221116,10:52:28,18640.80,200,388500
20221116,10:52:32,18640.55,100,388500
20221116,10:52:39,18635.50,250,388500
20221116,10:52:53,18635.35,50,388500
20221116,10:52:55,18635.50,50,388500
20221116,10:53:24,18633.35,50,388500
20221116,10:53:34,18635.55,50,388500
20221116,10:53:40,18637.00,50,388500
20221116,10:53:42,18637.00,100,388500
20221116,10:53:43,18639.70,50,389250
20221116,10:54:06,18639.70,250,389250
20221116,10:54:11,18638.25,50,389250
20221116,10:54:26,18636.80,100,389250
20221116,10:54:33,18637.70,50,389250
20221116,10:54:53,18637.00,50,389250
20221116,10:55:01,18640.00,50,389250
20221116,10:55:11,18640.60,1000,389250
20221116,10:55:20,18636.85,50,389250
20221116,10:55:21,18640.00,50,389250
20221116,10:55:30,18637.50,50,389250
20221116,10:55:55,18640.00,100,389250
20221116,10:56:12,18636.90,200,389250
20221116,10:56:28,18636.45,50,389250
20221116,10:56:57,18638.95,50,389200
20221116,10:57:07,18636.00,50,389200
20221116,10:57:21,18635.05,50,389200
20221116,10:57:22,18635.15,200,389200
20221116,10:57:23,18635.05,50,389200
20221116,10:57:24,18635.00,50,389200
20221116,10:57:26,18635.05,50,389200
20221116,10:57:27,18635.05,50,389200
20221116,10:57:28,18635.05,50,389200
20221116,10:57:29,18635.00,200,389200
20221116,10:57:37,18635.00,100,389200
20221116,10:57:43,18635.05,100,389200
20221116,10:57:53,18639.60,50,389200
20221116,10:58:08,18640.00,50,389200
20221116,10:58:10,18643.45,250,389200
20221116,10:58:19,18643.45,50,389200
20221116,10:58:22,18642.85,50,389200
20221116,10:58:23,18644.00,50,389200
20221116,10:58:29,18644.00,100,389200
20221116,10:58:31,18644.95,50,389200
20221116,10:58:33,18645.00,100,389200
20221116,10:58:42,18645.00,50,389200
20221116,10:58:43,18644.90,50,389200
20221116,10:58:49,18643.05,100,389200
20221116,10:59:01,18642.60,50,389200
20221116,10:59:05,18645.00,50,389200
20221116,10:59:16,18641.60,300,389200
20221116,10:59:17,18645.00,100,389200
20221116,10:59:23,18645.45,100,389200
20221116,10:59:31,18645.45,50,389200
20221116,10:59:34,18645.55,50,389200
20221116,10:59:47,18645.55,500,390850
20221116,10:59:56,18644.40,100,390850
20221116,11:00:07,18645.00,50,390850
20221116,11:00:11,18643.55,50,390850
20221116,11:00:19,18646.20,50,390850
20221116,11:00:20,18646.20,50,390850
20221116,11:00:25,18645.00,50,390850
20221116,11:00:35,18644.00,50,390850
20221116,11:00:40,18646.10,50,390850
20221116,11:00:48,18645.55,50,390850
20221116,11:00:51,18640.95,100,390850
20221116,11:01:02,18640.05,50,390850
20221116,11:01:03,18640.00,100,390850
20221116,11:02:04,18637.15,50,390850
20221116,11:02:52,18639.20,50,391550
20221116,11:02:54,18638.90,50,391550
20221116,11:03:24,18635.05,50,391550
20221116,11:03:38,18638.60,50,391550
20221116,11:03:39,18638.65,100,391550
20221116,11:03:49,18638.65,50,391550
20221116,11:03:55,18635.35,50,391550
20221116,11:04:06,18637.00,50,391550
20221116,11:04:11,18635.20,50,391550
20221116,11:04:13,18635.20,50,391550
20221116,11:04:14,18635.20,50,391550
20221116,11:04:18,18635.20,100,391550
20221116,11:04:19,18635.20,100,391550
20221116,11:04:21,18635.20,50,391550
20221116,11:04:23,18632.60,450,391550
20221116,11:04:36,18631.45,50,391550
20221116,11:04:37,18634.65,50,391550
20221116,11:04:44,18632.60,100,391550
20221116,11:04:46,18633.00,50,391550
20221116,11:04:55,18635.20,50,391550
20221116,11:05:00,18635.20,100,391550
20221116,11:05:01,18637.30,50,391550
20221116,11:05:19,18635.30,100,391550
20221116,11:05:20,18635.25,50,391550
20221116,11:05:25,18635.25,50,391550
20221116,11:06:01,18630.35,50,391950
20221116,11:06:14,18630.50,50,391950
20221116,11:06:29,18633.65,200,391950
20221116,11:06:29,18633.35,50,391950
20221116,11:06:45,18633.35,50,391950
20221116,11:06:46,18634.00,50,391950
20221116,11:07:04,18634.00,150,391950
20221116,11:07:14,18632.35,50,391950
20221116,11:07:18,18632.30,50,391950
20221116,11:07:21,18632.30,50,391950
20221116,11:07:23,18632.30,50,391950
20221116,11:07:26,18632.10,50,391950
20221116,11:07:27,18634.80,50,391950
20221116,11:07:28,18632.15,50,391950
20221116,11:07:29,18632.15,50,391950
20221116,11:07:32,18635.00,50,391950
20221116,11:07:33,18633.00,50,391950
20221116,11:07:59,18634.65,50,391950
20221116,11:09:06,18628.80,50,391950
20221116,11:09:43,18629.00,50,392500
20221116,11:10:10,18628.30,50,392500
20221116,11:10:23,18628.35,50,392500
20221116,11:10:26,18629.85,50,392500
20221116,11:10:39,18626.05,50,392500
20221116,11:10:40,18626.00,50,392500
20221116,11:10:41,18627.95,50,392500
20221116,11:10:48,18625.70,50,392500
20221116,11:10:57,18625.75,50,392500
20221116,11:11:04,18623.80,200,392500
20221116,11:11:34,18624.10,50,392500
20221116,11:12:34,18625.00,50,392550
20221116,11:12:38,18628.55,250,392550
20221116,11:12:52,18627.50,50,392550
20221116,11:13:01,18628.65,200,392550
20221116,11:14:36,18628.65,300,392550
20221116,11:14:49,18627.40,50,392550
20221116,11:14:51,18627.00,100,392700
20221116,11:14:52,18628.25,50,392700
20221116,11:15:10,18627.65,100,392700
20221116,11:15:34,18627.65,50,392700
20221116,11:15:38,18627.65,50,392700
20221116,11:16:05,18631.45,50,392700
20221116,11:16:11,18631.45,50,392700
20221116,11:16:32,18632.25,50,392700
20221116,11:16:41,18632.50,100,392700
20221116,11:17:14,18639.45,50,392700
20221116,11:17:17,18636.00,50,392700
20221116,11:17:22,18635.35,50,392700
20221116,11:17:59,18637.00,50,392900
20221116,11:18:25,18634.55,50,392900
20221116,11:18:29,18634.55,100,392900
20221116,11:18:32,18633.35,250,392900
20221116,11:19:32,18633.85,50,392900
20221116,11:19:39,18639.10,50,392900
20221116,11:20:16,18639.90,100,392900
20221116,11:20:18,18639.70,50,392900
20221116,11:20:19,18635.95,50,392900
20221116,11:20:22,18636.65,50,392900
20221116,11:20:43,18638.90,50,392900
20221116,11:20:58,18634.55,100,393050
20221116,11:21:36,18635.05,50,393050
20221116,11:21:43,18635.00,50,393050
20221116,11:21:50,18638.75,50,393050
20221116,11:21:52,18634.55,50,393050
20221116,11:22:10,18637.95,50,393050
20221116,11:22:11,18634.60,50,393050
20221116,11:22:40,18637.85,50,393050
20221116,11:22:43,18634.30,50,393050
20221116,11:23:45,18634.10,100,393050
20221116,11:23:52,18634.35,50,393200
20221116,11:23:55,18634.00,50,393200
20221116,11:24:10,18634.60,150,393200
20221116,11:24:29,18637.00,50,393200
20221116,11:24:52,18636.95,50,393200
20221116,11:25:00,18636.15,50,393200
20221116,11:25:17,18633.40,50,393200
20221116,11:25:27,18632.35,50,393200
20221116,11:25:57,18631.45,200,393200
20221116,11:26:03,18631.40,50,393200
20221116,11:26:09,18632.00,100,393200
20221116,11:26:16,18633.25,50,393200
20221116,11:26:21,18633.70,100,393200
20221116,11:26:24,18630.05,100,393200
20221116,11:26:25,18633.70,50,393200
20221116,11:26:38,18630.05,50,393200
20221116,11:26:41,18633.55,50,393200
20221116,11:26:43,18631.30,50,393200
20221116,11:26:57,18632.90,50,393600
20221116,11:27:14,18632.60,100,393600
20221116,11:27:21,18632.65,50,393600
20221116,11:27:37,18630.05,100,393600
20221116,11:27:42,18630.05,150,393600
20221116,11:27:46,18630.05,50,393600
20221116,11:27:55,18630.50,50,393600
20221116,11:27:59,18630.85,50,393600
20221116,11:28:52,18635.50,50,393600
20221116,11:29:12,18635.50,50,393600
20221116,11:29:33,18635.35,50,393600
20221116,11:29:38,18635.40,100,393600
20221116,11:29:43,18639.90,50,393600
20221116,11:30:19,18633.50,50,393750
20221116,11:30:50,18633.15,50,393750
20221116,11:31:41,18634.80,50,393750
20221116,11:32:52,18637.45,50,393800
20221116,11:33:11,18640.00,200,393800
20221116,11:33:13,18641.90,200,393800
20221116,11:33:14,18645.60,150,393800
20221116,11:33:24,18647.85,50,393800
20221116,11:33:27,18647.85,100,393800
20221116,11:33:47,18647.85,100,393800
20221116,11:34:02,18647.85,50,393800
20221116,11:34:03,18651.00,2650,393800
20221116,11:34:04,18653.60,150,393800
20221116,11:34:20,18653.60,50,393800
20221116,11:34:25,18648.15,50,393800
20221116,11:34:49,18650.00,50,393800
20221116,11:35:03,18649.70,200,393800
20221116,11:35:07,18648.75,400,393800
20221116,11:35:49,18648.40,150,393800
20221116,11:36:24,18644.70,50,392900
20221116,11:36:34,18647.80,200,392900
20221116,11:36:45,18644.75,50,392900
20221116,11:36:48,18644.75,50,392900
20221116,11:36:53,18644.75,50,392900
20221116,11:37:02,18647.00,50,392900
20221116,11:37:04,18645.00,50,392900
20221116,11:37:15,18644.00,50,392900
20221116,11:37:39,18644.85,150,392900
20221116,11:38:18,18645.00,50,392900
20221116,11:38:21,18645.00,50,392900
20221116,11:38:47,18642.85,100,392900
20221116,11:38:58,18645.70,150,393400
20221116,11:39:06,18645.70,100,393400
20221116,11:39:10,18645.70,50,393400
20221116,11:39:39,18642.55,100,393400
20221116,11:39:41,18645.00,50,393400
20221116,11:39:42,18642.55,50,393400
20221116,11:40:22,18640.00,100,393400
20221116,11:40:32,18640.00,50,393400
20221116,11:40:43,18635.55,50,393400
20221116,11:40:50,18638.55,50,393400
20221116,11:41:33,18636.95,50,393400
20221116,11:42:00,18636.95,50,393400
20221116,11:42:05,18636.50,50,393600
20221116,11:42:17,18635.00,50,393600
20221116,11:42:19,18635.00,100,393600
20221116,11:42:20,18635.00,100,393600
20221116,11:42:42,18633.00,50,393600
20221116,11:42:53,18631.00,100,393600
20221116,11:43:04,18633.00,50,393600
20221116,11:44:37,18630.00,150,393600
20221116,11:45:02,18626.50,50,393750
20221116,11:45:03,18626.50,50,393750
20221116,11:45:34,18623.00,50,393750
20221116,11:45:43,18622.10,50,393750
20221116,11:45:56,18623.00,250,393750
20221116,11:45:58,18624.40,100,393750
20221116,11:46:23,18623.45,50,393750
20221116,11:46:24,18623.60,50,393750
20221116,11:46:25,18624.00,50,393750
20221116,11:46:56,18628.85,300,393750
20221116,11:47:14,18628.85,50,393750
20221116,11:47:47,18628.85,50,393750
20221116,11:47:58,18626.60,100,393700
20221116,11:47:59,18629.40,100,393700
20221116,11:48:02,18629.40,50,393700
20221116,11:49:09,18625.65,50,393700
20221116,11:49:20,18625.00,50,393700
20221116,11:49:21,18624.65,100,393700
20221116,11:49:53,18619.75,100,393700
20221116,11:49:56,18619.35,50,393700
20221116,11:50:22,18617.90,50,393700
20221116,11:50:25,18619.00,50,393700
20221116,11:50:30,18619.00,100,393700
20221116,11:50:31,18619.00,200,393700
20221116,11:50:34,18619.35,50,393700
20221116,11:50:43,18620.20,50,393700
20221116,11:50:47,18621.00,50,393700
20221116,11:51:29,18621.30,100,393600
20221116,11:51:35,18621.30,50,393600
20221116,11:51:37,18624.55,50,393600
20221116,11:52:45,18620.30,50,393600
20221116,11:52:50,18620.55,50,393600
20221116,11:52:55,18620.70,50,393600
20221116,11:52:58,18620.50,50,393600
20221116,11:53:20,18618.00,100,393600
20221116,11:53:24,18620.00,50,393600
20221116,11:53:45,18618.15,300,393600
20221116,11:55:35,18621.00,50,393700
20221116,11:55:40,18622.80,100,393700
20221116,11:56:16,18622.70,50,393700
20221116,11:56:19,18620.50,100,393700
20221116,11:56:35,18622.55,50,393700
20221116,11:57:06,18622.00,50,393900
20221116,11:57:46,18620.10,100,393900
20221116,11:57:48,18618.45,100,393900
20221116,11:58:15,18620.40,50,393900
20221116,11:58:36,18620.00,50,393900
20221116,11:59:25,18622.00,50,393900
20221116,12:00:06,18620.00,100,394050
20221116,12:00:06,18619.95,100,394050
20221116,12:00:29,18618.15,50,394050
20221116,12:00:41,18617.90,50,394050
20221116,12:00:45,18617.90,100,394050
20221116,12:00:59,18616.50,50,394050
20221116,12:01:00,18616.50,50,394050
20221116,12:01:22,18613.35,150,394050
20221116,12:01:26,18615.00,50,394050
20221116,12:01:53,18612.70,50,394050
20221116,12:02:03,18615.00,100,394050
20221116,12:02:04,18615.30,100,394050
20221116,12:02:42,18614.00,50,394050
20221116,12:02:59,18614.00,100,394100
20221116,12:03:04,18613.95,50,394100
20221116,12:03:28,18615.65,50,394100
20221116,12:03:35,18615.75,50,394100
20221116,12:03:59,18613.70,50,394100
20221116,12:04:10,18616.45,50,394100
20221116,12:04:52,18612.70,50,394100
20221116,12:04:55,18614.65,100,394100
20221116,12:04:56,18611.80,50,394100
20221116,12:06:34,18610.30,50,394150
20221116,12:06:47,18609.35,50,394150
20221116,12:06:49,18606.00,100,394150
20221116,12:06:52,18609.70,50,394150
20221116,12:07:01,18605.75,700,394150
20221116,12:07:20,18605.75,50,394150
20221116,12:07:47,18609.00,50,394150
20221116,12:07:50,18609.00,50,394150
20221116,12:08:40,18610.50,50,394150
20221116,12:08:53,18605.40,50,394150
20221116,12:08:54,18605.35,50,394150
20221116,12:08:57,18605.35,50,394150
20221116,12:08:58,18604.55,50,394150
20221116,12:08:59,18603.00,50,393950
20221116,12:09:00,18605.05,50,393950
20221116,12:09:01,18605.15,200,393950
20221116,12:09:04,18603.00,50,393950
20221116,12:09:06,18602.00,50,393950
20221116,12:09:34,18600.50,50,393950
20221116,12:09:36,18600.50,50,393950
20221116,12:09:37,18600.50,50,393950
20221116,12:09:39,18601.00,50,393950
20221116,12:09:59,18598.00,1050,393950
20221116,12:10:07,18598.05,50,393950
20221116,12:10:15,18600.70,50,393950
20221116,12:10:18,18600.70,50,393950
20221116,12:10:48,18601.85,50,393950
20221116,12:10:51,18602.85,100,393950
20221116,12:10:52,18603.80,50,393950
20221116,12:10:53,18605.00,50,393950
20221116,12:10:59,18603.80,50,393950
20221116,12:11:09,18603.80,50,393950
20221116,12:11:32,18607.90,50,393950
20221116,12:13:20,18607.00,50,395100
20221116,12:13:24,18610.00,50,395100
20221116,12:13:28,18611.15,50,395100
20221116,12:13:43,18610.65,50,395100
20221116,12:13:51,18613.00,100,395100
20221116,12:13:58,18610.85,50,395100
20221116,12:14:21,18617.90,50,395100
20221116,12:14:46,18618.05,100,395100
20221116,12:15:32,18620.90,50,395250
20221116,12:15:42,18622.95,50,395250
20221116,12:15:46,18623.00,50,395250
20221116,12:15:51,18626.10,50,395250
20221116,12:16:10,18624.30,50,395250
20221116,12:17:19,18620.35,50,395250
20221116,12:17:20,18621.20,50,395250
20221116,12:17:29,18620.00,150,395250
20221116,12:17:33,18620.00,50,395250
20221116,12:17:38,18619.45,50,395250
20221116,12:17:47,18619.45,100,395250
20221116,12:18:44,18615.35,50,395650
20221116,12:18:51,18615.35,50,395650
20221116,12:18:54,18615.35,50,395650
20221116,12:19:14,18616.00,50,395650
20221116,12:20:05,18619.00,50,395650
20221116,12:21:19,18619.00,50,395900
20221116,12:21:53,18619.95,600,395900
20221116,12:24:10,18623.00,100,396200
20221116,12:24:52,18621.00,200,396200
20221116,12:25:06,18624.00,50,396200
20221116,12:25:09,18625.00,50,396200
20221116,12:25:27,18626.90,50,396200
20221116,12:25:39,18626.90,250,396200
20221116,12:26:06,18626.90,750,396200
20221116,12:26:31,18626.90,250,396200
20221116,12:26:33,18626.90,250,396200
20221116,12:26:37,18626.90,250,396200
20221116,12:26:38,18626.90,250,396200
20221116,12:26:39,18626.90,250,396200
20221116,12:26:41,18626.90,250,396200
20221116,12:26:51,18626.00,50,396200
20221116,12:27:42,18626.00,1000,398750
20221116,12:27:57,18623.55,100,398750
20221116,12:28:19,18621.05,50,398750
20221116,12:28:34,18621.45,50,398750
20221116,12:29:01,18622.65,50,398750
20221116,12:29:08,18623.30,200,398750
20221116,12:30:09,18625.20,50,399800
20221116,12:30:13,18626.90,50,399800
20221116,12:30:20,18626.20,50,399800
20221116,12:30:25,18625.90,50,399800
20221116,12:31:20,18625.00,50,399800
20221116,12:31:39,18629.25,150,399800
20221116,12:32:05,18631.35,100,399800
20221116,12:32:49,18632.00,50,399800
20221116,12:32:56,18632.00,50,399800
20221116,12:33:10,18633.75,50,399700
20221116,12:33:17,18631.40,50,399700
20221116,12:33:33,18633.15,50,399700
20221116,12:33:37,18633.15,50,399700
20221116,12:33:38,18632.10,50,399700
20221116,12:35:07,18634.65,50,399700
20221116,12:35:17,18634.65,50,399700
20221116,12:35:31,18630.80,100,399700
20221116,12:35:41,18631.60,100,399700
20221116,12:36:18,18632.00,50,399850
20221116,12:37:18,18625.00,50,399850
20221116,12:37:19,18625.00,50,399850
20221116,12:37:52,18621.00,100,399850
20221116,12:37:54,18621.00,300,399850
20221116,12:38:03,18621.00,50,399850
20221116,12:39:08,18623.00,500,399700
20221116,12:39:17,18623.10,50,399700
20221116,12:41:08,18622.40,50,399700
20221116,12:42:29,18620.00,50,399700
20221116,12:44:12,18619.25,50,399700
20221116,12:44:23,18620.15,50,399700
20221116,12:44:26,18622.00,50,399700
20221116,12:44:35,18621.05,50,399700
20221116,12:44:54,18624.05,100,399700
20221116,12:45:18,18623.25,50,399700
20221116,12:45:25,18624.00,150,399700
20221116,12:45:26,18624.15,300,399700
20221116,12:45:35,18627.15,350,399700
20221116,12:46:08,18628.00,50,399700
20221116,12:46:39,18624.00,250,399700
20221116,12:47:17,18620.40,50,399700
20221116,12:49:05,18617.15,50,400350
20221116,12:50:52,18617.00,100,400350
20221116,12:51:15,18617.00,250,400450
20221116,12:52:09,18620.00,1000,400450
20221116,12:52:19,18623.35,100,400450
20221116,12:52:21,18624.10,50,400450
20221116,12:52:44,18624.10,250,400450
20221116,12:52:51,18624.10,250,400450
20221116,12:52:53,18624.10,250,400450
20221116,12:52:56,18624.10,250,400450
20221116,12:52:57,18624.10,250,400450
20221116,12:53:04,18624.10,250,400450
20221116,12:53:25,18623.00,50,400450
20221116,12:53:33,18623.05,50,400450
20221116,12:53:57,18623.40,100,400450
20221116,12:54:02,18623.40,250,400450
20221116,12:54:04,18623.40,250,401550
20221116,12:54:06,18623.40,250,401550
20221116,12:54:09,18623.40,50,401550
20221116,12:54:10,18623.40,200,401550
20221116,12:54:26,18627.15,50,401550
20221116,12:55:01,18623.00,250,401550
20221116,12:55:50,18625.65,50,401550
20221116,12:55:58,18624.95,150,401550
20221116,12:56:23,18624.00,50,401550
20221116,12:56:53,18622.35,50,401550
20221116,12:57:11,18620.15,250,402550
20221116,12:57:16,18620.15,200,402550
20221116,12:57:35,18625.00,50,402550
20221116,12:57:36,18627.15,100,402550
20221116,12:59:38,18624.00,350,402550
20221116,12:59:39,18627.15,100,402550
20221116,12:59:42,18625.10,150,402550
20221116,13:00:05,18627.85,50,402550
20221116,13:00:06,18627.55,100,403200
20221116,13:00:17,18627.00,150,403200
20221116,13:00:19,18624.10,50,403200
20221116,13:00:46,18620.15,100,403200
20221116,13:03:32,18627.00,100,403300
20221116,13:05:41,18625.10,100,403300
20221116,13:06:02,18626.45,50,403300
20221116,13:06:28,18629.00,50,403150
20221116,13:07:38,18623.85,50,403150
20221116,13:08:12,18623.00,50,403150
20221116,13:08:36,18624.25,50,403150
20221116,13:11:12,18619.30,100,403000
20221116,13:11:13,18619.40,50,403000
20221116,13:12:10,18623.50,150,403050
20221116,13:12:15,18624.20,50,403050
20221116,13:12:47,18624.20,50,403050
20221116,13:14:04,18620.45,250,403050
20221116,13:14:07,18619.30,150,403050
20221116,13:14:17,18623.35,50,403050
20221116,13:15:36,18623.50,50,403200
20221116,13:15:50,18624.20,100,403200
20221116,13:15:53,18621.50,100,403200
20221116,13:16:08,18624.15,50,403200
20221116,13:16:28,18622.05,50,403200
20221116,13:16:31,18624.20,50,403200
20221116,13:17:49,18623.00,50,403200
20221116,13:19:37,18624.00,50,403300
20221116,13:19:41,18624.25,100,403300
20221116,13:19:45,18625.30,50,403300
20221116,13:21:07,18627.00,50,403300
20221116,13:21:31,18629.95,100,403250
20221116,13:21:45,18629.25,150,403250
20221116,13:22:52,18629.90,50,403250
20221116,13:23:28,18629.95,50,403250
20221116,13:23:29,18630.00,200,403250
20221116,13:23:35,18631.50,50,403250
20221116,13:24:18,18633.35,50,403600
20221116,13:24:24,18635.00,100,403600
20221116,13:24:40,18637.80,200,403600
20221116,13:24:49,18637.95,50,403600
20221116,13:24:56,18637.30,50,403600
20221116,13:24:58,18635.00,50,403600
20221116,13:25:19,18635.00,100,403600
20221116,13:25:31,18635.00,1000,403600
20221116,13:25:41,18638.00,50,403600
20221116,13:26:26,18638.00,50,403600
20221116,13:26:47,18640.00,50,403600
20221116,13:26:52,18639.15,50,403600
20221116,13:27:11,18640.85,50,403900
20221116,13:27:17,18640.15,50,403900
20221116,13:27:22,18640.15,50,403900
20221116,13:27:40,18638.00,50,403900
20221116,13:28:29,18638.90,100,403900
20221116,13:28:34,18641.00,50,403900
20221116,13:28:42,18641.00,50,403900
20221116,13:28:45,18643.00,50,403900
20221116,13:29:05,18641.15,50,403900
20221116,13:29:12,18641.15,50,403900
20221116,13:29:21,18639.65,500,403900
20221116,13:29:49,18634.10,100,403900
20221116,13:29:50,18634.10,200,403900
20221116,13:31:18,18633.40,50,403850
20221116,13:31:19,18632.70,50,403850
20221116,13:31:56,18632.10,50,403850
20221116,13:32:46,18627.05,50,403850
20221116,13:34:21,18633.05,50,403950
20221116,13:34:52,18632.30,50,403950
20221116,13:35:08,18633.90,150,403950
20221116,13:35:09,18633.90,50,403950
20221116,13:35:13,18633.90,50,403950
20221116,13:35:14,18633.90,50,403950
20221116,13:35:19,18634.00,50,403950
20221116,13:36:25,18638.35,50,403600
20221116,13:36:48,18638.35,500,403600
20221116,13:36:52,18638.35,500,403600
20221116,13:36:53,18638.35,500,403600
20221116,13:36:56,18640.00,50,403600
20221116,13:37:02,18639.75,50,403600
20221116,13:38:03,18639.75,500,403600
20221116,13:38:09,18642.95,50,403600
20221116,13:38:10,18644.00,50,403600
20221116,13:38:13,18644.00,500,403600
20221116,13:38:36,18644.00,50,403600
20221116,13:38:40,18644.00,50,403600
20221116,13:38:43,18644.00,1000,403600
20221116,13:39:00,18644.50,50,403600
20221116,13:39:14,18642.05,50,407050
20221116,13:39:22,18648.00,50,407050
20221116,13:39:30,18649.25,50,407050
20221116,13:39:32,18648.00,250,407050
20221116,13:39:33,18646.65,50,407050
20221116,13:39:39,18646.70,200,407050
20221116,13:39:42,18649.30,50,407050
20221116,13:39:46,18649.30,50,407050
20221116,13:39:48,18649.00,300,407050
20221116,13:40:10,18649.30,500,407050
20221116,13:40:22,18649.30,150,407050
20221116,13:40:27,18649.30,50,407050
20221116,13:40:28,18649.00,50,407050
20221116,13:40:40,18649.00,50,407050
20221116,13:40:50,18648.10,100,407050
20221116,13:40:51,18648.00,50,407050
20221116,13:40:52,18648.00,50,407050
20221116,13:40:53,18648.00,50,407050
20221116,13:41:00,18648.00,50,407050
20221116,13:41:13,18647.00,50,407050
20221116,13:41:15,18648.00,50,407050
20221116,13:41:17,18648.00,50,407050
20221116,13:41:24,18648.00,50,407050
20221116,13:41:25,18648.00,50,407050
20221116,13:41:27,18648.00,150,407050
20221116,13:41:54,18647.85,50,407050
20221116,13:42:30,18645.40,100,406000
20221116,13:43:26,18641.10,50,406000
20221116,13:43:45,18640.70,50,406000
20221116,13:44:09,18639.25,50,406000
20221116,13:44:16,18639.00,50,406000
20221116,13:44:25,18639.00,50,406000
20221116,13:44:26,18640.00,100,406000
20221116,13:44:26,18643.95,50,406000
20221116,13:44:36,18644.00,50,406000
20221116,13:44:46,18644.00,100,406000
20221116,13:44:52,18645.00,50,406000
20221116,13:45:04,18645.00,50,406000
20221116,13:45:41,18642.00,50,405950
20221116,13:45:55,18642.00,50,405950
20221116,13:46:15,18642.55,50,405950
20221116,13:46:27,18643.10,50,405950
20221116,13:46:41,18645.00,50,405950
20221116,13:46:49,18647.10,50,405950
20221116,13:46:55,18645.00,50,405950
20221116,13:47:20,18641.80,100,405950
20221116,13:47:29,18646.90,50,405950
20221116,13:48:34,18640.25,50,406050
20221116,13:48:41,18641.00,50,406050
20221116,13:48:49,18641.00,50,406050
20221116,13:49:17,18641.40,450,406050
20221116,13:49:42,18641.40,50,406050
20221116,13:49:44,18641.40,50,406050
20221116,13:49:45,18645.45,100,406050
20221116,13:49:51,18647.00,50,406050
20221116,13:50:08,18648.00,50,406050
20221116,13:50:19,18649.00,50,406050
20221116,13:50:21,18649.95,50,406050
20221116,13:50:24,18651.00,850,406050
20221116,13:50:26,18652.00,50,406050
20221116,13:50:30,18654.20,100,406050
20221116,13:50:31,18654.20,50,406050
20221116,13:50:32,18650.50,50,406050
20221116,13:51:04,18648.40,50,406050
20221116,13:51:09,18650.00,50,406050
20221116,13:51:56,18648.00,50,405900
20221116,13:52:15,18646.60,100,405900
20221116,13:52:32,18648.60,50,405900
20221116,13:52:50,18646.50,150,405900
20221116,13:52:52,18648.60,50,405900
20221116,13:53:41,18646.75,50,405900
20221116,13:53:42,18641.95,50,405900
20221116,13:53:46,18641.60,50,405900
20221116,13:54:51,18644.35,250,406150
20221116,13:55:01,18641.60,50,406150
20221116,13:55:13,18640.00,100,406150
20221116,13:55:36,18641.60,50,406150
20221116,13:57:01,18641.60,50,406150
20221116,13:58:20,18644.90,50,406250
20221116,13:59:12,18644.35,100,406250
20221116,13:59:42,18641.00,50,406250
20221116,14:00:37,18640.05,50,406200
20221116,14:00:55,18638.35,200,406200
20221116,14:01:16,18636.60,150,406200
20221116,14:02:52,18635.00,100,406200
20221116,14:03:23,18633.00,50,406100
20221116,14:03:51,18635.40,50,406100
20221116,14:03:54,18630.30,150,406100
20221116,14:04:04,18630.00,50,406100
20221116,14:04:21,18625.95,50,406100
20221116,14:04:52,18625.00,50,406100
20221116,14:05:07,18624.00,100,406100
20221116,14:05:08,18622.00,100,406100
20221116,14:05:11,18621.00,50,406100
20221116,14:05:12,18617.80,200,406100
20221116,14:05:27,18618.95,50,406100
20221116,14:05:35,18618.95,50,406100
20221116,14:05:37,18618.60,50,406100
20221116,14:06:08,18616.00,50,406100
20221116,14:06:09,18616.95,50,406100
20221116,14:06:10,18615.05,50,406100
20221116,14:06:20,18615.00,100,406300
20221116,14:06:21,18615.00,50,406300
20221116,14:06:28,18614.00,50,406300
20221116,14:06:29,18613.75,50,406300
20221116,14:06:33,18613.75,50,406300
20221116,14:06:44,18613.75,150,406300
20221116,14:06:46,18615.00,50,406300
20221116,14:07:01,18615.00,50,406300
20221116,14:07:10,18613.75,100,406300
20221116,14:07:28,18612.00,50,406300
20221116,14:07:33,18615.00,50,406300
20221116,14:07:42,18612.20,50,406300
20221116,14:08:10,18610.00,150,406300
20221116,14:08:11,18609.80,50,406300
20221116,14:08:21,18606.30,50,406300
20221116,14:08:34,18605.85,100,406300
20221116,14:08:39,18606.90,50,406300
20221116,14:08:53,18610.00,50,406300
20221116,14:09:09,18610.00,50,406300
20221116,14:09:35,18612.20,50,406500
20221116,14:09:46,18614.50,50,406500
20221116,14:10:03,18611.50,50,406500
20221116,14:10:25,18614.20,50,406500
20221116,14:10:50,18614.20,50,406500
20221116,14:11:15,18614.15,50,406500
20221116,14:11:22,18611.05,200,406500
20221116,14:11:26,18614.20,50,406500
20221116,14:12:02,18614.20,50,406500
20221116,14:12:13,18614.20,50,406500
20221116,14:12:15,18615.25,100,406500
20221116,14:12:16,18613.80,50,406500
20221116,14:12:25,18613.00,100,406450
20221116,14:13:10,18615.00,150,406450
20221116,14:13:16,18615.00,100,406450
20221116,14:13:22,18613.00,100,406450
20221116,14:13:27,18614.35,100,406450
20221116,14:13:41,18614.95,50,406450
20221116,14:13:45,18613.00,150,406450
20221116,14:13:48,18613.00,100,406450
20221116,14:13:53,18613.00,50,406450
20221116,14:14:06,18613.00,100,406450
20221116,14:14:31,18612.00,50,406450
20221116,14:14:44,18610.00,100,406450
20221116,14:14:45,18610.00,50,406450
20221116,14:14:46,18607.00,50,406450
20221116,14:14:57,18606.00,50,406450
20221116,14:15:02,18605.00,150,406450
20221116,14:15:03,18603.75,200,406450
20221116,14:15:04,18601.60,50,406450
20221116,14:15:27,18601.60,50,406700
20221116,14:15:40,18600.00,400,406700
20221116,14:15:42,18600.00,50,406700
20221116,14:15:50,18605.90,50,406700
20221116,14:15:52,18601.30,50,406700
20221116,14:15:56,18604.35,50,406700
20221116,14:16:12,18601.65,100,406700
20221116,14:16:35,18606.75,50,406700
20221116,14:16:53,18605.60,50,406700
20221116,14:17:04,18605.00,50,406700
20221116,14:17:35,18605.75,50,406700
20221116,14:17:45,18608.00,50,406700
20221116,14:18:00,18605.00,150,406700
20221116,14:18:18,18602.00,100,406700
20221116,14:18:28,18603.25,500,407300
20221116,14:18:35,18602.00,50,407300
20221116,14:18:53,18603.00,50,407300
20221116,14:18:58,18601.05,50,407300
20221116,14:19:06,18601.05,50,407300
20221116,14:19:08,18600.00,100,407300
20221116,14:19:12,18600.00,350,407300
20221116,14:19:20,18599.20,50,407300
20221116,14:19:20,18598.60,50,407300
20221116,14:19:46,18598.60,50,407300
20221116,14:19:54,18599.30,50,407300
20221116,14:19:56,18596.25,200,407300
20221116,14:20:21,18596.00,200,407300
20221116,14:20:22,18596.00,200,407300
20221116,14:20:38,18592.50,50,407300
20221116,14:20:48,18595.00,50,407300
20221116,14:21:08,18592.45,100,407300
20221116,14:21:09,18591.00,100,407300
20221116,14:21:17,18591.00,50,407300
20221116,14:21:25,18591.00,100,407650
20221116,14:21:30,18590.80,350,407650
20221116,14:21:31,18590.80,50,407650
20221116,14:21:32,18590.00,50,407650
20221116,14:21:36,18590.00,100,407650
20221116,14:21:37,18590.00,450,407650
20221116,14:21:38,18588.00,50,407650
20221116,14:21:39,18588.20,100,407650
20221116,14:21:42,18588.00,150,407650
20221116,14:21:46,18585.00,100,407650
20221116,14:21:49,18588.05,50,407650
20221116,14:21:55,18588.80,100,407650
20221116,14:22:02,18582.85,100,407650
20221116,14:22:10,18584.75,100,407650
20221116,14:22:50,18588.00,50,407650
20221116,14:22:56,18586.90,50,407650
20221116,14:22:58,18584.75,150,407650
20221116,14:23:03,18584.00,50,407650
20221116,14:23:10,18584.00,50,407650
20221116,14:23:19,18582.00,100,407650
20221116,14:23:49,18583.50,50,407650
20221116,14:23:51,18583.50,500,407650
20221116,14:23:59,18583.55,50,407650
20221116,14:24:00,18583.55,500,407650
20221116,14:24:00,18586.80,50,407650
20221116,14:24:11,18588.85,100,407650
20221116,14:24:19,18588.00,50,407650
20221116,14:24:31,18589.85,50,410100
20221116,14:24:37,18588.70,50,410100
20221116,14:24:43,18585.60,50,410100
20221116,14:24:47,18587.95,50,410100
20221116,14:24:55,18587.75,50,410100
20221116,14:25:11,18590.25,50,410100
20221116,14:25:33,18597.05,50,410100
20221116,14:25:55,18594.00,50,410100
20221116,14:26:07,18600.95,50,410100
20221116,14:26:08,18599.35,50,410100
20221116,14:26:26,18596.80,100,410100
20221116,14:26:29,18601.00,50,410100
20221116,14:26:36,18600.50,50,410100
20221116,14:26:42,18599.70,50,410100
20221116,14:27:08,18595.00,50,410100
20221116,14:27:18,18595.70,50,410100
20221116,14:27:23,18595.70,250,410400
20221116,14:27:24,18592.25,50,410400
20221116,14:27:25,18592.25,500,410400
20221116,14:27:27,18592.25,500,410400
20221116,14:27:29,18592.25,500,410400
20221116,14:28:09,18592.25,50,410400
20221116,14:28:12,18593.20,50,410400
20221116,14:28:13,18594.25,50,410400
20221116,14:28:23,18597.00,50,410400
20221116,14:28:26,18596.25,50,410400
20221116,14:28:32,18596.05,50,410400
20221116,14:28:36,18599.00,50,410400
20221116,14:28:37,18601.60,100,410400
20221116,14:29:01,18598.75,50,410400
20221116,14:29:06,18599.80,50,410400
20221116,14:29:54,18601.00,50,410400
20221116,14:29:55,18599.00,50,410400
20221116,14:30:04,18599.80,50,410400
20221116,14:30:12,18598.65,50,410400
20221116,14:30:25,18600.85,100,412550
20221116,14:30:41,18600.00,50,412550
20221116,14:31:03,18595.45,50,412550
20221116,14:31:12,18595.00,50,412550
20221116,14:31:14,18598.60,50,412550
20221116,14:31:45,18590.95,50,412550
20221116,14:32:06,18590.00,50,412550
20221116,14:32:28,18592.75,50,412550
20221116,14:32:50,18596.05,50,412550
20221116,14:33:39,18595.00,50,412550
20221116,14:33:59,18592.00,50,412550
20221116,14:34:05,18590.55,50,412550
20221116,14:34:13,18590.00,50,412550
20221116,14:34:50,18585.00,50,412550
20221116,14:35:03,18585.00,550,412550
20221116,14:35:19,18583.00,50,412550
20221116,14:35:26,18582.00,200,412550
20221116,14:35:27,18582.80,50,412550
20221116,14:35:36,18580.35,50,412550
20221116,14:35:39,18580.10,50,412550
20221116,14:35:41,18580.00,450,412550
20221116,14:35:56,18582.05,50,412550
20221116,14:36:10,18584.40,100,412550
20221116,14:36:13,18581.50,50,412550
20221116,14:36:23,18584.05,300,413500
20221116,14:36:31,18584.40,50,413500
20221116,14:37:06,18592.00,50,413500
20221116,14:37:08,18592.00,50,413500
20221116,14:37:37,18590.95,50,413500
20221116,14:38:10,18584.40,50,413500
20221116,14:38:11,18584.40,100,413500
20221116,14:38:12,18584.00,50,413500
20221116,14:38:36,18584.00,50,413500
20221116,14:38:38,18580.50,100,413500
20221116,14:38:42,18582.15,50,413500
20221116,14:39:02,18580.05,50,413500
20221116,14:39:05,18580.00,150,413500
20221116,14:39:06,18578.20,50,413500
20221116,14:39:08,18578.00,50,413500
20221116,14:39:09,18579.60,50,413500
20221116,14:39:15,18577.00,200,413500
20221116,14:39:24,18581.00,50,414150
20221116,14:39:27,18584.25,50,414150
20221116,14:39:48,18582.35,50,414150
20221116,14:39:55,18579.20,50,414150
20221116,14:40:00,18581.85,50,414150
20221116,14:40:06,18580.00,50,414150
20221116,14:40:26,18583.35,50,414150
20221116,14:40:44,18580.30,50,414150
20221116,14:40:45,18580.00,100,414150
20221116,14:41:01,18577.00,50,414150
20221116,14:41:05,18580.05,50,414150
20221116,14:41:15,18577.00,50,414150
20221116,14:41:16,18575.00,900,414150
20221116,14:41:20,18570.00,2050,414150
20221116,14:41:23,18569.45,50,414150
20221116,14:41:30,18568.00,150,414150
20221116,14:41:37,18567.95,50,414150
20221116,14:41:40,18567.00,100,414150
20221116,14:41:42,18565.00,100,414150
20221116,14:41:45,18565.00,50,414150
20221116,14:41:58,18565.00,50,414150
20221116,14:42:01,18565.65,50,414150
20221116,14:42:02,18569.10,500,414150
20221116,14:42:10,18565.00,50,414150
20221116,14:42:11,18562.15,50,414150
20221116,14:42:14,18562.15,100,414150
20221116,14:42:17,18561.80,50,414150
20221116,14:42:19,18560.05,250,414150
20221116,14:42:22,18554.25,3050,414150
20221116,14:42:37,18554.25,100,418150
20221116,14:43:03,18561.90,50,418150
20221116,14:43:04,18561.90,450,418150
20221116,14:43:28,18565.00,350,418150
20221116,14:43:32,18565.00,1150,418150
20221116,14:43:43,18563.55,50,418150
20221116,14:43:46,18563.85,50,418150
20221116,14:43:56,18565.45,200,418150
20221116,14:43:58,18561.60,100,418150
20221116,14:44:07,18564.00,50,418150
20221116,14:44:41,18574.00,50,418150
20221116,14:44:45,18576.05,500,418150
20221116,14:44:53,18575.10,50,418150
20221116,14:45:05,18579.30,50,418150
20221116,14:45:11,18584.20,50,418150
20221116,14:45:49,18579.20,50,418700
20221116,14:46:16,18572.15,100,418700
20221116,14:46:17,18569.85,50,418700
20221116,14:46:21,18572.25,50,418700
20221116,14:47:16,18579.65,50,418700
20221116,14:47:17,18580.00,50,418700
20221116,14:47:18,18580.00,50,418700
20221116,14:47:20,18580.00,50,418700
20221116,14:47:21,18580.25,50,418700
20221116,14:47:22,18581.00,50,418700
20221116,14:47:40,18580.00,200,418700
20221116,14:47:41,18580.00,50,418700
20221116,14:48:01,18576.20,1600,418700
20221116,14:48:30,18575.00,50,420100
20221116,14:48:50,18577.90,50,420100
20221116,14:48:51,18575.80,50,420100
20221116,14:49:03,18575.00,50,420100
20221116,14:49:29,18577.95,50,420100
20221116,14:49:52,18578.25,100,420100
20221116,14:50:10,18581.00,50,420100
20221116,14:50:13,18586.00,150,420100
20221116,14:50:18,18585.95,50,420100
20221116,14:50:20,18586.35,50,420100
20221116,14:50:23,18587.45,50,420100
20221116,14:50:24,18588.40,50,420100
20221116,14:50:53,18589.35,50,420100
20221116,14:50:57,18590.00,400,420100
20221116,14:50:58,18590.00,50,420100
20221116,14:51:00,18589.95,200,420100
20221116,14:51:13,18590.00,150,420100
20221116,14:51:14,18590.00,250,420100
20221116,14:51:32,18590.00,50,420450
20221116,14:51:33,18590.00,350,420450
20221116,14:51:34,18592.00,50,420450
20221116,14:51:35,18592.00,50,420450
20221116,14:51:37,18592.00,50,420450
20221116,14:51:38,18594.80,50,420450
20221116,14:51:39,18592.35,50,420450
20221116,14:51:41,18593.60,50,420450
20221116,14:52:08,18591.15,50,420450
20221116,14:52:20,18587.05,200,420450
20221116,14:52:24,18590.90,50,420450
20221116,14:52:39,18590.90,50,420450
20221116,14:52:48,18589.35,50,420450
20221116,14:53:10,18593.90,50,420450
20221116,14:53:28,18594.00,50,420450
20221116,14:53:50,18595.00,50,420450
20221116,14:53:58,18594.75,50,420450
20221116,14:54:11,18592.15,50,420450
20221116,14:54:15,18595.00,50,420450
20221116,14:54:19,18595.00,50,420450
20221116,14:54:24,18595.00,50,420450
20221116,14:54:30,18595.00,100,420950
20221116,14:54:34,18595.00,50,420950
20221116,14:55:17,18597.70,50,420950
20221116,14:55:28,18595.00,50,420950
20221116,14:55:50,18595.00,50,420950
20221116,14:56:46,18598.00,50,420950
20221116,14:56:51,18604.65,150,420950
20221116,14:56:57,18600.70,50,420950
20221116,14:57:32,18602.05,100,421150
20221116,14:57:43,18604.35,50,421150
20221116,14:57:45,18605.00,100,421150
20221116,14:57:47,18606.00,50,421150
20221116,14:57:54,18609.30,50,421150
20221116,14:57:55,18609.75,100,421150
20221116,14:58:01,18608.75,200,421150
20221116,14:58:02,18610.00,200,421150
20221116,14:58:08,18612.00,100,421150
20221116,14:58:10,18612.70,50,421150
20221116,14:58:14,18612.35,50,421150
20221116,14:58:32,18611.50,50,421150
20221116,14:58:39,18610.70,50,421150
20221116,14:58:40,18610.00,250,421150
20221116,14:58:47,18610.55,50,421150
20221116,14:58:49,18610.00,50,421150
20221116,14:59:32,18610.00,350,421150
20221116,14:59:33,18610.00,200,421150
20221116,14:59:36,18610.00,600,421150
20221116,14:59:41,18612.00,100,421150
20221116,15:00:00,18613.00,200,421150
20221116,15:00:04,18614.00,50,421150
20221116,15:00:05,18614.00,100,421150
20221116,15:00:11,18613.00,1550,421150
20221116,15:00:12,18612.00,50,421150
20221116,15:00:23,18612.00,50,421150
20221116,15:00:39,18613.80,50,422050
20221116,15:00:53,18613.50,50,422050
20221116,15:00:54,18614.00,50,422050
20221116,15:00:56,18615.00,250,422050
20221116,15:00:59,18614.40,50,422050
20221116,15:01:02,18615.00,300,422050
20221116,15:01:05,18617.00,50,422050
20221116,15:01:08,18621.85,100,422050
20221116,15:01:30,18623.30,50,422050
20221116,15:01:34,18622.60,50,422050
20221116,15:01:37,18621.00,50,422050
20221116,15:01:39,18621.00,50,422050
20221116,15:01:41,18621.00,50,422050
20221116,15:02:01,18616.70,200,422050
20221116,15:02:27,18621.00,1000,422050
20221116,15:02:28,18618.00,200,422050
20221116,15:02:28,18619.15,50,422050
20221116,15:02:35,18620.00,50,422050
20221116,15:02:43,18620.00,50,422050
20221116,15:02:44,18620.00,50,422050
20221116,15:02:48,18623.45,200,422050
20221116,15:03:01,18620.00,50,422050
20221116,15:03:08,18620.00,100,422050
20221116,15:03:28,18622.00,400,422550
20221116,15:03:29,18622.00,650,422550
20221116,15:03:35,18620.05,50,422550
20221116,15:03:44,18622.00,50,422550
20221116,15:03:46,18622.00,600,422550
20221116,15:03:50,18622.00,50,422550
20221116,15:03:56,18622.00,100,422550
20221116,15:04:03,18620.00,350,422550
20221116,15:04:05,18620.00,50,422550
20221116,15:04:06,18620.00,50,422550
20221116,15:04:07,18620.00,600,422550
20221116,15:04:20,18620.00,50,422550
20221116,15:04:21,18622.00,50,422550
20221116,15:04:24,18622.00,200,422550
20221116,15:04:26,18622.00,250,422550
20221116,15:04:44,18620.35,50,422550
20221116,15:04:51,18618.00,150,422550
20221116,15:05:03,18610.80,150,422550
20221116,15:05:14,18613.05,150,422550
20221116,15:05:19,18609.50,50,422550
20221116,15:05:26,18607.45,200,422550
20221116,15:05:38,18609.05,50,422550
20221116,15:05:42,18610.70,50,422550
20221116,15:05:59,18613.90,50,422550
20221116,15:06:00,18614.00,50,422550
20221116,15:06:11,18609.05,50,422550
20221116,15:06:33,18615.00,50,422550
20221116,15:06:34,18615.00,50,421100
20221116,15:06:41,18614.00,50,421100
20221116,15:06:52,18620.40,250,421100
20221116,15:06:54,18619.70,50,421100
20221116,15:07:02,18622.00,100,421100
20221116,15:07:03,18623.00,100,421100
20221116,15:07:05,18627.00,200,421100
20221116,15:07:06,18624.65,50,421100
20221116,15:07:08,18624.20,100,421100
20221116,15:07:14,18625.00,50,421100
20221116,15:07:28,18625.00,50,421100
20221116,15:07:33,18625.85,50,421100
20221116,15:07:54,18624.00,50,421100
20221116,15:07:56,18625.65,50,421100
20221116,15:08:14,18625.00,50,421100
20221116,15:08:15,18625.00,150,421100
20221116,15:08:19,18622.35,50,421100
20221116,15:08:29,18623.75,50,421100
20221116,15:08:46,18621.80,50,421100
20221116,15:08:48,18623.75,50,421100
20221116,15:08:53,18624.00,50,421100
20221116,15:09:17,18625.00,100,421100
20221116,15:09:23,18625.00,100,421100
20221116,15:09:32,18624.25,50,421000
20221116,15:09:42,18624.35,100,421000
20221116,15:10:09,18626.00,50,421000
20221116,15:10:10,18625.45,50,421000
20221116,15:10:33,18625.30,250,421000
20221116,15:10:41,18626.20,50,421000
20221116,15:10:46,18625.30,50,421000
20221116,15:10:49,18625.00,100,421000
20221116,15:10:57,18627.45,50,421000
20221116,15:11:01,18629.00,50,421000
20221116,15:11:03,18630.00,100,421000
20221116,15:11:04,18630.85,50,421000
20221116,15:11:10,18627.35,50,421000
20221116,15:11:14,18627.10,50,421000
20221116,15:11:18,18626.00,100,421000
20221116,15:11:47,18621.30,50,421000
20221116,15:12:08,18619.90,50,421000
20221116,15:12:16,18620.05,50,421000
20221116,15:12:21,18621.90,50,421000
20221116,15:12:34,18625.00,100,420550
20221116,15:12:35,18625.00,150,420550
20221116,15:13:07,18621.15,500,420550
20221116,15:13:48,18624.75,50,420550
20221116,15:14:27,18619.45,100,420550
20221116,15:14:30,18620.00,100,420550
20221116,15:15:32,18622.65,50,420700
20221116,15:15:42,18624.10,100,420700
20221116,15:16:00,18623.80,50,420700
20221116,15:16:06,18619.60,50,420700
20221116,15:16:07,18615.40,100,420700
20221116,15:16:24,18614.10,50,420700
20221116,15:16:49,18615.70,50,420700
20221116,15:17:00,18613.00,50,420700
20221116,15:17:14,18611.20,50,420700
20221116,15:17:17,18610.00,250,420700
20221116,15:17:39,18610.15,50,420700
20221116,15:17:42,18610.30,200,420700
20221116,15:17:47,18613.35,50,420700
20221116,15:18:07,18610.00,200,420700
20221116,15:18:08,18610.00,50,420700
20221116,15:18:09,18610.00,100,420700
20221116,15:18:21,18605.35,150,420700
20221116,15:18:26,18609.00,50,420700
20221116,15:18:27,18605.45,50,420700
20221116,15:18:33,18606.00,150,420800
20221116,15:18:34,18605.70,50,420800
20221116,15:18:36,18610.00,50,420800
20221116,15:18:42,18606.40,200,420800
20221116,15:19:41,18607.65,50,420800
20221116,15:19:47,18610.00,50,420800
20221116,15:19:51,18609.45,50,420800
20221116,15:20:29,18610.80,50,420800
20221116,15:20:51,18610.00,50,420800
20221116,15:20:52,18605.80,150,420800
20221116,15:20:56,18605.80,500,420800
20221116,15:20:59,18605.80,550,420800
20221116,15:21:38,18609.00,50,422150
20221116,15:21:48,18609.00,500,422150
20221116,15:21:52,18609.35,250,422150
20221116,15:22:01,18610.00,50,422150
20221116,15:22:04,18610.60,50,422150
20221116,15:22:08,18610.65,50,422150
20221116,15:22:11,18612.00,100,422150
20221116,15:22:19,18612.00,100,422150
20221116,15:22:20,18612.00,350,422150
20221116,15:22:23,18612.00,800,422150
20221116,15:22:24,18612.00,200,422150
20221116,15:22:33,18612.00,400,422150
20221116,15:22:38,18614.65,100,422150
20221116,15:23:32,18614.65,200,422150
20221116,15:23:36,18615.00,50,422150
20221116,15:23:47,18617.00,200,422150
20221116,15:23:54,18614.65,50,422150
20221116,15:24:00,18614.00,50,422150
20221116,15:24:17,18615.00,50,422150
20221116,15:24:33,18615.00,50,421600
20221116,15:24:48,18615.65,500,421600
20221116,15:25:00,18614.00,50,421600
20221116,15:25:20,18614.00,50,421600
20221116,15:26:13,18611.15,50,421600
20221116,15:26:17,18611.75,50,421600
20221116,15:26:33,18612.45,300,421600
20221116,15:27:03,18614.90,50,421600
20221116,15:27:12,18614.90,100,421600
20221116,15:27:14,18614.90,50,421600
20221116,15:27:22,18614.90,200,421600
20221116,15:27:25,18612.45,50,421600
20221116,15:27:26,18614.80,50,421600
20221116,15:27:49,18615.00,350,421600
20221116,15:27:51,18617.00,50,421600
20221116,15:28:00,18617.70,100,421600
20221116,15:28:02,18616.00,50,421600
20221116,15:28:04,18616.00,100,421600
20221116,15:28:10,18615.60,50,421600
20221116,15:28:14,18614.00,100,421600
20221116,15:28:17,18612.65,50,421600
20221116,15:28:18,18612.00,50,421600
20221116,15:28:21,18611.05,50,421600
20221116,15:28:21,18610.75,50,421600
20221116,15:28:25,18610.00,300,421600
20221116,15:28:30,18608.50,250,421600
20221116,15:28:43,18608.30,50,421600
20221116,15:28:44,18611.95,50,421600
20221116,15:28:50,18609.75,100,421600
20221116,15:28:53,18610.00,50,421600
20221116,15:28:58,18610.00,350,421600
20221116,15:29:09,18610.00,50,421600
20221116,15:29:10,18610.00,250,421600
20221116,15:29:15,18612.70,100,421600
20221116,15:29:26,18600.00,1800,421600
20221116,15:29:30,18607.05,50,421600
20221116,15:29:54,18604.75,400,421600
20221116,15:29:55,18612.00,100,421600
