20221116,09:15:00,18545.00,1,1997050
20221116,09:15:00,18545.00,100,1997050
20221116,09:15:01,18564.65,400,1997050
20221116,09:15:01,18544.05,400,1997050
20221116,09:15:02,18534.75,3150,1997050
20221116,09:15:03,18548.55,250,1997050
20221116,09:15:04,18550.00,550,1997050
20221116,09:15:05,18545.25,900,1997050
20221116,09:15:06,18538.95,450,1997050
20221116,09:15:07,18546.05,1100,1997050
20221116,09:15:08,18533.80,4800,1997050
20221116,09:15:09,18544.10,1450,1997050
20221116,09:15:10,18545.20,100,1997050
20221116,09:15:11,18545.00,150,1997050
20221116,09:15:12,18541.35,250,1997050
20221116,09:15:13,18546.85,50,1997050
20221116,09:15:14,18545.70,50,1997050
20221116,09:15:15,18541.95,350,1997050
20221116,09:15:16,18547.40,300,1997050
20221116,09:15:17,18545.00,150,1997050
20221116,09:15:18,18546.75,550,1997050
20221116,09:15:19,18550.00,950,1997050
20221116,09:15:20,18550.10,2500,1997050
20221116,09:15:22,18550.95,250,1997050
20221116,09:15:24,18553.30,100,1997050
20221116,09:15:25,18554.70,300,1997050
20221116,09:15:26,18551.10,50,1997050
20221116,09:15:28,18551.05,200,1997050
20221116,09:15:29,18550.10,1850,1997050
20221116,09:15:30,18549.15,250,1997050
20221116,09:15:33,18545.45,50,1997050
20221116,09:15:37,18548.40,50,1997050
20221116,09:15:38,18547.25,550,1997050
20221116,09:15:39,18545.20,100,1997050
20221116,09:15:40,18545.75,400,1997050
20221116,09:15:41,18548.60,100,1997050
20221116,09:15:43,18548.05,250,1997050
20221116,09:15:44,18548.05,50,1997050
20221116,09:15:46,18547.55,200,1997050
20221116,09:15:48,18545.45,100,1997050
20221116,09:15:50,18542.05,200,1997050
20221116,09:15:52,18541.80,100,1997050
20221116,09:15:53,18541.75,50,1997050
20221116,09:15:55,18540.00,150,1997050
20221116,09:15:56,18540.00,100,1997050
20221116,09:15:57,18536.00,350,1997050
20221116,09:15:58,18539.05,200,1997050
20221116,09:15:59,18536.80,50,1997050
20221116,09:16:00,18535.80,100,1997050
20221116,09:16:01,18536.60,50,1997050
20221116,09:16:02,18537.95,100,1997050
20221116,09:16:03,18537.45,50,1997050
20221116,09:16:04,18535.00,300,1997050
20221116,09:16:05,18535.80,100,1997050
20221116,09:16:07,18538.40,150,1997050
20221116,09:16:08,18535.00,50,1997050
20221116,09:16:09,18536.05,50,1997050
20221116,09:16:10,18535.50,650,1997050
20221116,09:16:11,18535.05,400,1997050
20221116,09:16:12,18535.00,200,1997050
20221116,09:16:13,18536.25,250,1997050
20221116,09:16:15,18535.05,50,1997050
20221116,09:16:20,18535.00,50,1997050
20221116,09:16:21,18535.50,50,1997050
20221116,09:16:23,18535.10,100,1997050
20221116,09:16:24,18536.10,200,1997050
20221116,09:16:25,18535.50,550,1997050
20221116,09:16:26,18535.00,500,1997050
20221116,09:16:27,18532.00,650,1997050
20221116,09:16:28,18530.60,150,1997050
20221116,09:16:29,18530.60,450,1997050
20221116,09:16:30,18532.25,250,1997050
20221116,09:16:31,18530.80,150,1997050
20221116,09:16:32,18530.00,450,1997050
20221116,09:16:34,18530.00,1350,1997050
20221116,09:16:34,18529.60,200,1997050
20221116,09:16:35,18526.80,600,1997050
20221116,09:16:36,18526.90,400,1997050
20221116,09:16:37,18524.25,1700,1997050
20221116,09:16:38,18522.35,1850,1997050
20221116,09:16:39,18521.95,1950,1997050
20221116,09:16:41,18521.65,500,1997050
20221116,09:16:42,18522.10,150,1997050
20221116,09:16:43,18525.65,150,1997050
20221116,09:16:44,18525.00,100,1997050
20221116,09:16:45,18525.00,250,1997050
20221116,09:16:46,18525.00,100,1997050
20221116,09:16:48,18523.10,400,1997050
20221116,09:16:49,18522.95,50,1997050
20221116,09:16:50,18522.10,150,1997050
20221116,09:16:51,18521.95,150,1997050
20221116,09:16:52,18521.65,100,1997050
20221116,09:16:53,18521.65,50,1997050
20221116,09:16:55,18521.00,200,1997050
20221116,09:16:55,18519.50,1000,1997050
20221116,09:16:56,18520.00,350,1997050
20221116,09:16:57,18519.00,150,1997050
20221116,09:17:00,18519.00,150,1997050
20221116,09:17:01,18523.10,50,1997050
20221116,09:17:03,18523.00,650,1997050
20221116,09:17:03,18521.65,50,1997050
20221116,09:17:04,18521.65,150,1997050
20221116,09:17:05,18520.00,100,1997050
20221116,09:17:06,18519.00,50,1997050
20221116,09:17:07,18516.85,100,1997050
20221116,09:17:08,18516.85,150,1997050
20221116,09:17:10,18516.90,300,1997050
20221116,09:17:10,18519.15,100,1997050
20221116,09:17:11,18516.25,200,1997050
20221116,09:17:12,18514.25,250,1997050
20221116,09:17:13,18514.25,50,1997050
20221116,09:17:14,18513.40,100,1997050
20221116,09:17:15,18517.85,200,1997050
20221116,09:17:17,18514.35,350,1997050
20221116,09:17:18,18515.30,100,1997050
20221116,09:17:19,18518.30,50,1997050
20221116,09:17:20,18517.60,550,1997050
20221116,09:17:21,18517.00,150,1997050
20221116,09:17:22,18517.75,100,1997050
20221116,09:17:24,18519.25,150,1997050
20221116,09:17:24,18518.90,50,1997050
20221116,09:17:25,18522.95,500,1997050
20221116,09:17:26,18522.95,100,1997050
20221116,09:17:27,18522.95,500,1997050
20221116,09:17:28,18522.95,400,1997050
20221116,09:17:29,18522.70,250,1997050
20221116,09:17:31,18519.05,100,1997050
20221116,09:17:31,18518.95,100,1997050
20221116,09:17:32,18518.75,50,1997050
20221116,09:17:33,18522.80,150,1997050
20221116,09:17:40,18522.60,50,2000100
20221116,09:17:41,18520.15,50,2000100
20221116,09:17:43,18522.60,400,2000100
20221116,09:17:44,18522.60,150,2000100
20221116,09:17:45,18520.65,100,2000100
20221116,09:17:48,18523.10,150,2000100
20221116,09:17:50,18523.60,450,2000100
20221116,09:17:51,18527.50,750,2000100
20221116,09:17:52,18523.50,300,2000100
20221116,09:17:53,18526.00,150,2000100
20221116,09:17:54,18524.30,50,2000100
20221116,09:17:56,18523.15,50,2000100
20221116,09:17:57,18523.55,100,2000100
20221116,09:17:58,18523.65,50,2000100
20221116,09:18:01,18527.60,50,2000100
20221116,09:18:04,18528.30,150,2000100
20221116,09:18:04,18527.15,100,2000100
20221116,09:18:05,18528.30,150,2000100
20221116,09:18:06,18525.30,150,2000100
20221116,09:18:07,18529.95,250,2000100
20221116,09:18:08,18527.80,300,2000100
20221116,09:18:09,18527.60,200,2000100
20221116,09:18:11,18528.05,50,2000100
20221116,09:18:12,18531.20,50,2000100
20221116,09:18:13,18531.95,50,2000100
20221116,09:18:14,18528.00,100,2000100
20221116,09:18:15,18528.45,50,2000100
20221116,09:18:16,18527.05,50,2000100
20221116,09:18:19,18529.70,250,2000100
20221116,09:18:22,18528.60,150,2000100
20221116,09:18:23,18527.00,50,2000100
20221116,09:18:27,18528.70,50,2000100
20221116,09:18:28,18527.05,100,2000100
20221116,09:18:29,18527.05,150,2000100
20221116,09:18:30,18527.00,100,2000100
20221116,09:18:32,18527.00,50,2000100
20221116,09:18:34,18527.00,100,2000100
20221116,09:18:36,18527.00,150,2000100
20221116,09:18:37,18527.00,250,2000100
20221116,09:18:38,18527.00,150,2000100
20221116,09:18:39,18527.00,100,2000100
20221116,09:18:43,18528.60,100,2000100
20221116,09:18:45,18527.00,150,2000100
20221116,09:18:46,18525.05,50,2000100
20221116,09:18:48,18528.95,50,2000100
20221116,09:18:51,18528.30,50,2000100
20221116,09:18:52,18528.00,100,2000100
20221116,09:18:53,18525.10,150,2000100
20221116,09:18:54,18530.40,1050,2000100
20221116,09:18:55,18525.55,350,2000100
20221116,09:18:57,18525.60,150,2000100
20221116,09:19:00,18525.90,50,2000100
20221116,09:19:04,18530.00,100,2000100
20221116,09:19:05,18527.90,50,2000100
20221116,09:19:14,18525.90,50,2000100
20221116,09:19:17,18528.85,50,2000100
20221116,09:19:18,18527.95,50,2000100
20221116,09:19:19,18525.90,50,2000100
20221116,09:19:22,18526.40,50,2000100
20221116,09:19:24,18526.00,50,2000100
20221116,09:19:24,18528.00,100,2000100
20221116,09:19:25,18528.00,50,2000100
20221116,09:19:28,18525.95,100,2000100
20221116,09:19:30,18527.00,50,2000100
20221116,09:19:31,18527.90,50,2000100
20221116,09:19:32,18528.00,50,2000100
20221116,09:19:34,18527.35,50,2000100
20221116,09:19:37,18527.85,50,2000100
20221116,09:19:38,18531.30,50,2000100
20221116,09:19:39,18528.15,200,2000100
20221116,09:19:42,18527.45,50,2000100
20221116,09:19:51,18527.40,50,2000100
20221116,09:19:53,18526.00,50,2000100
20221116,09:19:59,18525.05,50,2000100
20221116,09:20:00,18526.00,50,2000100
20221116,09:20:01,18527.40,50,2000100
20221116,09:20:06,18526.00,50,2000100
20221116,09:20:08,18527.40,150,2000100
20221116,09:20:09,18528.05,50,2000100
20221116,09:20:10,18530.00,100,2000100
20221116,09:20:12,18529.50,300,2000100
20221116,09:20:15,18529.00,200,2000100
20221116,09:20:17,18529.35,50,2000100
20221116,09:20:18,18529.35,100,2000100
20221116,09:20:19,18535.00,350,2000100
20221116,09:20:21,18532.90,100,2000100
20221116,09:20:22,18535.50,300,2000100
20221116,09:20:24,18535.50,50,2000100
20221116,09:20:25,18532.90,50,2000100
20221116,09:20:26,18535.30,500,2000100
20221116,09:20:28,18535.35,50,2000100
20221116,09:20:29,18532.90,50,2000100
20221116,09:20:32,18532.55,50,2000100
20221116,09:20:34,18532.95,350,2000100
20221116,09:20:38,18534.95,50,2004200
20221116,09:20:40,18534.95,100,2004200
20221116,09:20:41,18531.15,100,2004200
20221116,09:20:42,18531.45,50,2004200
20221116,09:20:43,18535.35,50,2004200
20221116,09:20:44,18534.70,200,2004200
20221116,09:20:45,18537.80,250,2004200
20221116,09:20:47,18535.15,250,2004200
20221116,09:20:55,18535.00,50,2004200
20221116,09:20:57,18535.40,250,2004200
20221116,09:21:00,18535.00,50,2004200
20221116,09:21:01,18535.00,100,2004200
20221116,09:21:03,18531.90,100,2004200
20221116,09:21:05,18531.00,50,2004200
20221116,09:21:11,18530.00,50,2004200
20221116,09:21:13,18529.00,50,2004200
20221116,09:21:15,18530.05,50,2004200
20221116,09:21:18,18527.70,50,2004200
20221116,09:21:22,18527.00,50,2004200
20221116,09:21:25,18527.50,250,2004200
20221116,09:21:27,18529.80,50,2004200
20221116,09:21:28,18527.05,100,2004200
20221116,09:21:30,18527.50,100,2004200
20221116,09:21:33,18527.20,50,2004200
20221116,09:21:37,18527.00,400,2004200
20221116,09:21:38,18525.70,250,2004200
20221116,09:21:39,18525.00,150,2004200
20221116,09:21:41,18523.40,550,2004200
20221116,09:21:43,18522.50,100,2004200
20221116,09:21:50,18526.85,50,2004200
20221116,09:21:51,18525.00,50,2004200
20221116,09:21:52,18522.50,50,2004200
20221116,09:21:54,18522.75,50,2004200
20221116,09:21:56,18522.65,50,2004200
20221116,09:21:58,18522.00,100,2004200
20221116,09:22:04,18521.00,50,2004200
20221116,09:22:05,18521.00,50,2004200
20221116,09:22:12,18520.00,550,2004200
20221116,09:22:12,18519.70,50,2004200
20221116,09:22:17,18519.00,50,2004200
20221116,09:22:23,18520.85,150,2004200
20221116,09:22:25,18519.00,50,2004200
20221116,09:22:26,18518.90,150,2004200
20221116,09:22:28,18516.05,250,2004200
20221116,09:22:34,18517.30,50,2004200
20221116,09:22:36,18516.75,50,2004200
20221116,09:22:37,18519.70,200,2004200
20221116,09:22:38,18516.40,400,2004200
20221116,09:22:41,18518.70,50,2004200
20221116,09:22:44,18518.10,50,2004200
20221116,09:22:48,18518.20,250,2004200
20221116,09:22:50,18518.00,50,2004200
20221116,09:22:51,18516.05,200,2004200
20221116,09:22:52,18517.05,50,2004200
20221116,09:22:53,18517.75,50,2004200
20221116,09:22:54,18517.80,50,2004200
20221116,09:22:56,18516.20,50,2004200
20221116,09:22:58,18517.00,50,2004200
20221116,09:22:59,18516.05,50,2004200
20221116,09:23:00,18518.00,50,2004200
20221116,09:23:05,18517.60,50,2004200
20221116,09:23:07,18516.70,50,2004200
20221116,09:23:09,18516.05,150,2004200
20221116,09:23:11,18516.05,50,2004200
20221116,09:23:14,18516.00,50,2004200
20221116,09:23:17,18518.35,100,2004200
20221116,09:23:17,18519.20,100,2004200
20221116,09:23:22,18520.00,50,2004200
20221116,09:23:23,18520.00,200,2004200
20221116,09:23:24,18522.00,200,2004200
20221116,09:23:30,18520.10,50,2004200
20221116,09:23:31,18521.70,50,2004200
20221116,09:23:32,18520.80,50,2004200
20221116,09:23:34,18521.00,50,2004200
20221116,09:23:37,18521.95,50,2004200
20221116,09:23:38,18519.70,50,2004200
20221116,09:23:47,18518.35,50,2005100
20221116,09:23:49,18518.55,50,2005100
20221116,09:23:50,18520.00,100,2005100
20221116,09:23:53,18518.00,50,2005100
20221116,09:23:54,18518.00,50,2005100
20221116,09:23:55,18518.00,50,2005100
20221116,09:23:58,18516.25,150,2005100
20221116,09:24:05,18519.55,200,2005100
20221116,09:24:08,18520.00,50,2005100
20221116,09:24:09,18520.00,100,2005100
20221116,09:24:09,18520.00,50,2005100
20221116,09:24:11,18519.25,100,2005100
20221116,09:24:13,18521.60,650,2005100
20221116,09:24:18,18521.55,300,2005100
20221116,09:24:19,18518.40,150,2005100
20221116,09:24:26,18518.60,150,2005100
20221116,09:24:27,18518.60,50,2005100
20221116,09:24:27,18516.85,100,2005100
20221116,09:24:36,18520.00,50,2005100
20221116,09:24:37,18518.30,100,2005100
20221116,09:24:40,18518.25,100,2005100
20221116,09:24:42,18519.50,100,2005100
20221116,09:24:43,18518.95,600,2005100
20221116,09:24:45,18520.40,250,2005100
20221116,09:24:46,18520.50,150,2005100
20221116,09:24:47,18518.10,150,2005100
20221116,09:24:52,18519.35,750,2005100
20221116,09:24:54,18521.55,50,2005100
20221116,09:24:57,18519.20,50,2005100
20221116,09:24:59,18522.00,50,2005100
20221116,09:25:06,18522.00,50,2005100
20221116,09:25:13,18522.00,50,2005100
20221116,09:25:19,18520.75,50,2005100
20221116,09:25:21,18520.00,200,2005100
20221116,09:25:22,18518.00,250,2005100
20221116,09:25:23,18519.20,50,2005100
20221116,09:25:28,18520.45,50,2005100
20221116,09:25:31,18519.20,200,2005100
20221116,09:25:32,18520.05,100,2005100
20221116,09:25:33,18520.00,50,2005100
20221116,09:25:42,18519.00,150,2005100
20221116,09:25:44,18518.00,50,2005100
20221116,09:25:49,18515.10,1000,2005100
20221116,09:25:55,18517.45,100,2005100
20221116,09:25:56,18517.25,50,2005100
20221116,09:26:01,18517.00,50,2005100
20221116,09:26:04,18515.30,50,2005100
20221116,09:26:05,18518.00,100,2005100
20221116,09:26:07,18518.00,200,2005100
20221116,09:26:17,18518.80,150,2005100
20221116,09:26:18,18519.00,100,2005100
20221116,09:26:20,18519.50,200,2005100
20221116,09:26:21,18520.00,100,2005100
20221116,09:26:22,18520.75,250,2005100
20221116,09:26:27,18522.00,50,2005100
20221116,09:26:28,18522.05,100,2005100
20221116,09:26:30,18521.75,50,2005100
20221116,09:26:37,18521.80,50,2005100
20221116,09:26:38,18522.25,50,2008150
20221116,09:26:42,18522.00,300,2008150
20221116,09:26:52,18521.90,50,2008150
20221116,09:26:55,18520.00,250,2008150
20221116,09:26:56,18520.85,100,2008150
20221116,09:26:57,18520.00,200,2008150
20221116,09:26:58,18519.05,50,2008150
20221116,09:27:01,18520.25,550,2008150
20221116,09:27:02,18520.45,50,2008150
20221116,09:27:05,18520.00,300,2008150
20221116,09:27:07,18520.00,50,2008150
20221116,09:27:12,18520.00,50,2008150
20221116,09:27:17,18522.00,100,2008150
20221116,09:27:20,18522.25,150,2008150
20221116,09:27:21,18522.00,50,2008150
20221116,09:27:27,18522.45,50,2008150
20221116,09:27:30,18521.20,50,2008150
20221116,09:27:32,18520.75,50,2008150
20221116,09:27:33,18520.00,250,2008150
20221116,09:27:37,18521.50,50,2008150
20221116,09:27:41,18520.15,100,2008150
20221116,09:27:42,18520.10,100,2008150
20221116,09:27:44,18521.75,50,2008150
20221116,09:27:52,18520.85,50,2008150
20221116,09:27:53,18520.15,250,2008150
20221116,09:27:54,18520.10,50,2008150
20221116,09:27:58,18520.05,100,2008150
20221116,09:28:02,18520.00,200,2008150
20221116,09:28:05,18518.00,50,2008150
20221116,09:28:06,18519.30,50,2008150
20221116,09:28:10,18520.10,200,2008150
20221116,09:28:16,18520.00,50,2008150
20221116,09:28:23,18519.90,50,2008150
20221116,09:28:30,18518.00,50,2008150
20221116,09:28:31,18518.40,100,2008150
20221116,09:28:32,18518.00,150,2008150
20221116,09:28:33,18518.00,100,2008150
20221116,09:28:37,18517.40,50,2008150
20221116,09:28:40,18517.00,150,2008150
20221116,09:28:41,18517.00,100,2008150
20221116,09:28:42,18515.30,100,2008150
20221116,09:28:43,18515.05,300,2008150
20221116,09:28:48,18515.00,50,2008150
20221116,09:28:54,18516.00,50,2008150
20221116,09:28:55,18516.00,150,2008150
20221116,09:28:58,18516.00,650,2008150
20221116,09:29:05,18518.25,50,2008150
20221116,09:29:07,18517.85,50,2008150
20221116,09:29:08,18517.90,50,2008150
20221116,09:29:10,18515.10,300,2008150
20221116,09:29:12,18515.00,150,2008150
20221116,09:29:13,18515.10,50,2008150
20221116,09:29:14,18515.10,50,2008150
20221116,09:29:15,18515.10,100,2008150
20221116,09:29:18,18515.00,50,2008150
20221116,09:29:19,18515.10,50,2008150
20221116,09:29:20,18515.10,50,2008150
20221116,09:29:26,18513.10,450,2008150
20221116,09:29:29,18513.10,500,2008150
20221116,09:29:30,18512.90,50,2008150
20221116,09:29:31,18512.90,50,2008150
20221116,09:29:32,18512.10,100,2008150
20221116,09:29:33,18512.10,100,2008150
20221116,09:29:34,18512.10,50,2008150
20221116,09:29:36,18512.60,50,2008150
20221116,09:29:38,18513.00,350,2012250
20221116,09:29:42,18513.00,150,2012250
20221116,09:29:49,18513.15,450,2012250
20221116,09:29:50,18513.05,50,2012250
20221116,09:29:51,18516.25,50,2012250
20221116,09:29:54,18516.45,50,2012250
20221116,09:29:59,18515.00,50,2012250
20221116,09:30:01,18514.15,50,2012250
20221116,09:30:06,18514.65,100,2012250
20221116,09:30:11,18513.05,200,2012250
20221116,09:30:12,18513.00,50,2012250
20221116,09:30:14,18512.00,50,2012250
20221116,09:30:15,18511.45,100,2012250
20221116,09:30:17,18511.45,50,2012250
20221116,09:30:22,18511.10,50,2012250
20221116,09:30:23,18511.00,150,2012250
20221116,09:30:27,18510.15,50,2012250
20221116,09:30:30,18510.15,50,2012250
20221116,09:30:32,18511.45,50,2012250
20221116,09:30:34,18510.15,50,2012250
20221116,09:30:35,18510.15,50,2012250
20221116,09:30:42,18510.00,300,2012250
20221116,09:30:43,18510.15,50,2012250
20221116,09:30:44,18511.00,200,2012250
20221116,09:30:48,18510.05,50,2012250
20221116,09:30:49,18510.05,50,2012250
20221116,09:30:50,18510.00,50,2012250
20221116,09:30:52,18510.00,100,2012250
20221116,09:30:53,18510.00,50,2012250
20221116,09:30:54,18510.55,150,2012250
20221116,09:31:03,18510.00,50,2012250
20221116,09:31:05,18510.65,50,2012250
20221116,09:31:13,18510.65,150,2012250
20221116,09:31:20,18510.60,50,2012250
20221116,09:31:23,18510.00,50,2012250
20221116,09:31:26,18509.00,100,2012250
20221116,09:31:27,18508.05,100,2012250
20221116,09:31:27,18508.00,50,2012250
20221116,09:31:29,18507.80,100,2012250
20221116,09:31:33,18507.00,100,2012250
20221116,09:31:33,18506.25,350,2012250
20221116,09:31:35,18506.25,50,2012250
20221116,09:31:38,18505.65,50,2012250
20221116,09:31:40,18505.35,350,2012250
20221116,09:31:42,18505.05,50,2012250
20221116,09:31:43,18505.05,50,2012250
20221116,09:31:44,18505.00,50,2012250
20221116,09:31:46,18505.00,100,2012250
20221116,09:31:47,18505.00,150,2012250
20221116,09:31:48,18505.30,100,2012250
20221116,09:31:53,18508.00,50,2012250
20221116,09:31:54,18509.85,50,2012250
20221116,09:31:55,18507.50,50,2012250
20221116,09:31:56,18507.40,100,2012250
20221116,09:32:00,18507.35,50,2012250
20221116,09:32:02,18506.95,150,2012250
20221116,09:32:05,18507.35,50,2012250
20221116,09:32:15,18507.35,100,2012250
20221116,09:32:18,18505.00,100,2012250
20221116,09:32:29,18508.40,100,2012250
20221116,09:32:33,18508.35,50,2012250
20221116,09:32:35,18508.40,50,2012250
20221116,09:32:38,18509.00,150,2012250
20221116,09:32:40,18509.00,50,2014000
20221116,09:32:41,18509.00,50,2014000
20221116,09:32:46,18509.65,50,2014000
20221116,09:32:49,18509.00,50,2014000
20221116,09:32:50,18508.90,50,2014000
20221116,09:32:51,18508.90,50,2014000
20221116,09:32:54,18506.60,100,2014000
20221116,09:32:55,18509.65,100,2014000
20221116,09:32:58,18509.00,50,2014000
20221116,09:33:03,18506.70,50,2014000
20221116,09:33:11,18507.40,50,2014000
20221116,09:33:17,18508.95,50,2014000
20221116,09:33:18,18509.00,50,2014000
20221116,09:33:18,18508.90,50,2014000
20221116,09:33:22,18508.95,50,2014000
20221116,09:33:23,18509.65,50,2014000
20221116,09:33:26,18508.95,100,2014000
20221116,09:33:27,18509.60,400,2014000
20221116,09:33:28,18511.00,250,2014000
20221116,09:33:29,18510.15,200,2014000
20221116,09:33:30,18511.00,100,2014000
20221116,09:33:35,18511.00,100,2014000
20221116,09:33:40,18511.15,100,2014000
20221116,09:33:41,18510.00,100,2014000
20221116,09:33:46,18509.00,100,2014000
20221116,09:33:47,18509.00,50,2014000
20221116,09:33:48,18509.05,550,2014000
20221116,09:33:50,18509.00,50,2014000
20221116,09:33:51,18509.70,50,2014000
20221116,09:33:52,18509.60,50,2014000
20221116,09:33:54,18508.20,50,2014000
20221116,09:33:56,18509.15,50,2014000
20221116,09:33:57,18507.80,250,2014000
20221116,09:33:58,18507.40,50,2014000
20221116,09:34:00,18507.00,250,2014000
20221116,09:34:01,18507.15,50,2014000
20221116,09:34:03,18506.70,100,2014000
20221116,09:34:05,18505.70,100,2014000
20221116,09:34:07,18505.45,100,2014000
20221116,09:34:10,18506.20,50,2014000
20221116,09:34:14,18505.00,50,2014000
20221116,09:34:20,18506.80,150,2014000
20221116,09:34:27,18505.20,100,2014000
20221116,09:34:33,18506.85,50,2014000
20221116,09:34:36,18506.00,50,2014000
20221116,09:34:39,18506.70,100,2014000
20221116,09:34:43,18505.05,100,2014000
20221116,09:34:44,18505.05,50,2014000
20221116,09:34:49,18505.05,100,2014000
20221116,09:34:51,18506.35,150,2014000
20221116,09:34:52,18505.20,50,2014000
20221116,09:34:53,18507.20,50,2014000
20221116,09:34:57,18505.15,50,2014000
20221116,09:35:02,18505.20,100,2014000
20221116,09:35:04,18505.20,100,2014000
20221116,09:35:05,18505.20,200,2014000
20221116,09:35:06,18504.00,400,2014000
20221116,09:35:09,18502.90,250,2014000
20221116,09:35:10,18502.05,200,2014000
20221116,09:35:12,18502.05,50,2014000
20221116,09:35:13,18504.65,50,2014000
20221116,09:35:17,18502.50,50,2014000
20221116,09:35:19,18502.95,100,2014000
20221116,09:35:20,18504.65,50,2014000
20221116,09:35:22,18503.60,50,2014000
20221116,09:35:24,18503.85,50,2014000
20221116,09:35:27,18503.40,100,2014000
20221116,09:35:32,18503.00,100,2014000
20221116,09:35:35,18504.35,50,2014000
20221116,09:35:38,18504.35,50,2014000
20221116,09:35:39,18503.85,50,2014000
20221116,09:35:40,18503.70,50,2016450
20221116,09:35:42,18503.70,300,2016450
20221116,09:35:43,18503.60,50,2016450
20221116,09:35:45,18504.00,50,2016450
20221116,09:35:46,18502.50,100,2016450
20221116,09:35:48,18504.40,500,2016450
20221116,09:35:50,18504.45,50,2016450
20221116,09:35:55,18503.25,50,2016450
20221116,09:36:03,18504.10,50,2016450
20221116,09:36:08,18504.05,50,2016450
20221116,09:36:10,18505.05,50,2016450
20221116,09:36:11,18504.85,100,2016450
20221116,09:36:23,18507.20,50,2016450
20221116,09:36:26,18507.45,100,2016450
20221116,09:36:30,18509.80,50,2016450
20221116,09:36:32,18509.80,50,2016450
20221116,09:36:34,18508.05,100,2016450
20221116,09:36:45,18508.40,150,2016450
20221116,09:36:47,18509.40,50,2016450
20221116,09:36:49,18511.00,50,2016450
20221116,09:36:51,18508.40,150,2016450
20221116,09:36:52,18508.40,50,2016450
20221116,09:36:53,18510.60,50,2016450
20221116,09:36:54,18510.75,50,2016450
20221116,09:36:59,18508.50,550,2016450
20221116,09:37:01,18509.35,50,2016450
20221116,09:37:03,18509.95,100,2016450
20221116,09:37:07,18509.60,50,2016450
20221116,09:37:18,18508.00,150,2016450
20221116,09:37:19,18508.00,150,2016450
20221116,09:37:21,18506.75,200,2016450
20221116,09:37:27,18507.55,100,2016450
20221116,09:37:28,18507.55,50,2016450
20221116,09:37:32,18507.55,50,2016450
20221116,09:37:33,18508.15,100,2016450
20221116,09:37:35,18509.05,50,2016450
20221116,09:37:42,18510.80,100,2016450
20221116,09:37:43,18510.95,50,2016450
20221116,09:37:45,18512.05,300,2016450
20221116,09:37:49,18510.25,400,2016450
20221116,09:37:51,18512.70,250,2016450
20221116,09:37:57,18513.00,400,2016450
20221116,09:38:00,18514.00,250,2016450
20221116,09:38:02,18512.80,50,2016450
20221116,09:38:04,18513.10,50,2016450
20221116,09:38:05,18514.55,50,2016450
20221116,09:38:10,18515.00,100,2016450
20221116,09:38:11,18515.00,100,2016450
20221116,09:38:12,18514.80,50,2016450
20221116,09:38:13,18515.00,50,2016450
20221116,09:38:15,18515.00,50,2016450
20221116,09:38:16,18515.00,250,2016450
20221116,09:38:17,18515.00,100,2016450
20221116,09:38:18,18517.70,500,2016450
20221116,09:38:19,18517.75,50,2016450
20221116,09:38:21,18517.40,150,2016450
20221116,09:38:22,18518.00,50,2016450
20221116,09:38:23,18517.85,700,2016450
20221116,09:38:26,18518.15,50,2016450
20221116,09:38:27,18518.25,150,2016450
20221116,09:38:28,18518.20,200,2016450
20221116,09:38:32,18518.00,50,2016450
20221116,09:38:33,18518.00,150,2016450
20221116,09:38:36,18518.35,50,2016450
20221116,09:38:38,18518.05,50,2016450
20221116,09:38:42,18521.00,400,2019550
20221116,09:38:44,18519.75,50,2019550
20221116,09:38:45,18520.95,50,2019550
20221116,09:38:48,18521.40,150,2019550
20221116,09:38:49,18519.75,250,2019550
20221116,09:38:53,18522.35,50,2019550
20221116,09:38:58,18522.50,50,2019550
20221116,09:38:59,18522.05,250,2019550
20221116,09:39:00,18522.05,50,2019550
20221116,09:39:02,18522.50,50,2019550
20221116,09:39:05,18522.05,50,2019550
20221116,09:39:07,18521.45,100,2019550
20221116,09:39:08,18520.00,50,2019550
20221116,09:39:13,18520.60,50,2019550
20221116,09:39:14,18520.00,50,2019550
20221116,09:39:15,18519.00,100,2019550
20221116,09:39:19,18518.10,50,2019550
20221116,09:39:21,18518.90,50,2019550
20221116,09:39:23,18516.80,200,2019550
20221116,09:39:24,18517.65,100,2019550
20221116,09:39:27,18516.70,50,2019550
20221116,09:39:29,18517.55,150,2019550
20221116,09:39:30,18517.55,50,2019550
20221116,09:39:31,18517.60,100,2019550
20221116,09:39:32,18517.80,150,2019550
20221116,09:39:33,18517.80,100,2019550
20221116,09:39:36,18517.80,100,2019550
20221116,09:39:42,18517.30,1050,2019550
20221116,09:39:46,18517.55,50,2019550
20221116,09:39:48,18517.55,100,2019550
20221116,09:39:48,18517.55,50,2019550
20221116,09:39:50,18517.55,50,2019550
20221116,09:39:51,18517.55,100,2019550
20221116,09:39:53,18517.55,150,2019550
20221116,09:39:54,18517.55,150,2019550
20221116,09:39:55,18517.55,50,2019550
20221116,09:39:56,18517.70,150,2019550
20221116,09:39:57,18518.00,800,2019550
20221116,09:40:02,18518.50,250,2019550
20221116,09:40:04,18518.00,250,2019550
20221116,09:40:05,18517.65,200,2019550
20221116,09:40:06,18517.55,250,2019550
20221116,09:40:07,18517.30,150,2019550
20221116,09:40:08,18517.00,50,2019550
20221116,09:40:10,18515.00,450,2019550
20221116,09:40:11,18515.05,50,2019550
20221116,09:40:14,18515.50,50,2019550
20221116,09:40:15,18516.45,50,2019550
20221116,09:40:19,18515.00,650,2019550
20221116,09:40:21,18515.55,50,2019550
20221116,09:40:24,18515.10,100,2019550
20221116,09:40:30,18516.00,400,2019550
20221116,09:40:31,18515.90,50,2019550
20221116,09:40:32,18516.45,600,2019550
20221116,09:40:33,18516.00,1550,2019550
20221116,09:40:35,18519.55,150,2019550
20221116,09:40:35,18516.65,50,2019550
20221116,09:40:36,18516.60,100,2019550
20221116,09:40:37,18514.55,150,2019550
20221116,09:40:40,18513.40,50,2019550
20221116,09:40:41,18517.25,100,2019550
20221116,09:40:45,18515.35,100,2019550
20221116,09:40:46,18517.45,50,2019550
20221116,09:40:48,18515.75,50,2019550
20221116,09:40:49,18515.75,50,2019550
20221116,09:40:51,18515.75,50,2019550
20221116,09:40:51,18516.55,50,2019550
20221116,09:40:55,18515.35,50,2019550
20221116,09:40:59,18517.00,50,2019550
20221116,09:41:06,18517.00,50,2019550
20221116,09:41:14,18517.70,50,2019550
20221116,09:41:16,18516.50,300,2019550
20221116,09:42:09,18518.60,50,2023300
20221116,09:42:11,18517.30,100,2023300
20221116,09:42:12,18518.05,50,2023300
20221116,09:42:13,18518.45,50,2023300
20221116,09:42:14,18518.15,50,2023300
20221116,09:42:17,18518.95,50,2023300
20221116,09:42:18,18518.75,50,2023300
20221116,09:42:21,18518.05,400,2023300
20221116,09:42:27,18518.75,50,2023300
20221116,09:42:29,18518.05,100,2023300
20221116,09:42:32,18518.05,50,2023300
20221116,09:42:34,18518.00,100,2023300
20221116,09:42:35,18518.00,150,2023300
20221116,09:42:36,18518.55,150,2023300
20221116,09:42:38,18518.00,100,2023300
20221116,09:42:39,18518.05,50,2023300
20221116,09:42:40,18518.00,50,2023300
20221116,09:42:44,18518.00,50,2023300
20221116,09:42:46,18517.45,100,2023300
20221116,09:42:47,18517.00,100,2023300
20221116,09:42:50,18516.65,50,2023300
20221116,09:42:57,18516.00,50,2023300
20221116,09:43:01,18515.80,50,2023300
20221116,09:43:03,18515.00,250,2023300
20221116,09:43:08,18513.00,100,2023300
20221116,09:43:21,18513.00,50,2023300
20221116,09:43:23,18512.40,50,2023300
20221116,09:43:40,18512.10,100,2023300
20221116,09:43:41,18511.00,500,2023300
20221116,09:43:45,18511.55,50,2023300
20221116,09:44:05,18511.50,50,2023300
20221116,09:44:07,18510.30,50,2023300
20221116,09:44:07,18511.45,50,2023300
20221116,09:44:09,18510.30,150,2023300
20221116,09:44:11,18510.30,150,2023300
20221116,09:44:12,18510.00,550,2023300
20221116,09:44:16,18508.10,300,2023300
20221116,09:44:21,18508.40,50,2023300
20221116,09:44:23,18508.00,250,2023300
20221116,09:44:27,18508.25,50,2023300
20221116,09:44:38,18508.00,50,2023300
20221116,09:44:41,18507.55,50,2026050
20221116,09:44:52,18507.40,150,2026050
20221116,09:44:53,18506.85,100,2026050
20221116,09:44:55,18508.25,150,2026050
20221116,09:44:59,18507.25,100,2026050
20221116,09:45:01,18506.20,250,2026050
20221116,09:45:02,18506.00,100,2026050
20221116,09:45:06,18505.35,100,2026050
20221116,09:45:16,18505.40,50,2026050
20221116,09:45:17,18505.40,50,2026050
20221116,09:45:22,18505.40,50,2026050
20221116,09:45:25,18505.45,50,2026050
20221116,09:45:32,18505.95,50,2026050
20221116,09:45:40,18506.50,500,2026050
20221116,09:45:46,18505.40,50,2026050
20221116,09:45:53,18506.75,50,2026050
20221116,09:45:59,18506.85,500,2026050
20221116,09:46:00,18508.00,50,2026050
20221116,09:46:04,18508.25,50,2026050
20221116,09:46:09,18507.65,50,2026050
20221116,09:46:10,18506.90,100,2026050
20221116,09:46:30,18508.10,50,2026050
20221116,09:46:31,18509.00,50,2026050
20221116,09:46:32,18509.20,50,2026050
20221116,09:46:40,18510.00,50,2026050
20221116,09:46:46,18512.20,100,2026050
20221116,09:46:58,18510.95,150,2026050
20221116,09:46:59,18513.20,350,2026050
20221116,09:47:05,18511.15,50,2026050
20221116,09:47:15,18509.20,50,2026050
20221116,09:47:21,18508.55,50,2026050
20221116,09:47:23,18508.50,50,2026050
20221116,09:47:25,18508.00,100,2026050
20221116,09:47:26,18507.85,100,2026050
20221116,09:47:30,18506.90,100,2026050
20221116,09:47:31,18506.75,100,2026050
20221116,09:47:32,18507.10,50,2026050
20221116,09:47:33,18506.65,50,2026050
20221116,09:47:41,18506.65,50,2026050
20221116,09:47:42,18507.80,50,2027800
20221116,09:47:48,18506.50,50,2027800
20221116,09:47:54,18507.05,200,2027800
20221116,09:48:01,18507.00,50,2027800
20221116,09:48:02,18505.25,200,2027800
20221116,09:48:11,18505.40,50,2027800
20221116,09:48:12,18505.00,150,2027800
20221116,09:48:14,18504.40,50,2027800
20221116,09:48:18,18504.40,100,2027800
20221116,09:48:30,18504.25,150,2027800
20221116,09:48:35,18504.25,50,2027800
20221116,09:48:37,18504.25,50,2027800
20221116,09:48:38,18504.40,100,2027800
20221116,09:48:39,18504.25,250,2027800
20221116,09:48:40,18504.00,300,2027800
20221116,09:48:41,18504.05,350,2027800
20221116,09:48:46,18504.60,50,2027800
20221116,09:48:47,18504.00,50,2027800
20221116,09:48:59,18503.05,50,2027800
20221116,09:49:03,18503.00,100,2027800
20221116,09:49:09,18502.50,50,2027800
20221116,09:49:11,18502.50,100,2027800
20221116,09:49:12,18502.00,450,2027800
20221116,09:49:13,18501.15,150,2027800
20221116,09:49:18,18501.15,50,2027800
20221116,09:49:29,18502.80,50,2027800
20221116,09:49:32,18501.25,50,2027800
20221116,09:49:33,18503.00,50,2027800
20221116,09:49:36,18503.00,100,2027800
20221116,09:49:40,18503.10,50,2027800
20221116,09:49:48,18502.10,50,2027800
20221116,09:49:55,18503.10,50,2027800
20221116,09:49:57,18504.00,50,2027800
20221116,09:50:00,18505.10,150,2027800
20221116,09:50:03,18503.05,50,2027800
20221116,09:50:17,18505.00,50,2027800
20221116,09:50:21,18505.00,50,2027800
20221116,09:50:24,18505.25,50,2027800
20221116,09:50:27,18505.00,100,2027800
20221116,09:50:29,18502.10,900,2027800
20221116,09:50:36,18504.15,50,2027800
20221116,09:50:39,18505.25,200,2027800
20221116,09:50:47,18505.25,150,2029550
20221116,09:50:54,18507.00,100,2029550
20221116,09:50:59,18509.20,50,2029550
20221116,09:51:04,18511.90,900,2029550
20221116,09:51:05,18512.30,50,2029550
20221116,09:51:06,18508.40,500,2029550
20221116,09:51:13,18509.00,250,2029550
20221116,09:51:13,18511.75,50,2029550
20221116,09:51:17,18508.65,100,2029550
20221116,09:51:22,18508.50,50,2029550
20221116,09:51:25,18510.00,50,2029550
20221116,09:51:26,18508.40,50,2029550
20221116,09:51:30,18507.75,50,2029550
20221116,09:51:33,18507.90,50,2029550
20221116,09:51:38,18508.25,50,2029550
20221116,09:51:40,18508.25,50,2029550
20221116,09:51:41,18510.00,50,2029550
20221116,09:51:44,18509.50,100,2029550
20221116,09:51:44,18510.00,300,2029550
20221116,09:51:47,18511.50,150,2029550
20221116,09:51:51,18511.55,100,2029550
20221116,09:51:53,18511.65,100,2029550
20221116,09:51:56,18511.65,100,2029550
20221116,09:51:59,18511.60,100,2029550
20221116,09:52:00,18511.90,50,2029550
20221116,09:52:03,18511.95,50,2029550
20221116,09:52:13,18511.50,100,2029550
20221116,09:52:14,18511.65,100,2029550
20221116,09:52:17,18512.00,150,2029550
20221116,09:52:18,18514.55,100,2029550
20221116,09:52:21,18514.35,50,2029550
20221116,09:52:24,18514.30,50,2029550
20221116,09:52:25,18514.90,50,2029550
20221116,09:52:25,18514.30,50,2029550
20221116,09:52:28,18514.45,350,2029550
20221116,09:52:38,18509.70,50,2029550
20221116,09:52:50,18511.70,100,2029550
20221116,09:52:53,18512.20,50,2029550
20221116,09:52:54,18511.60,50,2029550
20221116,09:52:57,18512.05,100,2029550
20221116,09:53:04,18511.75,50,2029550
20221116,09:53:05,18512.05,200,2029550
20221116,09:53:06,18512.05,50,2029550
20221116,09:53:09,18514.00,50,2029550
20221116,09:53:10,18514.30,50,2029550
20221116,09:53:14,18514.95,50,2029550
20221116,09:53:15,18513.20,350,2029550
20221116,09:53:18,18517.00,50,2029550
20221116,09:53:20,18518.15,50,2029550
20221116,09:53:24,18514.60,150,2029550
20221116,09:53:25,18516.55,200,2029550
20221116,09:53:26,18516.10,50,2029550
20221116,09:53:34,18515.55,50,2029550
20221116,09:53:43,18516.10,100,2032200
20221116,09:53:45,18516.05,50,2032200
20221116,09:53:45,18516.25,50,2032200
20221116,09:53:46,18516.00,250,2032200
20221116,09:53:47,18515.60,450,2032200
20221116,09:53:49,18515.50,50,2032200
20221116,09:53:50,18515.65,300,2032200
20221116,09:53:53,18514.05,200,2032200
20221116,09:54:07,18514.70,150,2032200
20221116,09:54:31,18516.00,50,2032200
20221116,09:54:34,18515.10,400,2032200
20221116,09:54:37,18513.50,250,2032200
20221116,09:54:41,18508.40,500,2032200
20221116,09:54:42,18512.90,200,2032200
20221116,09:54:44,18512.20,50,2032200
20221116,09:54:51,18509.60,50,2032200
20221116,09:54:56,18508.10,50,2032200
20221116,09:54:57,18508.00,350,2032200
20221116,09:55:02,18508.00,400,2032200
20221116,09:55:13,18513.50,650,2032200
20221116,09:55:16,18513.35,400,2032200
20221116,09:55:19,18513.10,50,2032200
20221116,09:55:22,18510.75,50,2032200
20221116,09:55:31,18511.30,50,2032200
20221116,09:55:39,18511.35,700,2032200
20221116,09:55:42,18511.00,100,2032200
20221116,09:55:43,18511.25,200,2032200
20221116,09:55:49,18511.25,50,2032200
20221116,09:55:53,18511.25,150,2032200
20221116,09:55:56,18511.10,400,2032200
20221116,09:55:56,18510.80,150,2032200
20221116,09:55:57,18510.45,100,2032200
20221116,09:55:58,18510.00,150,2032200
20221116,09:56:10,18511.25,100,2032200
20221116,09:56:22,18511.25,50,2032200
20221116,09:56:24,18513.00,50,2032200
20221116,09:56:29,18514.00,200,2032200
20221116,09:56:30,18514.00,50,2032200
20221116,09:56:31,18513.95,50,2032200
20221116,09:56:34,18514.00,50,2032200
20221116,09:56:36,18514.00,150,2032200
20221116,09:56:37,18515.00,100,2032200
20221116,09:56:44,18515.00,1000,2037950
20221116,09:56:45,18515.40,100,2037950
20221116,09:56:46,18516.15,200,2037950
20221116,09:56:51,18516.35,50,2037950
20221116,09:57:01,18517.25,400,2037950
20221116,09:57:04,18516.95,150,2037950
20221116,09:57:08,18515.85,300,2037950
20221116,09:57:10,18515.85,50,2037950
20221116,09:57:11,18515.85,100,2037950
20221116,09:57:13,18515.85,50,2037950
20221116,09:57:23,18515.80,400,2037950
20221116,09:57:24,18515.00,1850,2037950
20221116,09:57:26,18515.00,50,2037950
20221116,09:57:34,18515.00,100,2037950
20221116,09:57:38,18515.00,1250,2037950
20221116,09:57:39,18516.00,300,2037950
20221116,09:57:45,18515.65,100,2037950
20221116,09:57:46,18515.00,450,2037950
20221116,09:57:56,18515.80,50,2037950
20221116,09:58:06,18515.00,50,2037950
20221116,09:58:12,18515.05,50,2037950
20221116,09:58:17,18515.15,50,2037950
20221116,09:58:21,18515.15,50,2037950
20221116,09:58:24,18515.60,100,2037950
20221116,09:58:32,18515.65,500,2037950
20221116,09:58:37,18515.60,500,2037950
20221116,09:58:38,18515.40,50,2037950
20221116,09:58:44,18517.85,1200,2037950
20221116,09:58:49,18515.75,50,2037950
20221116,09:58:51,18515.70,250,2037950
20221116,09:59:12,18515.00,100,2037950
20221116,09:59:18,18513.20,50,2037950
20221116,09:59:19,18513.40,50,2037950
20221116,09:59:37,18513.55,50,2037950
20221116,09:59:38,18513.00,100,2037950
20221116,09:59:40,18512.65,50,2037950
20221116,09:59:53,18511.70,50,2041300
20221116,10:00:02,18513.35,50,2041300
20221116,10:00:20,18512.45,50,2041300
20221116,10:00:22,18512.30,200,2041300
20221116,10:00:29,18512.95,200,2041300
20221116,10:00:30,18512.40,50,2041300
20221116,10:00:34,18510.50,250,2041300
20221116,10:00:39,18510.15,50,2041300
20221116,10:01:08,18517.00,1900,2041300
20221116,10:01:09,18520.45,150,2041300
20221116,10:01:17,18521.00,300,2041300
20221116,10:01:21,18520.95,50,2041300
20221116,10:01:32,18521.00,50,2041300
20221116,10:01:34,18520.55,500,2041300
20221116,10:01:37,18520.65,150,2041300
20221116,10:01:39,18520.00,600,2041300
20221116,10:01:41,18520.00,250,2041300
20221116,10:01:45,18518.80,450,2041300
20221116,10:01:52,18519.50,350,2041300
20221116,10:01:53,18519.90,50,2041300
20221116,10:01:54,18519.95,350,2041300
20221116,10:01:56,18520.45,50,2041300
20221116,10:01:57,18519.05,100,2041300
20221116,10:01:58,18519.15,50,2041300
20221116,10:02:04,18517.35,300,2041300
20221116,10:02:06,18517.70,100,2041300
20221116,10:02:09,18518.00,100,2041300
20221116,10:02:10,18518.00,50,2041300
20221116,10:02:12,18514.95,350,2041300
20221116,10:02:12,18517.20,50,2041300
20221116,10:02:15,18517.15,50,2041300
20221116,10:02:17,18516.00,50,2041300
20221116,10:02:18,18516.00,50,2041300
20221116,10:02:19,18516.00,100,2041300
20221116,10:02:20,18516.00,100,2041300
20221116,10:02:23,18515.75,50,2041300
20221116,10:02:30,18515.75,50,2041300
20221116,10:02:35,18516.00,50,2041300
20221116,10:02:37,18513.80,200,2041300
20221116,10:02:38,18513.50,150,2041300
20221116,10:02:44,18513.65,150,2041300
20221116,10:02:45,18513.45,150,2043500
20221116,10:02:46,18513.10,950,2043500
20221116,10:02:57,18512.40,50,2043500
20221116,10:02:59,18512.70,50,2043500
20221116,10:03:05,18512.70,50,2043500
20221116,10:03:09,18513.65,50,2043500
20221116,10:03:12,18512.80,50,2043500
20221116,10:03:16,18512.80,150,2043500
20221116,10:03:18,18512.70,50,2043500
20221116,10:03:20,18513.00,50,2043500
20221116,10:03:31,18513.00,200,2043500
20221116,10:03:32,18513.00,250,2043500
20221116,10:03:37,18514.00,50,2043500
20221116,10:03:46,18514.00,50,2043500
20221116,10:04:02,18514.00,50,2043500
20221116,10:04:08,18513.40,50,2043500
20221116,10:04:13,18513.80,100,2043500
20221116,10:04:14,18513.80,250,2043500
20221116,10:04:18,18513.80,400,2043500
20221116,10:04:21,18514.00,1000,2043500
20221116,10:04:23,18514.00,400,2043500
20221116,10:04:24,18514.00,250,2043500
20221116,10:04:30,18515.60,500,2043500
20221116,10:04:36,18515.40,50,2043500
20221116,10:04:43,18515.90,100,2043500
20221116,10:04:50,18516.00,50,2043500
20221116,10:04:59,18514.75,50,2043500
20221116,10:05:05,18514.95,100,2043500
20221116,10:05:06,18514.70,450,2043500
20221116,10:05:17,18515.25,600,2043500
20221116,10:05:19,18515.00,250,2043500
20221116,10:05:20,18515.00,250,2043500
20221116,10:05:23,18515.00,100,2043500
20221116,10:05:25,18515.00,100,2043500
20221116,10:05:34,18515.95,50,2043500
20221116,10:05:35,18516.00,100,2043500
20221116,10:05:37,18515.90,250,2043500
20221116,10:05:39,18514.80,50,2043500
20221116,10:05:43,18516.00,150,2043500
20221116,10:05:49,18516.00,200,2047000
20221116,10:06:01,18516.00,100,2047000
20221116,10:06:02,18516.00,50,2047000
20221116,10:06:06,18516.00,100,2047000
20221116,10:06:08,18516.00,200,2047000
20221116,10:06:09,18516.00,50,2047000
20221116,10:06:11,18516.00,900,2047000
20221116,10:06:13,18520.00,100,2047000
20221116,10:06:15,18520.80,300,2047000
20221116,10:06:17,18519.25,200,2047000
20221116,10:06:19,18522.00,150,2047000
20221116,10:06:20,18522.00,50,2047000
20221116,10:06:27,18521.80,50,2047000
20221116,10:06:28,18522.00,150,2047000
20221116,10:06:30,18522.00,50,2047000
20221116,10:06:31,18522.00,50,2047000
20221116,10:06:32,18522.00,50,2047000
20221116,10:06:33,18522.00,150,2047000
20221116,10:06:38,18522.00,50,2047000
20221116,10:06:39,18523.10,400,2047000
20221116,10:06:40,18523.25,200,2047000
20221116,10:06:42,18523.30,150,2047000
20221116,10:06:44,18524.30,1000,2047000
20221116,10:06:47,18524.30,200,2047000
20221116,10:06:56,18522.05,550,2047000
20221116,10:07:01,18520.15,50,2047000
20221116,10:07:10,18522.30,100,2047000
20221116,10:07:12,18521.90,150,2047000
20221116,10:07:22,18521.90,50,2047000
20221116,10:07:25,18521.90,50,2047000
20221116,10:07:28,18521.90,100,2047000
20221116,10:07:30,18521.85,350,2047000
20221116,10:07:31,18521.75,50,2047000
20221116,10:07:34,18521.75,100,2047000
20221116,10:07:38,18521.75,150,2047000
20221116,10:07:39,18521.75,300,2047000
20221116,10:07:40,18521.00,450,2047000
20221116,10:07:41,18521.00,150,2047000
20221116,10:07:44,18520.10,250,2047000
20221116,10:07:47,18520.30,50,2047000
20221116,10:07:50,18521.75,150,2047000
20221116,10:07:55,18520.30,100,2047000
20221116,10:07:59,18520.05,200,2047000
20221116,10:08:07,18520.05,500,2047000
20221116,10:08:10,18521.15,100,2047000
20221116,10:08:12,18521.10,250,2047000
20221116,10:08:40,18521.25,50,2047000
20221116,10:08:42,18522.40,100,2047000
20221116,10:08:55,18524.30,50,2050900
20221116,10:08:59,18525.00,250,2050900
20221116,10:09:00,18525.00,50,2050900
20221116,10:09:02,18527.10,100,2050900
20221116,10:09:03,18527.25,50,2050900
20221116,10:09:05,18528.00,100,2050900
20221116,10:09:07,18527.20,150,2050900
20221116,10:09:08,18527.20,50,2050900
20221116,10:09:14,18527.20,100,2050900
20221116,10:09:16,18527.80,50,2050900
20221116,10:09:20,18527.25,100,2050900
20221116,10:09:21,18527.20,100,2050900
20221116,10:09:23,18527.80,100,2050900
20221116,10:09:29,18527.20,300,2050900
20221116,10:09:31,18527.80,100,2050900
20221116,10:09:37,18527.20,50,2050900
20221116,10:09:40,18526.40,150,2050900
20221116,10:09:46,18526.25,500,2050900
20221116,10:09:47,18526.20,50,2050900
20221116,10:09:51,18526.20,50,2050900
20221116,10:09:54,18523.30,100,2050900
20221116,10:09:58,18526.20,50,2050900
20221116,10:10:00,18522.60,50,2050900
20221116,10:10:01,18525.75,50,2050900
20221116,10:10:03,18522.90,50,2050900
20221116,10:10:13,18523.35,350,2050900
20221116,10:10:20,18521.00,50,2050900
20221116,10:10:27,18520.05,250,2050900
20221116,10:10:36,18520.40,50,2050900
20221116,10:10:38,18522.10,100,2050900
20221116,10:10:43,18520.10,150,2050900
20221116,10:10:44,18520.10,50,2050900
20221116,10:10:47,18520.10,50,2050900
20221116,10:10:58,18522.50,50,2050900
20221116,10:11:07,18521.20,50,2050900
20221116,10:11:08,18521.20,100,2050900
20221116,10:11:09,18521.15,100,2050900
20221116,10:11:10,18521.15,50,2050900
20221116,10:11:17,18521.85,50,2050900
20221116,10:11:30,18522.50,150,2050900
20221116,10:11:41,18522.15,200,2050900
20221116,10:11:42,18522.50,150,2050900
20221116,10:11:46,18524.70,50,2053550
20221116,10:11:50,18524.90,50,2053550
20221116,10:11:53,18523.75,50,2053550
20221116,10:11:55,18523.65,450,2053550
20221116,10:11:58,18523.95,50,2053550
20221116,10:12:11,18524.55,200,2053550
20221116,10:12:14,18522.35,200,2053550
20221116,10:12:21,18524.55,100,2053550
20221116,10:12:23,18524.00,50,2053550
20221116,10:12:26,18524.50,50,2053550
20221116,10:12:33,18525.00,150,2053550
20221116,10:12:37,18524.45,50,2053550
20221116,10:12:38,18524.65,50,2053550
20221116,10:12:40,18524.05,150,2053550
20221116,10:12:46,18524.50,50,2053550
20221116,10:12:49,18524.50,50,2053550
20221116,10:12:56,18523.75,150,2053550
20221116,10:13:35,18524.00,200,2053550
20221116,10:13:37,18524.85,50,2053550
20221116,10:13:37,18525.00,50,2053550
20221116,10:13:47,18527.00,50,2053550
20221116,10:14:03,18527.40,50,2053550
20221116,10:14:04,18529.00,1300,2053550
20221116,10:14:05,18529.35,150,2053550
20221116,10:14:07,18529.75,50,2053550
20221116,10:14:08,18530.00,550,2053550
20221116,10:14:09,18530.00,50,2053550
20221116,10:14:11,18530.95,50,2053550
20221116,10:14:12,18531.00,50,2053550
20221116,10:14:13,18532.45,50,2053550
20221116,10:14:19,18532.45,100,2053550
20221116,10:14:21,18532.80,450,2053550
20221116,10:14:22,18532.90,400,2053550
20221116,10:14:23,18532.95,150,2053550
20221116,10:14:24,18531.90,150,2053550
20221116,10:14:33,18532.00,50,2053550
20221116,10:14:37,18530.35,50,2053550
20221116,10:14:38,18530.60,50,2053550
20221116,10:14:45,18531.45,200,2053550
20221116,10:14:47,18531.45,150,2053550
20221116,10:14:48,18531.30,100,2055650
20221116,10:14:49,18532.35,650,2055650
20221116,10:14:53,18531.25,450,2055650
20221116,10:14:56,18530.05,50,2055650
20221116,10:15:00,18530.00,650,2055650
20221116,10:15:06,18530.10,50,2055650
20221116,10:15:09,18530.40,200,2055650
20221116,10:15:10,18531.00,650,2055650
20221116,10:15:12,18531.50,50,2055650
20221116,10:15:14,18533.00,100,2055650
20221116,10:15:20,18531.10,50,2055650
20221116,10:15:22,18532.00,50,2055650
20221116,10:15:24,18532.60,50,2055650
20221116,10:15:25,18532.85,50,2055650
20221116,10:15:26,18532.75,150,2055650
20221116,10:15:27,18531.85,50,2055650
20221116,10:15:29,18531.10,150,2055650
20221116,10:15:32,18531.50,200,2055650
20221116,10:15:34,18531.95,50,2055650
20221116,10:15:35,18532.65,100,2055650
20221116,10:15:36,18532.10,100,2055650
20221116,10:15:37,18532.95,50,2055650
20221116,10:15:38,18533.70,300,2055650
20221116,10:15:39,18533.35,50,2055650
20221116,10:15:52,18533.40,50,2055650
20221116,10:15:57,18534.00,100,2055650
20221116,10:16:02,18534.00,50,2055650
20221116,10:16:06,18534.00,100,2055650
20221116,10:16:08,18533.90,800,2055650
20221116,10:16:09,18535.25,300,2055650
20221116,10:16:10,18535.50,50,2055650
20221116,10:16:11,18536.00,50,2055650
20221116,10:16:18,18538.00,50,2055650
20221116,10:16:31,18537.85,50,2055650
20221116,10:16:34,18538.00,400,2055650
20221116,10:16:36,18536.95,50,2055650
20221116,10:16:40,18535.95,50,2055650
20221116,10:16:43,18537.00,100,2055650
20221116,10:16:46,18536.95,50,2055650
20221116,10:16:48,18538.10,50,2055650
20221116,10:16:51,18541.00,3300,2055650
20221116,10:16:55,18541.10,50,2055650
20221116,10:16:56,18541.25,100,2055650
20221116,10:16:57,18541.85,150,2055650
20221116,10:16:58,18541.85,100,2055650
20221116,10:16:59,18542.00,50,2055650
20221116,10:17:00,18541.85,50,2055650
20221116,10:17:03,18543.30,200,2055650
20221116,10:17:04,18544.50,400,2055650
20221116,10:17:05,18544.50,50,2055650
20221116,10:17:08,18544.65,50,2055650
20221116,10:17:09,18545.00,100,2055650
20221116,10:17:12,18544.75,50,2055650
20221116,10:17:13,18545.00,100,2055650
20221116,10:17:14,18544.75,300,2055650
20221116,10:17:16,18545.00,50,2055650
20221116,10:17:18,18544.90,150,2055650
20221116,10:17:21,18545.00,50,2055650
20221116,10:17:23,18544.95,300,2055650
20221116,10:17:24,18545.00,50,2055650
20221116,10:17:25,18544.85,250,2055650
20221116,10:17:26,18544.50,600,2055650
20221116,10:17:27,18544.10,150,2055650
20221116,10:17:29,18544.00,100,2055650
20221116,10:17:31,18542.85,100,2055650
20221116,10:17:33,18543.40,50,2055650
20221116,10:17:34,18542.80,200,2055650
20221116,10:17:36,18542.80,50,2055650
20221116,10:17:38,18543.90,50,2055650
20221116,10:17:39,18543.00,100,2055650
20221116,10:17:42,18542.80,100,2055650
20221116,10:17:43,18542.80,200,2055650
20221116,10:17:46,18543.00,250,2055650
20221116,10:17:48,18542.70,100,2059500
20221116,10:17:49,18541.70,150,2059500
20221116,10:17:51,18541.70,150,2059500
20221116,10:17:53,18540.50,100,2059500
20221116,10:17:57,18536.55,950,2059500
20221116,10:18:01,18540.05,50,2059500
20221116,10:18:04,18541.10,50,2059500
20221116,10:18:06,18541.75,100,2059500
20221116,10:18:07,18542.00,50,2059500
20221116,10:18:09,18542.30,200,2059500
20221116,10:18:14,18542.70,100,2059500
20221116,10:18:17,18544.65,800,2059500
20221116,10:18:18,18542.85,100,2059500
20221116,10:18:19,18543.60,50,2059500
20221116,10:18:21,18541.85,750,2059500
20221116,10:18:22,18545.00,100,2059500
20221116,10:18:24,18546.50,1300,2059500
20221116,10:18:24,18546.80,50,2059500
20221116,10:18:28,18546.65,100,2059500
20221116,10:18:29,18546.60,200,2059500
20221116,10:18:32,18545.15,100,2059500
20221116,10:18:33,18545.15,100,2059500
20221116,10:18:37,18545.15,50,2059500
20221116,10:18:38,18546.20,100,2059500
20221116,10:18:39,18545.85,350,2059500
20221116,10:18:40,18546.60,400,2059500
20221116,10:18:43,18545.60,100,2059500
20221116,10:18:44,18545.00,300,2059500
20221116,10:18:46,18544.80,50,2059500
20221116,10:18:50,18541.40,1050,2059500
20221116,10:18:54,18540.70,50,2059500
20221116,10:18:57,18540.55,50,2059500
20221116,10:19:06,18541.40,100,2059500
20221116,10:19:08,18541.40,150,2059500
20221116,10:19:12,18541.40,50,2059500
20221116,10:19:16,18540.30,50,2059500
20221116,10:19:19,18540.00,50,2059500
20221116,10:19:22,18540.00,50,2059500
20221116,10:19:23,18542.00,100,2059500
20221116,10:19:24,18541.30,200,2059500
20221116,10:19:27,18540.05,50,2059500
20221116,10:19:28,18537.05,700,2059500
20221116,10:19:28,18537.10,100,2059500
20221116,10:19:32,18537.10,50,2059500
20221116,10:19:34,18537.10,150,2059500
20221116,10:19:39,18537.10,50,2059500
20221116,10:19:40,18540.20,100,2059500
20221116,10:19:41,18540.90,100,2059500
20221116,10:19:45,18538.30,50,2059500
20221116,10:19:56,18539.05,450,2059500
20221116,10:19:58,18537.05,50,2059500
20221116,10:20:00,18539.35,50,2059500
20221116,10:20:07,18537.40,100,2059500
20221116,10:20:11,18537.35,50,2059500
20221116,10:20:15,18537.00,100,2059500
20221116,10:20:23,18535.20,100,2059500
20221116,10:20:24,18532.95,50,2059500
20221116,10:20:27,18533.30,50,2059500
20221116,10:20:32,18535.00,50,2059500
20221116,10:20:35,18535.00,150,2059500
20221116,10:20:38,18532.30,50,2059500
20221116,10:20:42,18532.30,50,2059500
20221116,10:20:46,18532.30,200,2059500
20221116,10:20:47,18533.10,50,2059500
20221116,10:20:48,18532.30,50,2062900
20221116,10:20:53,18531.65,100,2062900
20221116,10:20:54,18531.65,100,2062900
20221116,10:20:57,18530.00,150,2062900
20221116,10:21:11,18528.00,200,2062900
20221116,10:21:13,18528.55,100,2062900
20221116,10:21:17,18530.00,50,2062900
20221116,10:21:19,18530.00,50,2062900
20221116,10:21:22,18529.05,50,2062900
20221116,10:21:25,18530.15,50,2062900
20221116,10:21:31,18528.20,150,2062900
20221116,10:21:34,18529.80,50,2062900
20221116,10:21:35,18528.00,50,2062900
20221116,10:21:40,18526.40,50,2062900
20221116,10:21:41,18526.05,50,2062900
20221116,10:21:53,18526.25,100,2062900
20221116,10:21:54,18527.45,50,2062900
20221116,10:21:59,18528.60,200,2062900
20221116,10:22:03,18528.60,450,2062900
20221116,10:22:10,18527.95,50,2062900
20221116,10:22:11,18528.10,50,2062900
20221116,10:22:12,18528.60,100,2062900
20221116,10:22:26,18529.10,300,2062900
20221116,10:22:32,18526.20,100,2062900
20221116,10:22:33,18526.00,500,2062900
20221116,10:22:36,18526.20,50,2062900
20221116,10:22:40,18530.00,100,2062900
20221116,10:22:47,18527.75,50,2062900
20221116,10:22:56,18530.00,300,2062900
20221116,10:22:57,18530.00,250,2062900
20221116,10:22:58,18530.00,200,2062900
20221116,10:22:59,18531.05,100,2062900
20221116,10:23:01,18529.40,50,2062900
20221116,10:23:02,18529.55,50,2062900
20221116,10:23:10,18532.55,100,2062900
20221116,10:23:12,18532.95,50,2062900
20221116,10:23:18,18534.85,200,2062900
20221116,10:23:29,18535.00,100,2062900
20221116,10:23:31,18537.05,50,2062900
20221116,10:23:32,18535.05,50,2062900
20221116,10:23:39,18538.55,50,2062900
20221116,10:23:49,18539.00,50,2062900
20221116,10:23:51,18540.00,50,2064700
20221116,10:23:52,18539.95,150,2064700
20221116,10:23:53,18540.45,100,2064700
20221116,10:23:55,18540.35,200,2064700
20221116,10:23:56,18539.95,50,2064700
20221116,10:23:58,18541.00,100,2064700
20221116,10:24:12,18540.00,300,2064700
20221116,10:24:25,18539.50,50,2064700
20221116,10:24:35,18540.00,100,2064700
20221116,10:24:37,18542.00,100,2064700
20221116,10:24:42,18541.00,50,2064700
20221116,10:24:53,18541.00,50,2064700
20221116,10:24:54,18541.95,50,2064700
20221116,10:24:59,18541.15,400,2064700
20221116,10:25:00,18540.00,300,2064700
20221116,10:25:04,18539.95,50,2064700
20221116,10:25:05,18539.50,150,2064700
20221116,10:25:07,18537.10,100,2064700
20221116,10:25:09,18537.20,50,2064700
20221116,10:25:16,18539.55,100,2064700
20221116,10:25:19,18539.30,50,2064700
20221116,10:25:20,18533.25,1800,2064700
20221116,10:25:22,18533.80,50,2064700
20221116,10:25:31,18533.90,50,2064700
20221116,10:25:32,18533.85,250,2064700
20221116,10:25:52,18533.00,50,2064700
20221116,10:25:57,18533.85,200,2064700
20221116,10:26:07,18532.90,50,2064700
20221116,10:26:08,18532.85,50,2064700
20221116,10:26:16,18532.85,150,2064700
20221116,10:26:25,18533.85,50,2064700
20221116,10:26:32,18534.85,50,2064700
20221116,10:26:36,18532.95,50,2064700
20221116,10:26:38,18532.95,50,2064700
20221116,10:26:45,18532.05,50,2064700
20221116,10:26:49,18533.25,100,2066100
20221116,10:26:51,18532.05,50,2066100
20221116,10:27:00,18532.10,100,2066100
20221116,10:27:00,18532.05,100,2066100
20221116,10:27:01,18532.05,550,2066100
20221116,10:27:02,18532.05,250,2066100
20221116,10:27:04,18532.05,100,2066100
20221116,10:27:05,18532.05,50,2066100
20221116,10:27:06,18530.50,900,2066100
20221116,10:27:08,18532.45,100,2066100
20221116,10:27:15,18532.10,350,2066100
20221116,10:27:23,18530.05,50,2066100
20221116,10:27:25,18530.00,300,2066100
20221116,10:27:27,18531.00,50,2066100
20221116,10:27:28,18530.75,50,2066100
20221116,10:27:29,18530.75,150,2066100
20221116,10:27:35,18530.10,200,2066100
20221116,10:27:37,18530.75,150,2066100
20221116,10:27:38,18530.10,100,2066100
20221116,10:27:40,18530.05,100,2066100
20221116,10:27:41,18530.05,150,2066100
20221116,10:27:41,18530.05,100,2066100
20221116,10:27:43,18530.00,250,2066100
20221116,10:27:46,18528.50,50,2066100
20221116,10:27:51,18530.15,50,2066100
20221116,10:27:55,18530.35,50,2066100
20221116,10:27:58,18528.65,100,2066100
20221116,10:28:00,18531.50,50,2066100
20221116,10:28:01,18531.80,50,2066100
20221116,10:28:02,18531.75,50,2066100
20221116,10:28:10,18527.95,1000,2066100
20221116,10:28:11,18528.55,50,2066100
20221116,10:28:16,18527.60,50,2066100
20221116,10:28:23,18527.05,500,2066100
20221116,10:28:29,18529.05,50,2066100
20221116,10:28:30,18529.00,100,2066100
20221116,10:28:38,18528.95,50,2066100
20221116,10:28:42,18529.25,50,2066100
20221116,10:28:43,18529.30,50,2066100
20221116,10:28:50,18529.45,50,2066100
20221116,10:28:55,18530.00,50,2066100
20221116,10:28:56,18530.00,50,2066100
20221116,10:29:00,18531.40,150,2066100
20221116,10:29:05,18531.35,100,2066100
20221116,10:29:06,18531.35,100,2066100
20221116,10:29:09,18531.50,50,2066100
20221116,10:29:11,18531.40,100,2066100
20221116,10:29:12,18531.40,50,2066100
20221116,10:29:13,18531.35,250,2066100
20221116,10:29:14,18531.30,300,2066100
20221116,10:29:16,18531.20,250,2066100
20221116,10:29:17,18530.60,50,2066100
20221116,10:29:19,18532.00,50,2066100
20221116,10:29:22,18532.15,100,2066100
20221116,10:29:26,18532.15,50,2066100
20221116,10:29:27,18532.10,400,2066100
20221116,10:29:33,18532.15,50,2066100
20221116,10:29:39,18534.00,100,2066100
20221116,10:29:44,18532.15,100,2066100
20221116,10:29:45,18532.05,400,2066100
20221116,10:29:47,18532.00,150,2066100
20221116,10:29:48,18532.05,50,2066100
20221116,10:29:49,18532.00,200,2066100
20221116,10:29:53,18530.55,100,2066300
20221116,10:29:55,18530.50,200,2066300
20221116,10:30:01,18530.00,550,2066300
20221116,10:30:18,18528.60,100,2066300
20221116,10:30:19,18528.60,50,2066300
20221116,10:30:20,18528.55,300,2066300
20221116,10:30:21,18528.00,50,2066300
20221116,10:30:26,18528.55,100,2066300
20221116,10:30:27,18526.25,150,2066300
20221116,10:30:29,18526.05,50,2066300
20221116,10:30:31,18526.05,100,2066300
20221116,10:30:32,18526.05,50,2066300
20221116,10:30:33,18529.30,150,2066300
20221116,10:30:35,18528.00,100,2066300
20221116,10:30:39,18528.80,300,2066300
20221116,10:30:42,18528.00,50,2066300
20221116,10:30:43,18527.35,50,2066300
20221116,10:30:45,18527.65,100,2066300
20221116,10:30:53,18529.00,250,2066300
20221116,10:30:54,18530.00,550,2066300
20221116,10:30:55,18532.45,250,2066300
20221116,10:31:00,18532.50,50,2066300
20221116,10:31:02,18532.50,50,2066300
20221116,10:31:03,18534.60,50,2066300
20221116,10:31:05,18532.80,50,2066300
20221116,10:31:07,18532.80,50,2066300
20221116,10:31:11,18535.00,100,2066300
20221116,10:31:13,18534.80,50,2066300
20221116,10:31:14,18537.15,100,2066300
20221116,10:31:15,18535.20,150,2066300
20221116,10:31:17,18535.20,150,2066300
20221116,10:31:18,18534.85,200,2066300
20221116,10:31:19,18536.00,50,2066300
20221116,10:31:21,18535.95,150,2066300
20221116,10:31:22,18534.85,150,2066300
20221116,10:31:23,18534.75,50,2066300
20221116,10:31:29,18536.65,200,2066300
20221116,10:31:31,18535.30,200,2066300
20221116,10:31:33,18535.45,50,2066300
20221116,10:31:34,18535.45,50,2066300
20221116,10:31:40,18533.80,50,2066300
20221116,10:31:50,18532.30,350,2066300
20221116,10:31:58,18531.15,650,2066300
20221116,10:32:02,18533.85,100,2066300
20221116,10:32:08,18533.95,50,2066300
20221116,10:32:14,18532.15,150,2066300
20221116,10:32:15,18530.40,50,2066300
20221116,10:32:16,18530.60,50,2066300
20221116,10:32:22,18530.80,100,2066300
20221116,10:32:23,18530.80,50,2066300
20221116,10:32:30,18530.75,50,2066300
20221116,10:32:31,18530.75,150,2066300
20221116,10:32:34,18530.00,300,2066300
20221116,10:32:49,18527.05,500,2066300
20221116,10:32:57,18527.15,50,2067200
20221116,10:33:00,18527.00,200,2067200
20221116,10:33:01,18527.00,300,2067200
20221116,10:33:06,18526.00,100,2067200
20221116,10:33:09,18526.25,50,2067200
20221116,10:33:12,18526.25,50,2067200
20221116,10:33:13,18526.85,150,2067200
20221116,10:33:15,18525.45,200,2067200
20221116,10:33:19,18525.40,50,2067200
20221116,10:33:25,18525.45,50,2067200
20221116,10:33:26,18525.45,200,2067200
20221116,10:33:30,18525.90,50,2067200
20221116,10:33:34,18525.95,50,2067200
20221116,10:33:36,18528.00,150,2067200
20221116,10:33:37,18527.95,100,2067200
20221116,10:33:43,18527.05,50,2067200
20221116,10:33:52,18527.70,50,2067200
20221116,10:33:58,18527.70,50,2067200
20221116,10:34:02,18527.70,50,2067200
20221116,10:34:04,18527.70,50,2067200
20221116,10:34:05,18527.65,50,2067200
20221116,10:34:11,18529.00,50,2067200
20221116,10:34:12,18529.00,100,2067200
20221116,10:34:19,18528.55,350,2067200
20221116,10:34:36,18528.90,50,2067200
20221116,10:34:51,18528.90,50,2067200
20221116,10:34:56,18528.65,250,2067200
20221116,10:34:57,18528.60,50,2067200
20221116,10:35:02,18527.20,550,2067200
20221116,10:35:04,18527.15,50,2067200
20221116,10:35:07,18527.15,50,2067200
20221116,10:35:13,18527.10,100,2067200
20221116,10:35:20,18527.10,50,2067200
20221116,10:35:21,18527.10,100,2067200
20221116,10:35:23,18527.00,300,2067200
20221116,10:35:38,18527.00,50,2067200
20221116,10:35:42,18528.30,150,2067200
20221116,10:35:43,18528.30,50,2067200
20221116,10:35:44,18528.65,50,2067200
20221116,10:35:47,18529.00,50,2067200
20221116,10:35:51,18528.25,50,2069300
20221116,10:36:01,18529.50,500,2069300
20221116,10:36:06,18529.95,50,2069300
20221116,10:36:07,18530.00,150,2069300
20221116,10:36:10,18530.00,50,2069300
20221116,10:36:13,18530.00,100,2069300
20221116,10:36:14,18531.05,150,2069300
20221116,10:36:19,18533.35,100,2069300
20221116,10:36:23,18532.60,150,2069300
20221116,10:36:24,18533.80,100,2069300
20221116,10:36:29,18532.90,50,2069300
20221116,10:36:30,18532.90,100,2069300
20221116,10:36:36,18533.20,200,2069300
20221116,10:36:42,18536.30,50,2069300
20221116,10:36:55,18534.65,200,2069300
20221116,10:36:56,18535.80,50,2069300
20221116,10:36:57,18534.60,150,2069300
20221116,10:37:03,18534.65,50,2069300
20221116,10:37:06,18534.60,50,2069300
20221116,10:37:14,18534.90,50,2069300
20221116,10:37:15,18534.90,50,2069300
20221116,10:37:17,18537.00,100,2069300
20221116,10:37:18,18535.50,150,2069300
20221116,10:37:21,18535.55,350,2069300
20221116,10:37:26,18535.80,50,2069300
20221116,10:37:27,18537.10,250,2069300
20221116,10:37:28,18537.40,50,2069300
20221116,10:37:30,18537.50,100,2069300
20221116,10:37:32,18537.60,250,2069300
20221116,10:37:39,18538.55,150,2069300
20221116,10:37:40,18538.25,950,2069300
20221116,10:37:41,18538.35,50,2069300
20221116,10:37:42,18538.30,50,2069300
20221116,10:37:44,18538.75,150,2069300
20221116,10:37:45,18538.70,100,2069300
20221116,10:37:46,18538.50,50,2069300
20221116,10:37:47,18538.60,150,2069300
20221116,10:37:49,18538.60,100,2069300
20221116,10:37:50,18538.75,100,2069300
20221116,10:37:52,18538.95,50,2069300
20221116,10:37:59,18540.00,150,2069300
20221116,10:38:00,18539.95,50,2069300
20221116,10:38:01,18540.00,50,2069300
20221116,10:38:04,18541.25,50,2069300
20221116,10:38:07,18541.80,50,2069300
20221116,10:38:09,18541.90,50,2069300
20221116,10:38:10,18541.95,300,2069300
20221116,10:38:11,18541.95,200,2069300
20221116,10:38:12,18541.90,50,2069300
20221116,10:38:15,18542.00,50,2069300
20221116,10:38:16,18542.00,100,2069300
20221116,10:38:16,18541.95,50,2069300
20221116,10:38:18,18540.05,500,2069300
20221116,10:38:21,18540.75,50,2069300
20221116,10:38:27,18540.25,50,2069300
20221116,10:38:28,18540.90,50,2069300
20221116,10:38:30,18541.00,200,2069300
20221116,10:38:35,18540.05,100,2069300
20221116,10:38:42,18540.05,50,2069300
20221116,10:38:46,18540.10,50,2069300
20221116,10:38:47,18540.05,50,2069300
20221116,10:38:50,18540.70,50,2073300
20221116,10:38:58,18540.70,50,2073300
20221116,10:38:59,18541.00,100,2073300
20221116,10:39:00,18542.00,400,2073300
20221116,10:39:01,18542.80,50,2073300
20221116,10:39:03,18543.00,50,2073300
20221116,10:39:04,18543.75,400,2073300
20221116,10:39:05,18543.65,100,2073300
20221116,10:39:07,18542.55,50,2073300
20221116,10:39:13,18541.60,100,2073300
20221116,10:39:21,18541.65,50,2073300
20221116,10:39:24,18541.60,50,2073300
20221116,10:39:29,18541.45,50,2073300
20221116,10:39:33,18541.45,50,2073300
20221116,10:39:53,18541.50,50,2073300
20221116,10:39:54,18541.55,50,2073300
20221116,10:39:58,18542.00,350,2073300
20221116,10:40:05,18543.00,50,2073300
20221116,10:40:08,18544.00,50,2073300
20221116,10:40:11,18545.00,1450,2073300
20221116,10:40:13,18546.00,200,2073300
20221116,10:40:14,18548.60,750,2073300
20221116,10:40:20,18547.00,50,2073300
20221116,10:40:21,18548.00,50,2073300
20221116,10:40:22,18547.70,50,2073300
20221116,10:40:23,18546.35,50,2073300
20221116,10:40:24,18547.30,300,2073300
20221116,10:40:26,18546.90,50,2073300
20221116,10:40:27,18546.85,150,2073300
20221116,10:40:34,18545.25,50,2073300
20221116,10:40:35,18546.55,50,2073300
20221116,10:40:43,18543.75,850,2073300
20221116,10:40:50,18544.15,150,2073300
20221116,10:40:53,18545.10,500,2073300
20221116,10:41:03,18543.60,450,2073300
20221116,10:41:05,18543.75,50,2073300
20221116,10:41:12,18543.45,50,2073300
20221116,10:41:14,18543.40,400,2073300
20221116,10:41:15,18543.40,50,2073300
20221116,10:41:17,18543.70,50,2073300
20221116,10:41:20,18544.70,50,2073300
20221116,10:41:31,18545.10,50,2073300
20221116,10:41:33,18544.50,50,2073300
20221116,10:41:34,18544.50,50,2073300
20221116,10:41:35,18544.55,100,2073300
20221116,10:41:38,18545.30,250,2073300
20221116,10:41:39,18546.20,400,2073300
20221116,10:41:40,18546.15,50,2073300
20221116,10:41:54,18545.60,50,2075500
20221116,10:41:57,18546.60,50,2075500
20221116,10:41:59,18545.70,50,2075500
20221116,10:42:04,18545.70,50,2075500
20221116,10:42:07,18545.75,50,2075500
20221116,10:42:09,18546.15,50,2075500
20221116,10:42:12,18546.20,350,2075500
20221116,10:42:18,18546.30,50,2075500
20221116,10:42:21,18546.40,200,2075500
20221116,10:42:26,18546.40,50,2075500
20221116,10:42:28,18545.80,50,2075500
20221116,10:42:35,18545.75,50,2075500
20221116,10:42:35,18546.75,200,2075500
20221116,10:42:42,18545.70,50,2075500
20221116,10:42:47,18545.70,100,2075500
20221116,10:42:49,18545.70,50,2075500
20221116,10:42:57,18545.70,50,2075500
20221116,10:43:00,18545.70,50,2075500
20221116,10:43:01,18546.00,100,2075500
20221116,10:43:02,18545.70,50,2075500
20221116,10:43:03,18545.40,50,2075500
20221116,10:43:05,18545.40,50,2075500
20221116,10:43:06,18545.50,200,2075500
20221116,10:43:07,18545.70,250,2075500
20221116,10:43:17,18545.70,50,2075500
20221116,10:43:18,18545.95,50,2075500
20221116,10:43:19,18546.00,150,2075500
20221116,10:43:20,18546.00,50,2075500
20221116,10:43:26,18545.90,350,2075500
20221116,10:43:30,18544.35,150,2075500
20221116,10:43:42,18545.80,50,2075500
20221116,10:43:43,18545.90,150,2075500
20221116,10:43:45,18545.80,100,2075500
20221116,10:43:46,18545.80,50,2075500
20221116,10:43:51,18545.70,50,2075500
20221116,10:43:52,18545.50,50,2075500
20221116,10:43:53,18545.00,450,2075500
20221116,10:43:54,18545.00,100,2075500
20221116,10:43:56,18543.05,100,2075500
20221116,10:44:04,18544.30,50,2075500
20221116,10:44:08,18544.45,450,2075500
20221116,10:44:09,18544.35,400,2075500
20221116,10:44:12,18543.15,50,2075500
20221116,10:44:18,18543.10,50,2075500
20221116,10:44:19,18542.15,150,2075500
20221116,10:44:28,18541.95,50,2075500
20221116,10:44:35,18541.95,450,2075500
20221116,10:44:38,18544.05,100,2075500
20221116,10:44:43,18541.95,100,2075500
20221116,10:44:46,18541.95,50,2075500
20221116,10:44:53,18542.05,150,2077300
20221116,10:44:58,18542.10,50,2077300
20221116,10:45:01,18542.10,100,2077300
20221116,10:45:05,18542.10,200,2077300
20221116,10:45:25,18542.70,100,2077300
20221116,10:45:30,18544.00,50,2077300
20221116,10:45:32,18543.30,1000,2077300
20221116,10:45:33,18543.90,100,2077300
20221116,10:45:36,18544.00,100,2077300
20221116,10:45:42,18544.40,50,2077300
20221116,10:45:43,18544.55,100,2077300
20221116,10:45:44,18545.00,50,2077300
20221116,10:45:46,18544.55,50,2077300
20221116,10:45:48,18544.55,50,2077300
20221116,10:45:49,18544.70,50,2077300
20221116,10:45:50,18544.55,150,2077300
20221116,10:45:51,18544.55,50,2077300
20221116,10:45:53,18544.50,500,2077300
20221116,10:45:56,18544.50,50,2077300
20221116,10:45:58,18544.55,50,2077300
20221116,10:46:00,18542.65,50,2077300
20221116,10:46:11,18544.00,50,2077300
20221116,10:46:19,18542.75,100,2077300
20221116,10:46:20,18542.65,400,2077300
20221116,10:46:28,18542.00,300,2077300
20221116,10:46:32,18541.05,50,2077300
20221116,10:46:36,18541.35,50,2077300
20221116,10:46:39,18541.35,50,2077300
20221116,10:46:44,18541.35,50,2077300
20221116,10:46:46,18542.85,50,2077300
20221116,10:46:47,18541.35,100,2077300
20221116,10:46:53,18541.35,50,2077300
20221116,10:46:54,18541.35,100,2077300
20221116,10:46:55,18541.35,500,2077300
20221116,10:46:56,18541.35,50,2077300
20221116,10:46:57,18541.35,150,2077300
20221116,10:47:02,18541.35,50,2077300
20221116,10:47:05,18541.35,250,2077300
20221116,10:47:07,18543.50,50,2077300
20221116,10:47:10,18542.20,50,2077300
20221116,10:47:29,18542.20,100,2077300
20221116,10:47:34,18543.00,50,2077300
20221116,10:47:47,18544.00,50,2077300
20221116,10:47:48,18544.05,50,2077300
20221116,10:47:55,18544.45,50,2078950
20221116,10:47:59,18544.60,50,2078950
20221116,10:48:00,18544.55,350,2078950
20221116,10:48:01,18544.65,200,2078950
20221116,10:48:03,18544.65,1050,2078950
20221116,10:48:05,18544.65,50,2078950
20221116,10:48:06,18544.60,50,2078950
20221116,10:48:10,18544.60,50,2078950
20221116,10:48:19,18544.40,50,2078950
20221116,10:48:23,18544.40,50,2078950
20221116,10:48:24,18544.60,100,2078950
20221116,10:48:25,18544.95,550,2078950
20221116,10:48:27,18544.90,50,2078950
20221116,10:48:32,18545.00,50,2078950
20221116,10:48:36,18544.90,50,2078950
20221116,10:48:38,18544.90,50,2078950
20221116,10:48:43,18545.00,50,2078950
20221116,10:48:54,18544.90,100,2078950
20221116,10:48:57,18545.00,50,2078950
20221116,10:49:00,18544.90,500,2078950
20221116,10:49:14,18545.00,100,2078950
20221116,10:49:15,18544.95,200,2078950
20221116,10:49:18,18544.90,100,2078950
20221116,10:49:19,18544.90,50,2078950
20221116,10:49:25,18545.00,150,2078950
20221116,10:49:35,18544.10,50,2078950
20221116,10:49:36,18544.05,100,2078950
20221116,10:49:37,18544.05,150,2078950
20221116,10:49:42,18544.75,200,2078950
20221116,10:49:50,18544.75,50,2078950
20221116,10:49:54,18544.75,50,2078950
20221116,10:49:55,18545.00,400,2078950
20221116,10:49:56,18545.00,200,2078950
20221116,10:49:58,18545.90,50,2078950
20221116,10:50:01,18546.00,100,2078950
20221116,10:50:07,18546.30,50,2078950
20221116,10:50:10,18546.30,300,2078950
20221116,10:50:11,18546.30,50,2078950
20221116,10:50:13,18546.30,50,2078950
20221116,10:50:22,18546.30,50,2078950
20221116,10:50:25,18546.60,100,2078950
20221116,10:50:29,18546.65,100,2078950
20221116,10:50:30,18548.00,50,2078950
20221116,10:50:31,18547.50,50,2078950
20221116,10:50:34,18548.60,300,2078950
20221116,10:50:37,18549.25,250,2078950
20221116,10:50:39,18549.75,100,2078950
20221116,10:50:39,18553.15,2500,2078950
20221116,10:50:41,18554.00,50,2078950
20221116,10:50:43,18554.80,50,2078950
20221116,10:50:44,18553.70,50,2078950
20221116,10:50:46,18555.00,50,2078950
20221116,10:50:49,18555.00,200,2078950
20221116,10:50:50,18554.80,100,2078950
20221116,10:50:59,18555.20,50,2080050
20221116,10:51:02,18555.00,50,2080050
20221116,10:51:06,18557.10,50,2080050
20221116,10:51:07,18556.25,100,2080050
20221116,10:51:09,18557.20,650,2080050
20221116,10:51:10,18556.00,50,2080050
20221116,10:51:23,18557.60,450,2080050
20221116,10:51:24,18558.25,250,2080050
20221116,10:51:26,18559.05,100,2080050
20221116,10:51:28,18560.00,1300,2080050
20221116,10:51:30,18560.40,1000,2080050
20221116,10:51:31,18563.80,250,2080050
20221116,10:51:32,18564.00,100,2080050
20221116,10:51:33,18562.20,50,2080050
20221116,10:51:35,18564.70,250,2080050
20221116,10:51:36,18564.70,50,2080050
20221116,10:51:37,18562.25,100,2080050
20221116,10:51:38,18562.00,50,2080050
20221116,10:51:41,18562.85,50,2080050
20221116,10:51:44,18564.25,150,2080050
20221116,10:51:45,18564.90,600,2080050
20221116,10:51:46,18564.90,50,2080050
20221116,10:51:47,18564.90,150,2080050
20221116,10:51:52,18565.00,250,2080050
20221116,10:51:54,18565.00,50,2080050
20221116,10:51:54,18564.20,50,2080050
20221116,10:51:55,18564.85,50,2080050
20221116,10:51:56,18564.95,50,2080050
20221116,10:51:58,18564.00,100,2080050
20221116,10:51:59,18563.85,200,2080050
20221116,10:52:00,18564.75,50,2080050
20221116,10:52:01,18563.60,100,2080050
20221116,10:52:04,18565.00,100,2080050
20221116,10:52:07,18562.50,200,2080050
20221116,10:52:11,18562.20,50,2080050
20221116,10:52:14,18562.20,100,2080050
20221116,10:52:14,18561.25,50,2080050
20221116,10:52:18,18560.80,50,2080050
20221116,10:52:22,18561.20,150,2080050
20221116,10:52:26,18561.15,400,2080050
20221116,10:52:29,18562.60,700,2080050
20221116,10:52:29,18562.60,50,2080050
20221116,10:52:31,18562.60,50,2080050
20221116,10:52:32,18562.40,100,2080050
20221116,10:52:38,18562.85,100,2080050
20221116,10:52:39,18562.85,150,2080050
20221116,10:52:40,18562.30,50,2080050
20221116,10:52:47,18560.00,150,2080050
20221116,10:52:52,18560.15,100,2080050
20221116,10:52:53,18560.00,50,2080050
20221116,10:52:54,18560.00,200,2080050
20221116,10:52:57,18559.25,50,2080050
20221116,10:53:01,18560.00,50,2080050
20221116,10:53:02,18559.20,50,2080050
20221116,10:53:05,18558.95,50,2080050
20221116,10:53:09,18560.00,50,2080050
20221116,10:53:10,18558.35,550,2080050
20221116,10:53:17,18558.10,100,2080050
20221116,10:53:20,18557.75,50,2080050
20221116,10:53:26,18558.05,100,2080050
20221116,10:53:34,18560.00,250,2080050
20221116,10:53:35,18559.70,50,2080050
20221116,10:53:36,18560.45,200,2080050
20221116,10:53:40,18561.15,300,2080050
20221116,10:53:41,18561.60,50,2080050
20221116,10:53:42,18561.95,200,2080050
20221116,10:53:45,18563.00,550,2080050
20221116,10:53:53,18563.50,200,2080050
20221116,10:53:58,18562.10,100,2078650
20221116,10:53:59,18562.00,100,2078650
20221116,10:54:01,18563.00,200,2078650
20221116,10:54:03,18562.70,50,2078650
20221116,10:54:04,18562.65,50,2078650
20221116,10:54:06,18562.65,250,2078650
20221116,10:54:09,18563.00,100,2078650
20221116,10:54:10,18562.90,50,2078650
20221116,10:54:23,18561.25,100,2078650
20221116,10:54:33,18562.35,50,2078650
20221116,10:54:41,18561.35,50,2078650
20221116,10:54:53,18563.00,350,2078650
20221116,10:55:11,18562.35,150,2078650
20221116,10:55:14,18561.00,50,2078650
20221116,10:55:15,18560.95,100,2078650
20221116,10:55:16,18561.10,50,2078650
20221116,10:55:20,18562.45,150,2078650
20221116,10:55:22,18563.00,100,2078650
20221116,10:55:23,18563.00,150,2078650
20221116,10:55:25,18562.20,150,2078650
20221116,10:55:28,18562.80,300,2078650
20221116,10:55:30,18562.45,150,2078650
20221116,10:55:32,18563.50,100,2078650
20221116,10:55:33,18563.80,150,2078650
20221116,10:55:34,18563.55,50,2078650
20221116,10:55:35,18564.00,50,2078650
20221116,10:55:40,18563.15,50,2078650
20221116,10:55:41,18563.95,100,2078650
20221116,10:55:43,18564.00,50,2078650
20221116,10:55:45,18563.70,50,2078650
20221116,10:55:48,18564.00,50,2078650
20221116,10:55:49,18564.00,400,2078650
20221116,10:55:50,18563.80,50,2078650
20221116,10:55:52,18563.80,250,2078650
20221116,10:55:53,18563.90,50,2078650
20221116,10:55:56,18564.60,50,2078650
20221116,10:55:57,18563.65,50,2078650
20221116,10:56:05,18563.35,50,2078650
20221116,10:56:12,18562.40,100,2078650
20221116,10:56:13,18562.15,100,2078650
20221116,10:56:21,18564.00,250,2078650
20221116,10:56:24,18561.50,100,2078650
20221116,10:56:29,18561.00,100,2078650
20221116,10:56:34,18561.50,50,2078650
20221116,10:56:40,18562.75,50,2078650
20221116,10:56:44,18562.95,50,2078650
20221116,10:56:49,18562.05,50,2078650
20221116,10:56:57,18562.10,150,2076950
20221116,10:56:59,18562.10,250,2076950
20221116,10:57:01,18561.75,100,2076950
20221116,10:57:04,18559.25,50,2076950
20221116,10:57:08,18558.25,50,2076950
20221116,10:57:09,18557.20,50,2076950
20221116,10:57:11,18556.70,50,2076950
20221116,10:57:12,18556.80,50,2076950
20221116,10:57:14,18559.25,100,2076950
20221116,10:57:15,18559.25,50,2076950
20221116,10:57:17,18560.00,50,2076950
20221116,10:57:19,18559.10,50,2076950
20221116,10:57:20,18559.10,50,2076950
20221116,10:57:23,18559.20,50,2076950
20221116,10:57:28,18559.20,100,2076950
20221116,10:57:35,18558.25,50,2076950
20221116,10:57:41,18558.55,50,2076950
20221116,10:57:46,18561.00,200,2076950
20221116,10:57:48,18561.35,50,2076950
20221116,10:57:59,18562.00,100,2076950
20221116,10:58:04,18562.80,50,2076950
20221116,10:58:07,18562.80,50,2076950
20221116,10:58:09,18564.00,550,2076950
20221116,10:58:10,18565.45,550,2076950
20221116,10:58:11,18567.00,150,2076950
20221116,10:58:13,18567.50,50,2076950
20221116,10:58:14,18567.50,50,2076950
20221116,10:58:15,18567.50,100,2076950
20221116,10:58:16,18566.35,50,2076950
20221116,10:58:18,18567.90,50,2076950
20221116,10:58:19,18567.90,150,2076950
20221116,10:58:20,18566.00,650,2076950
20221116,10:58:21,18565.95,200,2076950
20221116,10:58:22,18567.60,150,2076950
20221116,10:58:29,18567.70,100,2076950
20221116,10:58:30,18569.50,300,2076950
20221116,10:58:35,18569.50,50,2076950
20221116,10:58:36,18568.35,50,2076950
20221116,10:58:43,18568.85,50,2076950
20221116,10:58:44,18566.45,200,2076950
20221116,10:58:51,18568.95,150,2076950
20221116,10:58:52,18568.00,50,2076950
20221116,10:58:57,18567.20,50,2076950
20221116,10:58:58,18567.20,50,2076950
20221116,10:59:02,18567.25,50,2076950
20221116,10:59:06,18567.20,50,2076950
20221116,10:59:08,18566.90,50,2076950
20221116,10:59:11,18566.55,50,2076950
20221116,10:59:12,18567.30,50,2076950
20221116,10:59:13,18566.50,500,2076950
20221116,10:59:15,18566.30,300,2076950
20221116,10:59:17,18566.40,100,2076950
20221116,10:59:21,18566.40,50,2076950
20221116,10:59:26,18567.05,200,2076950
20221116,10:59:27,18566.90,50,2076950
20221116,10:59:29,18566.90,50,2076950
20221116,10:59:32,18566.40,50,2076950
20221116,10:59:35,18566.95,50,2076950
20221116,10:59:36,18567.50,150,2076950
20221116,10:59:43,18567.10,50,2076950
20221116,10:59:46,18567.05,250,2076950
20221116,10:59:47,18567.05,50,2076950
20221116,10:59:49,18569.25,50,2076950
20221116,10:59:50,18567.50,50,2076950
20221116,10:59:51,18567.50,100,2076950
20221116,10:59:54,18566.20,50,2077150
20221116,10:59:56,18569.20,400,2077150
20221116,10:59:58,18569.20,100,2077150
20221116,11:00:02,18569.30,200,2077150
20221116,11:00:03,18567.95,150,2077150
20221116,11:00:06,18569.60,50,2077150
20221116,11:00:08,18569.60,250,2077150
20221116,11:00:08,18568.20,200,2077150
20221116,11:00:12,18567.55,50,2077150
20221116,11:00:16,18569.00,250,2077150
20221116,11:00:18,18569.45,200,2077150
20221116,11:00:19,18567.50,50,2077150
20221116,11:00:20,18567.50,50,2077150
20221116,11:00:37,18567.50,50,2077150
20221116,11:00:46,18566.05,100,2077150
20221116,11:00:49,18568.05,50,2077150
20221116,11:00:50,18565.55,50,2077150
20221116,11:00:53,18565.25,50,2077150
20221116,11:00:54,18565.00,50,2077150
20221116,11:00:57,18565.50,50,2077150
20221116,11:00:57,18565.55,50,2077150
20221116,11:01:01,18564.35,150,2077150
20221116,11:01:03,18563.95,100,2077150
20221116,11:01:07,18562.40,50,2077150
20221116,11:01:15,18561.95,150,2077150
20221116,11:01:16,18564.00,50,2077150
20221116,11:01:23,18562.05,50,2077150
20221116,11:01:35,18561.45,50,2077150
20221116,11:01:39,18560.90,50,2077150
20221116,11:01:40,18562.75,50,2077150
20221116,11:01:45,18562.00,50,2077150
20221116,11:01:46,18562.85,50,2077150
20221116,11:01:47,18562.00,50,2077150
20221116,11:01:50,18562.00,100,2077150
20221116,11:01:52,18562.00,50,2077150
20221116,11:01:56,18561.35,50,2077150
20221116,11:01:58,18561.05,150,2077150
20221116,11:02:00,18561.35,50,2077150
20221116,11:02:02,18561.20,50,2077150
20221116,11:02:03,18562.00,400,2077150
20221116,11:02:06,18562.10,50,2077150
20221116,11:02:07,18562.10,50,2077150
20221116,11:02:13,18561.40,50,2077150
20221116,11:02:15,18563.20,50,2077150
20221116,11:02:22,18560.90,50,2077150
20221116,11:02:25,18560.70,50,2077150
20221116,11:02:26,18560.60,50,2077150
20221116,11:02:27,18559.55,150,2077150
20221116,11:02:31,18559.65,50,2077150
20221116,11:02:31,18562.75,50,2077150
20221116,11:02:32,18560.50,100,2077150
20221116,11:02:44,18559.50,50,2077150
20221116,11:02:45,18562.20,50,2077150
20221116,11:03:00,18558.55,50,2076350
20221116,11:03:06,18558.10,50,2076350
20221116,11:03:08,18558.25,150,2076350
20221116,11:03:15,18559.00,100,2076350
20221116,11:03:15,18559.05,50,2076350
20221116,11:03:16,18559.15,100,2076350
20221116,11:03:30,18560.05,150,2076350
20221116,11:03:31,18559.95,50,2076350
20221116,11:03:34,18559.65,100,2076350
20221116,11:03:39,18560.00,100,2076350
20221116,11:03:43,18560.00,100,2076350
20221116,11:03:49,18560.00,50,2076350
20221116,11:03:50,18560.20,100,2076350
20221116,11:03:51,18560.15,50,2076350
20221116,11:03:53,18560.00,150,2076350
20221116,11:03:54,18560.00,50,2076350
20221116,11:03:58,18558.85,50,2076350
20221116,11:03:59,18558.85,150,2076350
20221116,11:04:00,18558.10,50,2076350
20221116,11:04:06,18558.00,150,2076350
20221116,11:04:07,18558.00,200,2076350
20221116,11:04:09,18558.00,150,2076350
20221116,11:04:10,18558.85,50,2076350
20221116,11:04:13,18558.00,200,2076350
20221116,11:04:14,18557.55,50,2076350
20221116,11:04:19,18557.50,150,2076350
20221116,11:04:20,18557.20,50,2076350
20221116,11:04:23,18557.20,50,2076350
20221116,11:04:25,18557.00,100,2076350
20221116,11:04:26,18557.00,50,2076350
20221116,11:04:37,18556.95,50,2076350
20221116,11:04:41,18556.00,50,2076350
20221116,11:04:43,18556.05,50,2076350
20221116,11:04:44,18556.05,50,2076350
20221116,11:04:48,18557.00,50,2076350
20221116,11:04:50,18558.00,50,2076350
20221116,11:04:52,18558.45,100,2076350
20221116,11:04:55,18559.80,200,2076350
20221116,11:04:56,18558.65,100,2076350
20221116,11:04:58,18558.80,50,2076350
20221116,11:05:00,18559.95,150,2076350
20221116,11:05:01,18558.60,50,2076350
20221116,11:05:04,18559.85,50,2076350
20221116,11:05:06,18558.00,100,2076350
20221116,11:05:10,18556.55,150,2076350
20221116,11:05:11,18557.15,50,2076350
20221116,11:05:17,18556.80,50,2076350
20221116,11:05:17,18556.85,50,2076350
20221116,11:05:19,18556.15,250,2076350
20221116,11:05:20,18557.30,100,2076350
20221116,11:05:24,18555.20,150,2076350
20221116,11:05:25,18557.35,100,2076350
20221116,11:05:26,18555.50,100,2076350
20221116,11:05:31,18557.00,50,2076350
20221116,11:05:32,18557.60,50,2076350
20221116,11:05:37,18555.85,300,2076350
20221116,11:05:48,18556.60,300,2076350
20221116,11:06:01,18555.00,150,2077300
20221116,11:06:09,18555.40,100,2077300
20221116,11:06:10,18555.75,150,2077300
20221116,11:06:14,18555.15,50,2077300
20221116,11:06:17,18555.00,100,2077300
20221116,11:06:23,18555.00,100,2077300
20221116,11:06:24,18555.00,50,2077300
20221116,11:06:26,18554.55,50,2077300
20221116,11:06:28,18554.55,50,2077300
20221116,11:06:29,18554.70,250,2077300
20221116,11:06:29,18555.00,100,2077300
20221116,11:06:33,18555.05,250,2077300
20221116,11:06:34,18556.90,150,2077300
20221116,11:06:36,18555.30,150,2077300
20221116,11:06:45,18555.30,50,2077300
20221116,11:06:47,18557.00,150,2077300
20221116,11:06:48,18557.60,50,2077300
20221116,11:07:04,18556.85,200,2077300
20221116,11:07:05,18556.95,50,2077300
20221116,11:07:11,18557.60,50,2077300
20221116,11:07:17,18557.00,50,2077300
20221116,11:07:18,18556.95,50,2077300
20221116,11:07:21,18556.95,50,2077300
20221116,11:07:23,18556.95,100,2077300
20221116,11:07:26,18556.75,50,2077300
20221116,11:07:27,18557.60,50,2077300
20221116,11:07:33,18557.65,50,2077300
20221116,11:07:36,18559.05,50,2077300
20221116,11:07:44,18557.35,50,2077300
20221116,11:07:51,18559.00,50,2077300
20221116,11:07:53,18557.05,50,2077300
20221116,11:07:59,18559.40,50,2077300
20221116,11:08:00,18557.25,50,2077300
20221116,11:08:10,18558.15,250,2077300
20221116,11:08:13,18560.00,500,2077300
20221116,11:08:17,18560.00,250,2077300
20221116,11:08:22,18560.05,200,2077300
20221116,11:08:29,18560.05,50,2077300
20221116,11:08:32,18560.05,50,2077300
20221116,11:08:35,18560.45,100,2077300
20221116,11:08:41,18560.05,50,2077300
20221116,11:08:43,18557.70,350,2077300
20221116,11:08:47,18557.25,100,2077300
20221116,11:08:48,18557.25,50,2077300
20221116,11:08:50,18558.40,150,2077300
20221116,11:08:51,18558.95,50,2077300
20221116,11:08:52,18558.75,50,2077300
20221116,11:08:53,18558.40,100,2077300
20221116,11:08:55,18558.55,100,2077300
20221116,11:08:56,18558.30,100,2077600
20221116,11:09:03,18557.60,350,2077600
20221116,11:09:07,18555.00,100,2077600
20221116,11:09:09,18551.40,200,2077600
20221116,11:09:10,18552.00,100,2077600
20221116,11:09:11,18554.00,50,2077600
20221116,11:09:15,18551.10,50,2077600
20221116,11:09:22,18554.20,150,2077600
20221116,11:09:24,18551.75,50,2077600
20221116,11:09:34,18554.20,50,2077600
20221116,11:09:42,18554.60,50,2077600
20221116,11:09:47,18552.60,250,2077600
20221116,11:09:48,18555.00,50,2077600
20221116,11:09:57,18552.85,100,2077600
20221116,11:10:09,18552.85,650,2077600
20221116,11:10:10,18554.60,50,2077600
20221116,11:10:13,18554.45,50,2077600
20221116,11:10:15,18554.35,100,2077600
20221116,11:10:18,18551.25,100,2077600
20221116,11:10:24,18551.00,150,2077600
20221116,11:10:31,18550.00,150,2077600
20221116,11:10:36,18549.00,100,2077600
20221116,11:10:44,18550.05,50,2077600
20221116,11:10:50,18550.00,100,2077600
20221116,11:11:04,18548.05,100,2077600
20221116,11:11:06,18547.00,800,2077600
20221116,11:11:12,18546.70,100,2077600
20221116,11:11:12,18546.55,50,2077600
20221116,11:11:14,18548.30,250,2077600
20221116,11:11:15,18548.30,350,2077600
20221116,11:11:16,18547.00,100,2077600
20221116,11:11:18,18546.60,100,2077600
20221116,11:11:18,18546.50,50,2077600
20221116,11:11:19,18547.00,50,2077600
20221116,11:11:26,18546.60,100,2077600
20221116,11:11:27,18546.60,150,2077600
20221116,11:11:28,18546.50,50,2077600
20221116,11:11:29,18546.05,200,2077600
20221116,11:11:33,18546.30,500,2077600
20221116,11:11:44,18546.30,50,2077600
20221116,11:11:50,18546.00,850,2077600
20221116,11:11:51,18546.00,400,2077600
20221116,11:11:52,18546.00,550,2077600
20221116,11:11:53,18545.95,300,2077600
20221116,11:11:57,18546.75,350,2077000
20221116,11:11:58,18548.00,50,2077000
20221116,11:12:01,18547.00,50,2077000
20221116,11:12:05,18547.25,50,2077000
20221116,11:12:11,18549.10,100,2077000
20221116,11:12:17,18549.10,100,2077000
20221116,11:12:25,18548.45,100,2077000
20221116,11:12:29,18548.35,1350,2077000
20221116,11:12:31,18548.35,150,2077000
20221116,11:12:32,18548.45,100,2077000
20221116,11:12:38,18550.00,50,2077000
20221116,11:12:39,18550.00,300,2077000
20221116,11:12:47,18550.55,50,2077000
20221116,11:12:48,18551.90,50,2077000
20221116,11:12:51,18552.00,50,2077000
20221116,11:12:56,18554.10,50,2077000
20221116,11:13:01,18553.65,150,2077000
20221116,11:13:07,18554.60,100,2077000
20221116,11:13:08,18555.00,250,2077000
20221116,11:13:12,18553.65,50,2077000
20221116,11:13:13,18555.00,250,2077000
20221116,11:13:14,18555.75,100,2077000
20221116,11:13:16,18556.25,50,2077000
20221116,11:13:17,18555.25,100,2077000
20221116,11:13:17,18556.00,150,2077000
20221116,11:13:18,18555.00,50,2077000
20221116,11:13:19,18557.35,100,2077000
20221116,11:13:20,18555.75,100,2077000
20221116,11:13:22,18555.00,50,2077000
20221116,11:13:25,18555.00,50,2077000
20221116,11:13:28,18555.00,800,2077000
20221116,11:13:29,18553.65,50,2077000
20221116,11:13:30,18555.00,200,2077000
20221116,11:13:32,18554.30,50,2077000
20221116,11:13:40,18551.85,50,2077000
20221116,11:13:46,18553.25,100,2077000
20221116,11:13:48,18553.40,50,2077000
20221116,11:13:49,18550.55,50,2077000
20221116,11:13:53,18550.20,50,2077000
20221116,11:14:00,18553.00,50,2077000
20221116,11:14:01,18550.50,700,2077000
20221116,11:14:03,18552.95,100,2077000
20221116,11:14:06,18551.70,100,2077000
20221116,11:14:15,18550.00,50,2077000
20221116,11:14:21,18551.60,50,2077000
20221116,11:14:26,18551.90,50,2077000
20221116,11:14:27,18551.60,50,2077000
20221116,11:14:30,18552.00,50,2077000
20221116,11:14:31,18552.00,100,2077000
20221116,11:14:31,18552.90,50,2077000
20221116,11:14:32,18550.45,50,2077000
20221116,11:14:39,18550.40,50,2077000
20221116,11:14:43,18550.30,50,2077000
20221116,11:14:49,18552.15,50,2077000
20221116,11:14:52,18553.00,100,2077000
20221116,11:14:54,18553.95,50,2077000
20221116,11:15:07,18552.40,50,2078450
20221116,11:15:10,18552.30,50,2078450
20221116,11:15:13,18552.15,100,2078450
20221116,11:15:16,18553.20,50,2078450
20221116,11:15:19,18550.35,100,2078450
20221116,11:15:22,18550.00,50,2078450
20221116,11:15:24,18552.15,150,2078450
20221116,11:15:29,18550.00,50,2078450
20221116,11:15:30,18550.00,50,2078450
20221116,11:15:30,18551.30,50,2078450
20221116,11:15:33,18552.25,350,2078450
20221116,11:15:39,18552.15,50,2078450
20221116,11:15:42,18551.70,50,2078450
20221116,11:15:44,18551.80,50,2078450
20221116,11:15:45,18553.20,50,2078450
20221116,11:15:48,18552.50,100,2078450
20221116,11:15:50,18554.00,50,2078450
20221116,11:15:51,18554.00,50,2078450
20221116,11:15:53,18554.00,50,2078450
20221116,11:15:54,18554.00,100,2078450
20221116,11:15:55,18554.00,50,2078450
20221116,11:15:58,18554.00,50,2078450
20221116,11:16:00,18554.00,100,2078450
20221116,11:16:01,18556.00,500,2078450
20221116,11:16:04,18556.05,50,2078450
20221116,11:16:12,18556.00,100,2078450
20221116,11:16:16,18556.00,50,2078450
20221116,11:16:19,18557.00,50,2078450
20221116,11:16:22,18556.10,50,2078450
20221116,11:16:25,18558.00,50,2078450
20221116,11:16:27,18558.00,50,2078450
20221116,11:16:28,18557.95,50,2078450
20221116,11:16:29,18558.00,50,2078450
20221116,11:16:30,18557.00,100,2078450
20221116,11:16:32,18557.00,150,2078450
20221116,11:16:33,18556.90,100,2078450
20221116,11:16:34,18557.00,250,2078450
20221116,11:16:35,18557.00,50,2078450
20221116,11:16:38,18556.80,150,2078450
20221116,11:16:43,18557.00,50,2078450
20221116,11:16:44,18557.00,600,2078450
20221116,11:16:46,18557.00,50,2078450
20221116,11:16:50,18557.00,50,2078450
20221116,11:16:51,18557.00,50,2078450
20221116,11:16:52,18557.00,100,2078450
20221116,11:16:57,18559.00,50,2078450
20221116,11:17:01,18558.80,50,2078450
20221116,11:17:02,18558.80,150,2078450
20221116,11:17:07,18560.00,100,2078450
20221116,11:17:08,18560.00,50,2078450
20221116,11:17:09,18560.00,100,2078450
20221116,11:17:11,18560.00,50,2078450
20221116,11:17:12,18560.00,50,2078450
20221116,11:17:13,18560.00,200,2078450
20221116,11:17:14,18561.45,950,2078450
20221116,11:17:15,18562.25,150,2078450
20221116,11:17:15,18560.60,50,2078450
20221116,11:17:16,18562.30,50,2078450
20221116,11:17:20,18560.45,100,2078450
20221116,11:17:21,18560.00,50,2078450
20221116,11:17:22,18558.00,250,2078450
20221116,11:17:23,18561.00,150,2078450
20221116,11:17:26,18560.45,100,2078450
20221116,11:17:43,18560.00,100,2078450
20221116,11:17:47,18558.95,100,2078450
20221116,11:17:49,18558.35,100,2078450
20221116,11:17:58,18561.45,200,2080050
20221116,11:18:02,18561.10,100,2080050
20221116,11:18:03,18558.40,50,2080050
20221116,11:18:08,18558.25,1000,2080050
20221116,11:18:10,18558.40,50,2080050
20221116,11:18:17,18557.35,1000,2080050
20221116,11:18:29,18557.10,100,2080050
20221116,11:18:30,18559.60,150,2080050
20221116,11:18:49,18557.20,50,2080050
20221116,11:18:51,18557.20,50,2080050
20221116,11:19:06,18558.10,50,2080050
20221116,11:19:07,18559.00,50,2080050
20221116,11:19:08,18559.35,50,2080050
20221116,11:19:16,18560.00,50,2080050
20221116,11:19:17,18557.00,750,2080050
20221116,11:19:19,18558.40,50,2080050
20221116,11:19:20,18559.50,50,2080050
20221116,11:19:24,18559.25,50,2080050
20221116,11:19:28,18561.45,200,2080050
20221116,11:19:30,18560.00,50,2080050
20221116,11:19:42,18560.00,50,2080050
20221116,11:19:45,18559.05,50,2080050
20221116,11:19:49,18562.40,50,2080050
20221116,11:19:50,18559.25,50,2080050
20221116,11:19:51,18559.70,50,2080050
20221116,11:20:02,18559.95,50,2080050
20221116,11:20:03,18559.95,50,2080050
20221116,11:20:05,18559.20,200,2080050
20221116,11:20:07,18559.95,250,2080050
20221116,11:20:16,18561.30,50,2080050
20221116,11:20:21,18561.30,50,2080050
20221116,11:20:22,18561.30,50,2080050
20221116,11:20:23,18561.10,50,2080050
20221116,11:20:25,18560.70,100,2080050
20221116,11:20:32,18561.00,50,2080050
20221116,11:20:41,18561.00,50,2080050
20221116,11:20:45,18559.70,100,2080050
20221116,11:21:01,18560.00,100,2080000
20221116,11:21:06,18559.00,50,2080000
20221116,11:21:09,18559.75,50,2080000
20221116,11:21:11,18560.10,200,2080000
20221116,11:21:25,18559.05,200,2080000
20221116,11:21:26,18559.00,100,2080000
20221116,11:21:27,18560.15,100,2080000
20221116,11:21:32,18558.05,50,2080000
20221116,11:21:33,18559.90,100,2080000
20221116,11:21:43,18557.20,200,2080000
20221116,11:21:47,18559.90,50,2080000
20221116,11:21:49,18558.95,50,2080000
20221116,11:21:53,18559.00,50,2080000
20221116,11:21:54,18561.00,50,2080000
20221116,11:22:02,18560.75,100,2080000
20221116,11:22:09,18558.35,100,2080000
20221116,11:22:23,18558.45,50,2080000
20221116,11:22:24,18558.40,50,2080000
20221116,11:22:26,18561.00,150,2080000
20221116,11:22:27,18558.60,50,2080000
20221116,11:22:42,18558.05,50,2080000
20221116,11:22:43,18560.00,50,2080000
20221116,11:22:46,18559.90,50,2080000
20221116,11:22:49,18559.35,50,2080000
20221116,11:22:50,18557.30,50,2080000
20221116,11:22:53,18560.00,50,2080000
20221116,11:22:57,18560.00,50,2080000
20221116,11:23:01,18558.25,150,2080000
20221116,11:23:04,18559.05,50,2080000
20221116,11:23:10,18558.05,50,2080000
20221116,11:23:12,18557.10,100,2080000
20221116,11:23:13,18556.55,150,2080000
20221116,11:23:14,18556.55,50,2080000
20221116,11:23:15,18556.15,100,2080000
20221116,11:23:17,18556.30,100,2080000
20221116,11:23:21,18556.80,400,2080000
20221116,11:23:23,18557.60,50,2080000
20221116,11:23:25,18557.25,50,2080000
20221116,11:23:26,18558.70,50,2080000
20221116,11:23:36,18557.70,50,2080000
20221116,11:23:38,18557.70,50,2080000
20221116,11:23:40,18557.80,100,2080000
20221116,11:23:41,18557.70,50,2080000
20221116,11:23:44,18558.40,100,2080000
20221116,11:23:45,18560.00,50,2080000
20221116,11:23:45,18557.65,150,2080000
20221116,11:23:48,18558.05,50,2080000
20221116,11:23:52,18558.00,150,2080000
20221116,11:23:53,18560.00,50,2080000
20221116,11:23:57,18560.85,150,2080000
20221116,11:24:07,18559.20,50,2080850
20221116,11:24:11,18558.70,550,2080850
20221116,11:24:14,18559.20,50,2080850
20221116,11:24:19,18561.00,100,2080850
20221116,11:24:26,18561.50,300,2080850
20221116,11:24:32,18560.00,150,2080850
20221116,11:24:34,18560.90,100,2080850
20221116,11:24:36,18561.15,50,2080850
20221116,11:24:41,18558.60,50,2080850
20221116,11:24:42,18560.00,100,2080850
20221116,11:24:43,18558.60,50,2080850
20221116,11:24:44,18558.55,100,2080850
20221116,11:24:53,18558.05,50,2080850
20221116,11:24:59,18560.85,500,2080850
20221116,11:25:02,18557.75,250,2080850
20221116,11:25:12,18559.70,100,2080850
20221116,11:25:17,18557.05,100,2080850
20221116,11:25:18,18557.00,50,2080850
20221116,11:25:28,18557.00,50,2080850
20221116,11:25:29,18557.00,50,2080850
20221116,11:25:43,18556.95,150,2080850
20221116,11:25:45,18558.95,50,2080850
20221116,11:25:46,18558.00,150,2080850
20221116,11:25:47,18558.00,100,2080850
20221116,11:25:48,18558.00,100,2080850
20221116,11:25:49,18558.00,50,2080850
20221116,11:25:50,18558.00,100,2080850
20221116,11:25:53,18558.00,50,2080850
20221116,11:25:57,18556.10,50,2080850
20221116,11:26:04,18557.55,100,2080850
20221116,11:26:08,18556.00,250,2080850
20221116,11:26:11,18555.15,100,2080850
20221116,11:26:18,18555.05,50,2080850
20221116,11:26:28,18556.10,50,2080850
20221116,11:26:35,18554.35,50,2080850
20221116,11:26:38,18556.00,50,2080850
20221116,11:26:41,18556.00,300,2080850
20221116,11:26:42,18556.10,150,2080850
20221116,11:26:52,18557.20,150,2080850
20221116,11:26:56,18555.00,500,2080850
20221116,11:26:58,18556.75,100,2080850
20221116,11:27:11,18556.30,200,2081250
20221116,11:27:24,18556.15,400,2081250
20221116,11:27:26,18556.45,50,2081250
20221116,11:27:27,18556.90,300,2081250
20221116,11:27:28,18556.90,900,2081250
20221116,11:27:30,18555.00,50,2081250
20221116,11:27:32,18555.00,50,2081250
20221116,11:27:36,18556.05,50,2081250
20221116,11:27:44,18556.65,50,2081250
20221116,11:27:49,18554.00,50,2081250
20221116,11:27:54,18555.85,300,2081250
20221116,11:28:05,18557.45,150,2081250
20221116,11:28:06,18556.95,50,2081250
20221116,11:28:08,18555.85,50,2081250
20221116,11:28:11,18557.50,50,2081250
20221116,11:28:12,18558.00,100,2081250
20221116,11:28:13,18558.00,50,2081250
20221116,11:28:17,18556.95,50,2081250
20221116,11:28:18,18557.00,200,2081250
20221116,11:28:19,18558.00,150,2081250
20221116,11:28:26,18558.00,50,2081250
20221116,11:28:28,18558.00,50,2081250
20221116,11:28:31,18557.05,50,2081250
20221116,11:28:32,18558.00,50,2081250
20221116,11:28:38,18558.00,50,2081250
20221116,11:28:40,18557.10,50,2081250
20221116,11:28:42,18557.10,50,2081250
20221116,11:28:43,18557.05,50,2081250
20221116,11:28:45,18557.05,50,2081250
20221116,11:28:51,18558.00,100,2081250
20221116,11:28:55,18557.55,50,2081250
20221116,11:29:04,18557.50,50,2081250
20221116,11:29:07,18557.60,50,2081250
20221116,11:29:08,18559.00,50,2081250
20221116,11:29:17,18560.00,50,2081250
20221116,11:29:23,18560.00,100,2081250
20221116,11:29:25,18559.10,50,2081250
20221116,11:29:26,18560.00,50,2081250
20221116,11:29:29,18560.00,150,2081250
20221116,11:29:31,18560.00,50,2081250
20221116,11:29:32,18560.00,50,2081250
20221116,11:29:37,18560.65,50,2081250
20221116,11:29:39,18563.05,550,2081250
20221116,11:29:50,18561.50,50,2081250
20221116,11:29:53,18562.70,50,2081250
20221116,11:29:55,18561.10,50,2081250
20221116,11:29:57,18563.20,100,2081250
20221116,11:30:00,18561.10,250,2081250
20221116,11:30:01,18561.10,50,2080100
20221116,11:30:16,18560.70,50,2080100
20221116,11:30:25,18557.55,150,2080100
20221116,11:30:27,18559.85,50,2080100
20221116,11:30:29,18557.05,100,2080100
20221116,11:30:42,18556.80,200,2080100
20221116,11:31:07,18559.70,50,2080100
20221116,11:31:16,18558.95,50,2080100
20221116,11:31:20,18559.00,50,2080100
20221116,11:31:28,18559.70,50,2080100
20221116,11:31:29,18559.40,200,2080100
20221116,11:31:31,18560.00,50,2080100
20221116,11:31:42,18560.00,50,2080100
20221116,11:31:47,18560.70,50,2080100
20221116,11:32:02,18562.10,100,2080100
20221116,11:32:27,18560.65,100,2080100
20221116,11:32:30,18562.35,50,2080100
20221116,11:32:34,18562.10,50,2080100
20221116,11:32:35,18562.35,50,2080100
20221116,11:32:37,18562.10,50,2080100
20221116,11:32:42,18562.30,200,2080100
20221116,11:32:52,18562.10,50,2080100
20221116,11:32:56,18560.65,50,2080100
20221116,11:33:06,18563.00,50,2080100
20221116,11:33:07,18563.10,50,2079950
20221116,11:33:08,18564.00,100,2079950
20221116,11:33:09,18563.20,100,2079950
20221116,11:33:12,18564.00,50,2079950
20221116,11:33:13,18567.00,550,2079950
20221116,11:33:14,18567.40,200,2079950
20221116,11:33:15,18566.55,50,2079950
20221116,11:33:16,18570.00,500,2079950
20221116,11:33:17,18569.55,50,2079950
20221116,11:33:25,18568.35,100,2079950
20221116,11:33:26,18569.65,50,2079950
20221116,11:33:27,18569.65,100,2079950
20221116,11:33:31,18569.75,100,2079950
20221116,11:33:33,18570.60,900,2079950
20221116,11:33:42,18570.60,150,2079950
20221116,11:33:43,18570.75,50,2079950
20221116,11:33:44,18570.75,200,2079950
20221116,11:33:46,18569.00,150,2079950
20221116,11:33:47,18570.85,50,2079950
20221116,11:33:52,18570.90,50,2079950
20221116,11:33:56,18571.00,50,2079950
20221116,11:34:03,18571.00,100,2079950
20221116,11:34:04,18578.00,2150,2079950
20221116,11:34:05,18577.85,50,2079950
20221116,11:34:06,18577.05,200,2079950
20221116,11:34:07,18577.05,50,2079950
20221116,11:34:09,18577.60,150,2079950
20221116,11:34:09,18577.05,50,2079950
20221116,11:34:10,18577.65,50,2079950
20221116,11:34:12,18577.00,50,2079950
20221116,11:34:13,18577.00,500,2079950
20221116,11:34:15,18576.25,150,2079950
20221116,11:34:16,18576.15,50,2079950
20221116,11:34:18,18573.85,50,2079950
20221116,11:34:19,18574.60,150,2079950
20221116,11:34:21,18575.90,150,2079950
20221116,11:34:24,18572.70,50,2079950
20221116,11:34:33,18571.80,50,2079950
20221116,11:34:42,18572.60,50,2079950
20221116,11:34:49,18574.60,50,2079950
