20221116,09:15:00,18462.00,1,11988900
20221116,09:15:00,18474.00,1,11988900
20221116,09:15:00,18450.00,1,11988900
20221116,09:15:00,18456.50,1500,11988900
20221116,09:15:01,18449.90,750,11988900
20221116,09:15:02,18451.65,1800,11988900
20221116,09:15:03,18449.75,2250,11988900
20221116,09:15:04,18448.45,2050,11988900
20221116,09:15:05,18450.85,1200,11988900
20221116,09:15:06,18447.75,1100,11988900
20221116,09:15:07,18446.25,2950,11988900
20221116,09:15:08,18453.85,1500,11988900
20221116,09:15:09,18451.10,2050,11988900
20221116,09:15:10,18452.05,1700,11988900
20221116,09:15:11,18453.55,1600,11988900
20221116,09:15:12,18453.25,6200,11988900
20221116,09:15:13,18451.25,5650,11988900
20221116,09:15:14,18450.40,1550,11988900
20221116,09:15:15,18452.20,7200,11988900
20221116,09:15:16,18452.20,4500,11988900
20221116,09:15:17,18452.20,2650,11988900
20221116,09:15:18,18453.25,4350,11988900
20221116,09:15:19,18453.25,5650,11988900
20221116,09:15:20,18454.35,10900,11988900
20221116,09:15:21,18459.85,450,11988900
20221116,09:15:22,18455.00,850,11988900
20221116,09:15:23,18456.15,1500,11988900
20221116,09:15:24,18458.90,950,11988900
20221116,09:15:25,18458.00,850,11988900
20221116,09:15:26,18460.00,1100,11988900
20221116,09:15:27,18457.80,900,11988900
20221116,09:15:28,18457.00,1600,11988900
20221116,09:15:29,18457.00,2400,11988900
20221116,09:15:30,18455.00,2050,11988900
20221116,09:15:31,18455.00,1000,11988900
20221116,09:15:32,18455.90,850,11988900
20221116,09:15:33,18455.90,1050,11988900
20221116,09:15:34,18458.00,300,11988900
20221116,09:15:35,18455.65,1600,11988900
20221116,09:15:36,18456.15,600,11988900
20221116,09:15:37,18459.05,550,11988900
20221116,09:15:38,18458.00,250,11988900
20221116,09:15:39,18455.80,2300,11988900
20221116,09:15:40,18455.05,600,11988900
20221116,09:15:41,18457.65,2600,11988900
20221116,09:15:42,18457.00,500,11988900
20221116,09:15:43,18456.10,700,11988900
20221116,09:15:44,18456.00,700,11988900
20221116,09:15:45,18455.00,1700,11988900
20221116,09:15:46,18455.00,1600,11988900
20221116,09:15:47,18453.10,2700,11988900
20221116,09:15:48,18452.20,3700,11988900
20221116,09:15:49,18452.05,600,11988900
20221116,09:15:50,18451.20,700,11988900
20221116,09:15:51,18451.20,100,11988900
20221116,09:15:52,18452.20,400,11988900
20221116,09:15:53,18451.20,1900,11988900
20221116,09:15:54,18450.00,400,11988900
20221116,09:15:55,18450.00,2000,11988900
20221116,09:15:56,18445.60,1050,11988900
20221116,09:15:57,18445.60,1800,11988900
20221116,09:15:58,18443.00,2050,11988900
20221116,09:15:59,18446.65,200,11988900
20221116,09:16:00,18443.40,1950,11988900
20221116,09:16:01,18442.50,1000,11988900
20221116,09:16:02,18446.60,950,11988900
20221116,09:16:03,18446.65,1100,11988900
20221116,09:16:04,18444.55,1100,11988900
20221116,09:16:05,18445.05,1150,11988900
20221116,09:16:06,18445.05,1750,11988900
20221116,09:16:07,18445.00,100,11988900
20221116,09:16:08,18445.05,1400,11988900
20221116,09:16:09,18446.45,450,11988900
20221116,09:16:10,18446.60,800,11988900
20221116,09:16:11,18445.00,850,11988900
20221116,09:16:12,18444.05,300,11988900
20221116,09:16:13,18445.00,1900,11988900
20221116,09:16:14,18447.95,250,11988900
20221116,09:16:15,18445.00,450,11988900
20221116,09:16:16,18442.80,15550,11988900
20221116,09:16:17,18442.80,2600,11988900
20221116,09:16:18,18441.30,9500,11988900
20221116,09:16:19,18442.85,1200,11988900
20221116,09:16:20,18444.95,300,11988900
20221116,09:16:21,18446.10,800,11988900
20221116,09:16:22,18442.05,800,11988900
20221116,09:16:23,18441.25,650,11988900
20221116,09:16:24,18444.40,1300,11988900
20221116,09:16:25,18440.05,1300,11988900
20221116,09:16:26,18440.00,3100,11988900
20221116,09:16:27,18440.00,100,11988900
20221116,09:16:28,18436.65,3500,11988900
20221116,09:16:29,18436.60,1500,11988900
20221116,09:16:30,18435.30,2350,11988900
20221116,09:16:31,18438.25,1900,11988900
20221116,09:16:32,18434.00,3700,11988900
20221116,09:16:34,18432.30,650,11988900
20221116,09:16:34,18432.30,50,11988900
20221116,09:16:35,18432.30,250,11988900
20221116,09:16:36,18433.00,500,11988900
20221116,09:16:37,18430.95,4050,11988900
20221116,09:16:38,18430.55,2100,11988900
20221116,09:16:39,18430.55,1900,11988900
20221116,09:16:41,18433.00,950,11988900
20221116,09:16:42,18432.55,1800,11988900
20221116,09:16:43,18430.00,2450,11988900
20221116,09:16:44,18430.00,3700,11988900
20221116,09:16:45,18428.25,1700,11988900
20221116,09:16:46,18431.50,800,11988900
20221116,09:16:48,18431.90,700,11988900
20221116,09:16:48,18432.15,700,11988900
20221116,09:16:49,18431.85,700,11988900
20221116,09:16:50,18431.85,1150,11988900
20221116,09:16:51,18431.15,900,11988900
20221116,09:16:52,18427.95,2300,11988900
20221116,09:16:53,18427.55,1450,11988900
20221116,09:16:55,18429.10,650,11988900
20221116,09:16:55,18428.05,200,11988900
20221116,09:16:56,18425.30,3250,11988900
20221116,09:16:57,18427.55,800,11988900
20221116,09:16:58,18428.35,1000,11988900
20221116,09:16:59,18427.60,300,11988900
20221116,09:17:00,18428.75,1550,11988900
20221116,09:17:01,18426.10,850,11988900
20221116,09:17:03,18429.60,850,11988900
20221116,09:17:03,18426.55,1750,11988900
20221116,09:17:04,18425.05,1550,11988900
20221116,09:17:05,18425.00,550,11988900
20221116,09:17:06,18423.00,4700,11988900
20221116,09:17:07,18422.35,2550,11988900
20221116,09:17:08,18422.65,1100,11988900
20221116,09:17:10,18422.30,1450,11988900
20221116,09:17:10,18424.55,50,11988900
20221116,09:17:11,18422.00,600,11988900
20221116,09:17:12,18421.20,3050,11988900
20221116,09:17:13,18421.20,300,11988900
20221116,09:17:14,18421.05,2950,11988900
20221116,09:17:15,18421.35,2150,11988900
20221116,09:17:17,18422.75,2250,11988900
20221116,09:17:17,18422.65,150,11988900
20221116,09:17:18,18421.00,14200,11988900
20221116,09:17:19,18423.55,4250,11988900
20221116,09:17:20,18427.60,3250,11988900
20221116,09:17:21,18426.30,700,11988900
20221116,09:17:22,18426.00,250,11988900
20221116,09:17:24,18426.90,1750,11988900
20221116,09:17:24,18429.20,300,11988900
20221116,09:17:25,18427.70,300,11988900
20221116,09:17:26,18429.90,1050,11988900
20221116,09:17:27,18429.30,350,11988900
20221116,09:17:28,18429.70,700,11988900
20221116,09:17:29,18429.55,2500,11988900
20221116,09:17:31,18426.70,7800,12004050
20221116,09:17:31,18429.95,200,12004050
20221116,09:17:32,18429.25,3250,12004050
20221116,09:17:33,18428.00,1500,12004050
20221116,09:17:34,18427.50,450,12004050
20221116,09:17:35,18427.50,3300,12004050
20221116,09:17:36,18427.50,400,12004050
20221116,09:17:37,18425.00,250,12004050
20221116,09:17:38,18425.40,1250,12004050
20221116,09:17:40,18427.50,450,12004050
20221116,09:17:40,18426.90,650,12004050
20221116,09:17:41,18427.30,1100,12004050
20221116,09:17:42,18430.00,650,12004050
20221116,09:17:43,18429.20,2250,12004050
20221116,09:17:44,18429.75,1850,12004050
20221116,09:17:45,18430.00,1250,12004050
20221116,09:17:46,18429.50,550,12004050
20221116,09:17:48,18430.00,250,12004050
20221116,09:17:49,18430.90,250,12004050
20221116,09:17:50,18432.35,1150,12004050
20221116,09:17:51,18433.80,1100,12004050
20221116,09:17:52,18432.00,450,12004050
20221116,09:17:53,18432.70,500,12004050
20221116,09:17:54,18434.40,900,12004050
20221116,09:17:56,18433.65,500,12004050
20221116,09:17:57,18434.30,300,12004050
20221116,09:17:58,18433.65,450,12004050
20221116,09:17:59,18433.40,1900,12004050
20221116,09:18:00,18433.95,1400,12004050
20221116,09:18:01,18434.30,1350,12004050
20221116,09:18:02,18432.70,200,12004050
20221116,09:18:04,18435.00,1300,12004050
20221116,09:18:04,18433.15,250,12004050
20221116,09:18:05,18434.60,950,12004050
20221116,09:18:06,18435.00,250,12004050
20221116,09:18:07,18437.60,1150,12004050
20221116,09:18:08,18435.30,650,12004050
20221116,09:18:09,18438.10,700,12004050
20221116,09:18:11,18438.10,500,12004050
20221116,09:18:11,18437.10,50,12004050
20221116,09:18:12,18436.90,400,12004050
20221116,09:18:13,18436.90,250,12004050
20221116,09:18:14,18436.90,350,12004050
20221116,09:18:16,18436.00,1200,12004050
20221116,09:18:18,18436.70,150,12004050
20221116,09:18:19,18435.00,250,12004050
20221116,09:18:20,18435.00,800,12004050
20221116,09:18:21,18435.90,2100,12004050
20221116,09:18:22,18434.15,100,12004050
20221116,09:18:23,18435.90,500,12004050
20221116,09:18:25,18434.55,750,12004050
20221116,09:18:25,18435.00,100,12004050
20221116,09:18:26,18433.65,700,12004050
20221116,09:18:27,18435.30,950,12004050
20221116,09:18:28,18433.40,700,12004050
20221116,09:18:29,18433.55,400,12004050
20221116,09:18:30,18433.45,600,12004050
20221116,09:18:32,18433.85,400,12004050
20221116,09:18:32,18433.30,50,12004050
20221116,09:18:33,18434.35,350,12004050
20221116,09:18:35,18433.95,300,12004050
20221116,09:18:37,18435.00,300,12004050
20221116,09:18:38,18434.85,100,12004050
20221116,09:18:39,18435.00,550,12004050
20221116,09:18:41,18435.00,500,12004050
20221116,09:18:42,18434.80,1350,12004050
20221116,09:18:43,18434.60,500,12004050
20221116,09:18:44,18434.20,750,12004050
20221116,09:18:46,18434.20,600,12004050
20221116,09:18:47,18433.60,250,12004050
20221116,09:18:48,18433.95,500,12004050
20221116,09:18:49,18434.75,300,12004050
20221116,09:18:50,18434.75,200,12004050
20221116,09:18:52,18436.00,1050,12004050
20221116,09:18:53,18435.55,900,12004050
20221116,09:18:54,18434.50,800,12004050
20221116,09:18:55,18434.00,250,12004050
20221116,09:18:57,18435.00,300,12004050
20221116,09:18:58,18435.00,400,12004050
20221116,09:18:58,18435.10,150,12004050
20221116,09:18:59,18436.50,200,12004050
20221116,09:19:00,18437.00,250,12004050
20221116,09:19:01,18436.20,700,12004050
20221116,09:19:03,18436.00,300,12004050
20221116,09:19:04,18435.45,50,12004050
20221116,09:19:04,18436.00,200,12004050
20221116,09:19:05,18436.50,250,12004050
20221116,09:19:06,18437.75,400,12004050
20221116,09:19:07,18436.00,150,12004050
20221116,09:19:09,18434.95,1450,12004050
20221116,09:19:10,18436.50,200,12004050
20221116,09:19:11,18436.50,450,12004050
20221116,09:19:11,18435.20,150,12004050
20221116,09:19:12,18436.50,300,12004050
20221116,09:19:13,18435.00,1550,12004050
20221116,09:19:14,18435.00,200,12004050
20221116,09:19:16,18434.00,6900,12004050
20221116,09:19:17,18434.50,1300,12004050
20221116,09:19:18,18433.95,250,12004050
20221116,09:19:19,18432.30,1200,12004050
20221116,09:19:20,18433.65,2050,12004050
20221116,09:19:23,18434.50,400,12004050
20221116,09:19:24,18435.00,550,12004050
20221116,09:19:24,18435.00,150,12004050
20221116,09:19:25,18435.00,250,12004050
20221116,09:19:26,18434.30,600,12004050
20221116,09:19:28,18434.90,150,12004050
20221116,09:19:29,18436.00,650,12004050
20221116,09:19:30,18436.45,1100,12004050
20221116,09:19:30,18435.90,50,12004050
20221116,09:19:31,18435.00,200,12004050
20221116,09:19:32,18436.50,450,12004050
20221116,09:19:33,18436.30,350,12004050
20221116,09:19:34,18436.05,150,12004050
20221116,09:19:35,18436.30,500,12004050
20221116,09:19:36,18436.95,50,12004050
20221116,09:19:37,18436.50,750,12004050
20221116,09:19:38,18438.10,350,12004050
20221116,09:19:39,18438.60,150,12004050
20221116,09:19:40,18439.00,350,12004050
20221116,09:19:42,18439.00,200,12004050
20221116,09:19:43,18438.00,150,12004050
20221116,09:19:44,18438.75,500,12004050
20221116,09:19:45,18436.50,3650,12004050
20221116,09:19:47,18436.75,700,12004050
20221116,09:19:48,18436.60,350,12004050
20221116,09:19:48,18436.60,50,12004050
20221116,09:19:49,18436.60,200,12004050
20221116,09:19:50,18436.55,100,12004050
20221116,09:19:51,18436.00,100,12004050
20221116,09:19:53,18435.60,100,12004050
20221116,09:19:54,18435.00,100,12004050
20221116,09:19:55,18435.00,250,12004050
20221116,09:19:56,18435.00,200,12004050
20221116,09:19:57,18434.60,1350,12004050
20221116,09:19:59,18434.75,1450,12004050
20221116,09:20:00,18438.85,29100,12004050
20221116,09:20:00,18435.35,200,12004050
20221116,09:20:01,18436.30,2400,12004050
20221116,09:20:02,18435.60,450,12004050
20221116,09:20:03,18434.75,1150,12004050
20221116,09:20:05,18434.00,450,12004050
20221116,09:20:06,18435.00,650,12004050
20221116,09:20:07,18435.10,850,12004050
20221116,09:20:07,18436.30,150,12004050
20221116,09:20:08,18438.30,100,12004050
20221116,09:20:09,18439.30,150,12004050
20221116,09:20:10,18440.00,600,12004050
20221116,09:20:12,18439.60,3300,12004050
20221116,09:20:13,18440.30,700,12004050
20221116,09:20:13,18440.30,50,12004050
20221116,09:20:15,18441.45,1900,12004050
20221116,09:20:16,18441.80,450,12004050
20221116,09:20:17,18440.80,200,12004050
20221116,09:20:18,18441.80,150,12004050
20221116,09:20:19,18442.40,1700,12004050
20221116,09:20:20,18441.95,200,12004050
20221116,09:20:21,18444.40,650,12004050
20221116,09:20:22,18444.40,250,12004050
20221116,09:20:23,18444.90,1850,12004050
20221116,09:20:24,18445.00,250,12004050
20221116,09:20:25,18444.40,1350,12004050
20221116,09:20:28,18440.30,3950,12004050
20221116,09:20:29,18443.85,1950,12004050
20221116,09:20:30,18440.70,1300,12004050
20221116,09:20:31,18441.90,600,12004050
20221116,09:20:32,18442.00,300,12039000
20221116,09:20:33,18442.00,50,12039000
20221116,09:20:34,18440.65,50,12039000
20221116,09:20:35,18441.40,400,12039000
20221116,09:20:36,18441.80,750,12039000
20221116,09:20:36,18443.15,150,12039000
20221116,09:20:37,18442.00,300,12039000
20221116,09:20:38,18443.65,450,12039000
20221116,09:20:40,18442.75,150,12039000
20221116,09:20:41,18442.50,550,12039000
20221116,09:20:42,18442.90,150,12039000
20221116,09:20:43,18443.60,800,12039000
20221116,09:20:44,18445.00,2500,12039000
20221116,09:20:45,18444.35,500,12039000
20221116,09:20:46,18445.00,200,12039000
20221116,09:20:47,18444.00,1150,12039000
20221116,09:20:48,18446.95,350,12039000
20221116,09:20:49,18446.80,650,12039000
20221116,09:20:50,18445.00,400,12039000
20221116,09:20:51,18445.00,250,12039000
20221116,09:20:52,18444.35,200,12039000
20221116,09:20:54,18445.90,2200,12039000
20221116,09:20:55,18443.45,350,12039000
20221116,09:20:55,18443.25,100,12039000
20221116,09:20:57,18444.30,800,12039000
20221116,09:20:58,18442.00,350,12039000
20221116,09:20:58,18442.00,100,12039000
20221116,09:21:00,18442.25,300,12039000
20221116,09:21:00,18442.00,100,12039000
20221116,09:21:01,18441.50,350,12039000
20221116,09:21:02,18441.30,400,12039000
20221116,09:21:03,18439.65,2000,12039000
20221116,09:21:05,18439.30,2900,12039000
20221116,09:21:06,18441.35,800,12039000
20221116,09:21:07,18438.10,150,12039000
20221116,09:21:08,18440.00,300,12039000
20221116,09:21:09,18438.05,250,12039000
20221116,09:21:11,18436.60,900,12039000
20221116,09:21:12,18436.15,300,12039000
20221116,09:21:13,18436.15,350,12039000
20221116,09:21:14,18436.15,850,12039000
20221116,09:21:15,18435.05,200,12039000
20221116,09:21:16,18436.45,850,12039000
20221116,09:21:17,18435.05,1050,12039000
20221116,09:21:18,18435.15,650,12039000
20221116,09:21:19,18434.85,350,12039000
20221116,09:21:20,18433.10,450,12039000
20221116,09:21:21,18435.20,100,12039000
20221116,09:21:22,18435.00,600,12039000
20221116,09:21:24,18436.15,250,12039000
20221116,09:21:25,18437.50,700,12039000
20221116,09:21:26,18436.50,200,12039000
20221116,09:21:27,18435.50,100,12039000
20221116,09:21:27,18435.80,50,12039000
20221116,09:21:28,18434.00,250,12039000
20221116,09:21:30,18437.75,700,12039000
20221116,09:21:32,18436.15,150,12039000
20221116,09:21:33,18435.00,300,12039000
20221116,09:21:34,18436.05,50,12039000
20221116,09:21:34,18435.30,50,12039000
20221116,09:21:35,18433.00,1450,12039000
20221116,09:21:37,18432.60,400,12039000
20221116,09:21:38,18431.15,1600,12039000
20221116,09:21:39,18431.15,200,12039000
20221116,09:21:40,18430.10,1550,12039000
20221116,09:21:41,18429.50,3600,12039000
20221116,09:21:41,18429.90,50,12039000
20221116,09:21:42,18430.50,2500,12039000
20221116,09:21:43,18430.50,600,12039000
20221116,09:21:45,18430.70,300,12039000
20221116,09:21:46,18433.00,1750,12039000
20221116,09:21:47,18432.00,1000,12039000
20221116,09:21:47,18434.00,50,12039000
20221116,09:21:48,18432.75,250,12039000
20221116,09:21:49,18430.30,750,12039000
20221116,09:21:51,18430.30,250,12039000
20221116,09:21:52,18429.95,1650,12039000
20221116,09:21:53,18428.20,450,12039000
20221116,09:21:54,18429.50,50,12039000
20221116,09:21:56,18428.00,550,12039000
20221116,09:21:57,18428.95,2900,12039000
20221116,09:21:58,18428.45,500,12039000
20221116,09:21:59,18428.55,250,12039000
20221116,09:22:00,18430.60,1100,12039000
20221116,09:22:02,18428.35,150,12039000
20221116,09:22:03,18428.95,100,12039000
20221116,09:22:04,18427.10,550,12039000
20221116,09:22:05,18427.30,450,12039000
20221116,09:22:06,18426.20,150,12039000
20221116,09:22:07,18426.00,400,12039000
20221116,09:22:09,18425.35,450,12039000
20221116,09:22:10,18425.15,600,12039000
20221116,09:22:11,18426.15,450,12039000
20221116,09:22:12,18425.00,200,12039000
20221116,09:22:13,18426.15,400,12039000
20221116,09:22:14,18425.00,1000,12039000
20221116,09:22:16,18424.65,2000,12039000
20221116,09:22:17,18425.00,400,12039000
20221116,09:22:18,18426.15,850,12039000
20221116,09:22:18,18427.00,100,12039000
20221116,09:22:19,18425.00,300,12039000
20221116,09:22:20,18426.10,50,12039000
20221116,09:22:22,18425.00,100,12039000
20221116,09:22:23,18424.25,400,12039000
20221116,09:22:24,18424.40,550,12039000
20221116,09:22:24,18425.00,150,12039000
20221116,09:22:25,18424.00,150,12039000
20221116,09:22:26,18424.80,300,12039000
20221116,09:22:28,18424.05,550,12039000
20221116,09:22:28,18423.10,350,12039000
20221116,09:22:29,18424.00,150,12039000
20221116,09:22:30,18424.00,600,12039000
20221116,09:22:32,18424.05,1100,12039000
20221116,09:22:33,18423.20,650,12039000
20221116,09:22:34,18424.20,1700,12039000
20221116,09:22:35,18424.45,250,12039000
20221116,09:22:36,18423.80,150,12039000
20221116,09:22:37,18424.20,200,12039000
20221116,09:22:38,18425.00,600,12039000
20221116,09:22:39,18423.90,1800,12039000
20221116,09:22:40,18425.00,500,12039000
20221116,09:22:41,18427.00,300,12039000
20221116,09:22:42,18428.10,350,12039000
20221116,09:22:43,18428.00,200,12039000
20221116,09:22:45,18425.50,150,12039000
20221116,09:22:46,18426.35,400,12039000
20221116,09:22:48,18423.25,550,12039000
20221116,09:22:49,18423.10,150,12039000
20221116,09:22:50,18423.00,250,12039000
20221116,09:22:51,18422.25,100,12039000
20221116,09:22:52,18422.25,450,12039000
20221116,09:22:53,18422.20,200,12039000
20221116,09:22:54,18422.10,100,12039000
20221116,09:22:55,18422.30,400,12039000
20221116,09:22:56,18423.95,1250,12039000
20221116,09:22:57,18424.00,1250,12039000
20221116,09:22:58,18423.95,400,12039000
20221116,09:22:59,18424.75,100,12039000
20221116,09:23:00,18423.55,50,12039000
20221116,09:23:01,18422.00,800,12039000
20221116,09:23:02,18424.05,200,12039000
20221116,09:23:03,18423.00,200,12039000
20221116,09:23:04,18422.00,450,12039000
20221116,09:23:05,18423.55,150,12039000
20221116,09:23:05,18422.15,200,12039000
20221116,09:23:06,18422.00,500,12039000
20221116,09:23:07,18422.05,350,12039000
20221116,09:23:09,18422.05,1500,12039000
20221116,09:23:10,18423.10,400,12039000
20221116,09:23:11,18423.10,150,12039000
20221116,09:23:12,18422.10,100,12039000
20221116,09:23:14,18422.65,1050,12039000
20221116,09:23:14,18425.00,1750,12039000
20221116,09:23:15,18424.65,350,12039000
20221116,09:23:17,18424.95,850,12039000
20221116,09:23:17,18428.10,700,12039000
20221116,09:23:19,18428.20,3100,12039000
20221116,09:23:20,18428.95,300,12039000
20221116,09:23:21,18426.85,100,12039000
20221116,09:23:22,18428.95,700,12039000
20221116,09:23:23,18429.35,300,12039000
20221116,09:23:24,18428.60,200,12039000
20221116,09:23:25,18428.90,850,12039000
20221116,09:23:26,18429.20,250,12039000
20221116,09:23:28,18429.30,50,12039000
20221116,09:23:28,18427.45,200,12039000
20221116,09:23:29,18429.05,100,12039000
20221116,09:23:30,18428.75,50,12039000
20221116,09:23:31,18426.95,250,12039000
20221116,09:23:32,18426.15,100,12065900
20221116,09:23:33,18425.05,150,12065900
20221116,09:23:34,18425.00,200,12065900
20221116,09:23:35,18426.10,450,12065900
20221116,09:23:37,18427.45,200,12065900
20221116,09:23:38,18426.45,150,12065900
20221116,09:23:40,18426.00,100,12065900
20221116,09:23:41,18426.25,250,12065900
20221116,09:23:42,18426.45,450,12065900
20221116,09:23:43,18426.00,150,12065900
20221116,09:23:44,18426.00,450,12065900
20221116,09:23:46,18426.45,350,12065900
20221116,09:23:47,18428.45,200,12065900
20221116,09:23:48,18428.45,350,12065900
20221116,09:23:49,18426.80,100,12065900
20221116,09:23:50,18427.20,100,12065900
20221116,09:23:51,18426.00,1900,12065900
20221116,09:23:52,18425.00,200,12065900
20221116,09:23:53,18425.10,200,12065900
20221116,09:23:54,18423.55,650,12065900
20221116,09:23:55,18423.55,100,12065900
20221116,09:23:56,18425.00,1000,12065900
20221116,09:23:57,18424.95,100,12065900
20221116,09:23:57,18425.15,50,12065900
20221116,09:23:58,18423.30,200,12065900
20221116,09:24:00,18423.20,500,12065900
20221116,09:24:01,18425.00,450,12065900
20221116,09:24:02,18424.85,300,12065900
20221116,09:24:03,18423.85,800,12065900
20221116,09:24:04,18425.00,400,12065900
20221116,09:24:06,18427.55,400,12065900
20221116,09:24:07,18425.00,150,12065900
20221116,09:24:08,18425.20,300,12065900
20221116,09:24:09,18426.60,450,12065900
20221116,09:24:09,18428.00,50,12065900
20221116,09:24:11,18426.75,300,12065900
20221116,09:24:12,18426.60,300,12065900
20221116,09:24:13,18425.80,200,12065900
20221116,09:24:14,18427.95,200,12065900
20221116,09:24:15,18427.95,50,12065900
20221116,09:24:16,18426.45,250,12065900
20221116,09:24:17,18428.00,100,12065900
20221116,09:24:18,18426.80,250,12065900
20221116,09:24:19,18427.95,200,12065900
20221116,09:24:20,18427.95,50,12065900
20221116,09:24:21,18427.95,450,12065900
20221116,09:24:22,18428.00,100,12065900
20221116,09:24:24,18428.00,300,12065900
20221116,09:24:25,18426.15,150,12065900
20221116,09:24:26,18426.15,300,12065900
20221116,09:24:27,18426.20,100,12065900
20221116,09:24:28,18426.00,200,12065900
20221116,09:24:29,18427.05,50,12065900
20221116,09:24:32,18428.00,200,12065900
20221116,09:24:33,18427.85,50,12065900
20221116,09:24:35,18427.35,350,12065900
20221116,09:24:37,18427.90,200,12065900
20221116,09:24:38,18425.85,400,12065900
20221116,09:24:39,18427.80,500,12065900
20221116,09:24:40,18425.50,150,12065900
20221116,09:24:42,18427.50,150,12065900
20221116,09:24:44,18427.40,400,12065900
20221116,09:24:46,18425.00,200,12065900
20221116,09:24:47,18426.85,50,12065900
20221116,09:24:49,18427.00,200,12065900
20221116,09:24:50,18427.90,200,12065900
20221116,09:24:51,18427.95,100,12065900
20221116,09:24:52,18429.00,1300,12065900
20221116,09:24:54,18427.95,150,12065900
20221116,09:24:55,18427.00,750,12065900
20221116,09:24:56,18428.25,300,12065900
20221116,09:24:57,18427.30,50,12065900
20221116,09:24:59,18427.50,150,12065900
20221116,09:25:00,18429.90,800,12065900
20221116,09:25:01,18427.80,50,12065900
20221116,09:25:02,18429.40,350,12065900
20221116,09:25:05,18427.50,300,12065900
20221116,09:25:06,18427.30,50,12065900
20221116,09:25:07,18427.00,150,12065900
20221116,09:25:08,18427.90,250,12065900
20221116,09:25:10,18427.00,50,12065900
20221116,09:25:11,18428.10,1950,12065900
20221116,09:25:12,18427.00,150,12065900
20221116,09:25:13,18427.50,650,12065900
20221116,09:25:13,18427.50,50,12065900
20221116,09:25:15,18429.25,100,12065900
20221116,09:25:16,18427.50,200,12065900
20221116,09:25:17,18427.10,150,12065900
20221116,09:25:18,18427.10,50,12065900
20221116,09:25:19,18427.00,1000,12065900
20221116,09:25:21,18425.45,300,12065900
20221116,09:25:22,18422.40,10750,12065900
20221116,09:25:23,18423.40,200,12065900
20221116,09:25:24,18423.35,50,12065900
20221116,09:25:24,18426.70,50,12065900
20221116,09:25:26,18425.05,350,12065900
20221116,09:25:28,18426.55,1700,12065900
20221116,09:25:29,18424.50,50,12065900
20221116,09:25:32,18424.05,100,12065900
20221116,09:25:33,18426.80,250,12065900
20221116,09:25:34,18425.10,400,12065900
20221116,09:25:35,18425.80,300,12065900
20221116,09:25:36,18424.55,50,12065900
20221116,09:25:37,18424.50,100,12065900
20221116,09:25:38,18425.80,200,12065900
20221116,09:25:39,18424.00,1100,12065900
20221116,09:25:40,18423.90,500,12065900
20221116,09:25:41,18425.00,300,12065900
20221116,09:25:42,18422.60,7000,12065900
20221116,09:25:43,18422.90,450,12065900
20221116,09:25:44,18422.30,700,12065900
20221116,09:25:45,18421.35,400,12065900
20221116,09:25:46,18423.00,250,12065900
20221116,09:25:47,18423.45,500,12065900
20221116,09:25:48,18423.00,300,12065900
20221116,09:25:49,18423.00,200,12065900
20221116,09:25:50,18423.00,100,12065900
20221116,09:25:51,18423.00,100,12065900
20221116,09:25:53,18423.00,200,12065900
20221116,09:25:54,18423.00,250,12065900
20221116,09:25:55,18422.00,1450,12065900
20221116,09:25:56,18422.25,50,12065900
20221116,09:25:57,18421.00,2150,12065900
20221116,09:25:58,18421.05,150,12065900
20221116,09:25:59,18423.55,250,12065900
20221116,09:26:00,18423.00,950,12065900
20221116,09:26:01,18423.30,200,12065900
20221116,09:26:02,18422.00,1800,12065900
20221116,09:26:03,18423.00,100,12065900
20221116,09:26:04,18423.00,300,12065900
20221116,09:26:05,18424.00,50,12065900
20221116,09:26:06,18425.00,350,12065900
20221116,09:26:07,18424.75,200,12065900
20221116,09:26:10,18424.30,4550,12065900
20221116,09:26:11,18424.25,600,12065900
20221116,09:26:12,18423.40,200,12065900
20221116,09:26:13,18424.25,300,12065900
20221116,09:26:14,18427.00,150,12065900
20221116,09:26:15,18424.55,50,12065900
20221116,09:26:16,18425.20,1550,12065900
20221116,09:26:17,18428.50,550,12065900
20221116,09:26:18,18426.05,50,12065900
20221116,09:26:19,18426.65,100,12065900
20221116,09:26:20,18429.90,350,12065900
20221116,09:26:21,18428.80,1000,12065900
20221116,09:26:22,18429.80,1750,12065900
20221116,09:26:23,18429.20,50,12065900
20221116,09:26:24,18429.40,150,12065900
20221116,09:26:25,18428.00,1900,12065900
20221116,09:26:26,18430.00,450,12065900
20221116,09:26:27,18431.20,300,12065900
20221116,09:26:28,18430.20,500,12065900
20221116,09:26:30,18432.60,100,12065900
20221116,09:26:31,18431.25,150,12065900
20221116,09:26:32,18430.20,150,12065900
20221116,09:26:33,18431.55,500,12065100
20221116,09:26:34,18431.35,300,12065100
20221116,09:26:36,18432.30,800,12065100
20221116,09:26:37,18432.35,150,12065100
20221116,09:26:38,18430.05,200,12065100
20221116,09:26:40,18430.05,500,12065100
20221116,09:26:42,18431.80,600,12065100
20221116,09:26:43,18430.05,700,12065100
20221116,09:26:45,18428.30,2100,12065100
20221116,09:26:46,18430.00,100,12065100
20221116,09:26:47,18428.20,200,12065100
20221116,09:26:48,18428.80,300,12065100
20221116,09:26:49,18427.25,150,12065100
20221116,09:26:50,18428.80,50,12065100
20221116,09:26:51,18426.75,100,12065100
20221116,09:26:52,18426.75,200,12065100
20221116,09:26:54,18426.80,100,12065100
20221116,09:26:55,18426.90,650,12065100
20221116,09:26:56,18427.40,300,12065100
20221116,09:26:57,18426.75,250,12065100
20221116,09:26:58,18425.10,850,12065100
20221116,09:26:59,18426.85,100,12065100
20221116,09:27:00,18426.45,50,12065100
20221116,09:27:01,18426.95,950,12065100
20221116,09:27:02,18425.65,650,12065100
20221116,09:27:05,18427.60,2400,12065100
20221116,09:27:06,18428.10,50,12065100
20221116,09:27:07,18427.60,850,12065100
20221116,09:27:10,18428.00,50,12065100
20221116,09:27:11,18427.60,250,12065100
20221116,09:27:12,18426.90,250,12065100
20221116,09:27:13,18428.00,350,12065100
20221116,09:27:14,18428.00,250,12065100
20221116,09:27:15,18425.00,900,12065100
20221116,09:27:16,18425.40,250,12065100
20221116,09:27:17,18428.00,50,12065100
20221116,09:27:18,18428.35,200,12065100
20221116,09:27:19,18427.95,350,12065100
20221116,09:27:20,18430.20,100,12065100
20221116,09:27:21,18430.15,100,12065100
20221116,09:27:22,18430.30,250,12065100
20221116,09:27:24,18428.45,1250,12065100
20221116,09:27:25,18430.00,200,12065100
20221116,09:27:27,18429.50,150,12065100
20221116,09:27:28,18426.15,1850,12065100
20221116,09:27:30,18427.90,50,12065100
20221116,09:27:31,18426.65,300,12065100
20221116,09:27:32,18427.20,50,12065100
20221116,09:27:33,18426.00,100,12065100
20221116,09:27:34,18425.75,150,12065100
20221116,09:27:35,18425.00,100,12065100
20221116,09:27:36,18428.20,200,12065100
20221116,09:27:37,18428.10,150,12065100
20221116,09:27:38,18426.55,50,12065100
20221116,09:27:39,18426.60,50,12065100
20221116,09:27:40,18428.75,300,12065100
20221116,09:27:41,18427.60,200,12065100
20221116,09:27:42,18428.30,50,12065100
20221116,09:27:43,18427.55,150,12065100
20221116,09:27:44,18426.45,300,12065100
20221116,09:27:45,18427.60,850,12065100
20221116,09:27:47,18426.45,50,12065100
20221116,09:27:48,18426.30,50,12065100
20221116,09:27:49,18426.15,50,12065100
20221116,09:27:50,18426.15,50,12065100
20221116,09:27:52,18426.40,350,12065100
20221116,09:27:53,18425.35,250,12065100
20221116,09:27:54,18426.45,150,12065100
20221116,09:27:55,18425.00,700,12065100
20221116,09:27:57,18426.15,150,12065100
20221116,09:27:59,18425.30,150,12065100
20221116,09:27:59,18425.30,50,12065100
20221116,09:28:00,18426.45,50,12065100
20221116,09:28:01,18425.00,600,12065100
20221116,09:28:02,18425.00,600,12065100
20221116,09:28:04,18424.20,700,12065100
20221116,09:28:05,18424.05,250,12065100
20221116,09:28:06,18424.20,300,12065100
20221116,09:28:07,18424.30,150,12065100
20221116,09:28:11,18426.45,350,12065100
20221116,09:28:11,18427.70,950,12065100
20221116,09:28:12,18427.45,100,12065100
20221116,09:28:13,18426.10,150,12065100
20221116,09:28:14,18426.10,250,12065100
20221116,09:28:16,18425.95,1000,12065100
20221116,09:28:17,18426.05,50,12065100
20221116,09:28:18,18424.80,200,12065100
20221116,09:28:19,18424.90,150,12065100
20221116,09:28:20,18426.00,2550,12065100
20221116,09:28:22,18426.00,1250,12065100
20221116,09:28:23,18425.35,650,12065100
20221116,09:28:24,18427.00,150,12065100
20221116,09:28:25,18425.40,100,12065100
20221116,09:28:26,18426.95,200,12065100
20221116,09:28:29,18425.25,400,12065100
20221116,09:28:29,18425.00,200,12065100
20221116,09:28:30,18424.60,200,12065100
20221116,09:28:31,18424.00,150,12065100
20221116,09:28:32,18424.00,250,12065100
20221116,09:28:33,18423.00,550,12065100
20221116,09:28:34,18422.25,150,12065100
20221116,09:28:35,18422.95,400,12065100
20221116,09:28:37,18422.00,50,12065100
20221116,09:28:37,18422.00,100,12065100
20221116,09:28:38,18421.00,750,12065100
20221116,09:28:39,18421.90,350,12065100
20221116,09:28:40,18421.45,150,12065100
20221116,09:28:41,18421.45,50,12065100
20221116,09:28:42,18422.00,100,12065100
20221116,09:28:43,18421.15,150,12065100
20221116,09:28:44,18422.70,100,12065100
20221116,09:28:45,18421.45,100,12065100
20221116,09:28:47,18421.05,200,12065100
20221116,09:28:47,18420.80,550,12065100
20221116,09:28:48,18420.70,150,12065100
20221116,09:28:49,18420.65,300,12065100
20221116,09:28:50,18420.05,950,12065100
20221116,09:28:51,18421.45,150,12065100
20221116,09:28:53,18420.80,800,12065100
20221116,09:28:54,18421.45,100,12065100
20221116,09:28:55,18421.45,150,12065100
20221116,09:28:56,18422.00,150,12065100
20221116,09:28:58,18422.40,1050,12065100
20221116,09:28:58,18424.20,250,12065100
20221116,09:28:59,18424.45,50,12065100
20221116,09:29:00,18424.65,50,12065100
20221116,09:29:01,18422.85,800,12065100
20221116,09:29:02,18422.85,100,12065100
20221116,09:29:03,18424.00,500,12065100
20221116,09:29:04,18422.20,400,12065100
20221116,09:29:05,18424.50,50,12065100
20221116,09:29:06,18422.45,700,12065100
20221116,09:29:07,18422.55,100,12065100
20221116,09:29:08,18422.55,100,12065100
20221116,09:29:09,18422.00,700,12065100
20221116,09:29:10,18422.00,300,12065100
20221116,09:29:12,18424.00,550,12065100
20221116,09:29:13,18421.45,300,12065100
20221116,09:29:14,18421.20,200,12065100
20221116,09:29:15,18421.20,50,12065100
20221116,09:29:16,18421.20,100,12065100
20221116,09:29:18,18420.65,250,12065100
20221116,09:29:19,18420.70,150,12065100
20221116,09:29:20,18420.65,100,12065100
20221116,09:29:21,18420.05,200,12065100
20221116,09:29:22,18419.10,6400,12065100
20221116,09:29:24,18420.25,100,12065100
20221116,09:29:24,18420.00,50,12065100
20221116,09:29:25,18419.10,750,12065100
20221116,09:29:26,18418.00,5900,12065100
20221116,09:29:27,18418.80,2250,12065100
20221116,09:29:29,18422.00,600,12065100
20221116,09:29:29,18419.85,50,12065100
20221116,09:29:30,18419.85,100,12065100
20221116,09:29:31,18420.00,200,12065100
20221116,09:29:32,18418.70,50,12059800
20221116,09:29:34,18420.65,2150,12059800
20221116,09:29:36,18420.65,300,12059800
20221116,09:29:37,18419.90,700,12059800
20221116,09:29:38,18419.85,900,12059800
20221116,09:29:39,18421.00,100,12059800
20221116,09:29:41,18421.55,500,12059800
20221116,09:29:42,18419.90,300,12059800
20221116,09:29:43,18419.10,150,12059800
20221116,09:29:44,18419.95,200,12059800
20221116,09:29:45,18421.10,100,12059800
20221116,09:29:47,18419.85,200,12059800
20221116,09:29:48,18419.85,150,12059800
20221116,09:29:49,18419.85,1150,12059800
20221116,09:29:50,18420.00,700,12059800
20221116,09:29:51,18420.45,700,12059800
20221116,09:29:53,18420.45,150,12059800
20221116,09:29:53,18420.45,50,12059800
20221116,09:29:55,18421.90,250,12059800
20221116,09:29:56,18420.10,500,12059800
20221116,09:29:58,18420.10,150,12059800
20221116,09:29:59,18420.20,250,12059800
20221116,09:30:00,18420.35,750,12059800
20221116,09:30:01,18419.90,2150,12059800
20221116,09:30:03,18420.45,450,12059800
20221116,09:30:04,18419.65,1250,12059800
20221116,09:30:05,18419.05,550,12059800
20221116,09:30:06,18419.95,200,12059800
20221116,09:30:08,18419.75,750,12059800
20221116,09:30:09,18420.00,150,12059800
20221116,09:30:09,18419.00,100,12059800
20221116,09:30:10,18418.00,850,12059800
20221116,09:30:11,18418.00,300,12059800
20221116,09:30:12,18416.10,1450,12059800
20221116,09:30:14,18416.00,1100,12059800
20221116,09:30:15,18415.25,1950,12059800
20221116,09:30:15,18415.25,150,12059800
20221116,09:30:16,18415.10,900,12059800
20221116,09:30:17,18415.00,1350,12059800
20221116,09:30:19,18415.00,950,12059800
20221116,09:30:20,18415.00,1250,12059800
20221116,09:30:20,18415.00,250,12059800
20221116,09:30:21,18415.00,800,12059800
20221116,09:30:22,18415.00,350,12059800
20221116,09:30:23,18417.45,700,12059800
20221116,09:30:25,18415.45,550,12059800
20221116,09:30:26,18414.80,1250,12059800
20221116,09:30:27,18414.90,600,12059800
20221116,09:30:28,18414.45,2150,12059800
20221116,09:30:30,18414.25,600,12059800
20221116,09:30:31,18414.00,550,12059800
20221116,09:30:31,18414.00,50,12059800
20221116,09:30:32,18415.00,200,12059800
20221116,09:30:34,18414.00,300,12059800
20221116,09:30:35,18413.95,450,12059800
20221116,09:30:35,18413.95,100,12059800
20221116,09:30:36,18414.20,650,12059800
20221116,09:30:37,18414.15,300,12059800
20221116,09:30:38,18414.00,150,12059800
20221116,09:30:39,18413.80,150,12059800
20221116,09:30:40,18413.80,600,12059800
20221116,09:30:41,18414.25,150,12059800
20221116,09:30:42,18415.00,1050,12059800
20221116,09:30:43,18414.00,1100,12059800
20221116,09:30:44,18414.45,150,12059800
20221116,09:30:46,18414.35,350,12059800
20221116,09:30:47,18414.40,200,12059800
20221116,09:30:48,18414.35,300,12059800
20221116,09:30:49,18415.45,300,12059800
20221116,09:30:50,18415.25,400,12059800
20221116,09:30:52,18414.40,50,12059800
20221116,09:30:53,18413.80,600,12059800
20221116,09:30:54,18414.35,300,12059800
20221116,09:30:55,18414.45,450,12059800
20221116,09:30:58,18414.85,100,12059800
20221116,09:30:59,18414.85,50,12059800
20221116,09:30:59,18414.85,100,12059800
20221116,09:31:00,18414.40,100,12059800
20221116,09:31:01,18414.45,250,12059800
20221116,09:31:02,18414.40,150,12059800
20221116,09:31:03,18414.40,50,12059800
20221116,09:31:05,18414.35,100,12059800
20221116,09:31:06,18415.00,300,12059800
20221116,09:31:06,18414.80,200,12059800
20221116,09:31:07,18414.60,550,12059800
20221116,09:31:08,18414.35,400,12059800
20221116,09:31:09,18415.45,400,12059800
20221116,09:31:10,18414.40,100,12059800
20221116,09:31:12,18414.40,50,12059800
20221116,09:31:13,18415.00,700,12059800
20221116,09:31:15,18415.45,150,12059800
20221116,09:31:16,18414.40,50,12059800
20221116,09:31:18,18414.80,150,12059800
20221116,09:31:19,18414.80,200,12059800
20221116,09:31:20,18414.40,200,12059800
20221116,09:31:21,18414.40,100,12059800
20221116,09:31:22,18414.40,300,12059800
20221116,09:31:24,18415.00,50,12059800
20221116,09:31:26,18413.10,1450,12059800
20221116,09:31:27,18413.00,550,12059800
20221116,09:31:27,18412.35,450,12059800
20221116,09:31:28,18412.30,150,12059800
20221116,09:31:29,18412.00,2150,12059800
20221116,09:31:30,18412.00,400,12059800
20221116,09:31:31,18412.80,400,12059800
20221116,09:31:33,18411.30,750,12059800
20221116,09:31:33,18410.00,1650,12059800
20221116,09:31:34,18410.00,100,12059800
20221116,09:31:35,18412.25,1250,12059800
20221116,09:31:36,18410.55,450,12059800
20221116,09:31:37,18410.85,100,12059800
20221116,09:31:38,18410.75,250,12059800
20221116,09:31:39,18410.75,150,12059800
20221116,09:31:40,18410.70,450,12059800
20221116,09:31:41,18412.30,100,12059800
20221116,09:31:42,18413.00,300,12059800
20221116,09:31:43,18412.00,250,12059800
20221116,09:31:44,18412.00,1750,12059800
20221116,09:31:45,18412.00,50,12059800
20221116,09:31:46,18412.00,200,12059800
20221116,09:31:47,18412.00,350,12059800
20221116,09:31:48,18412.00,100,12059800
20221116,09:31:49,18412.00,1350,12059800
20221116,09:31:51,18413.10,550,12059800
20221116,09:31:52,18413.00,400,12059800
20221116,09:31:52,18413.00,100,12059800
20221116,09:31:53,18413.70,800,12059800
20221116,09:31:54,18413.30,150,12059800
20221116,09:31:55,18413.35,150,12059800
20221116,09:31:56,18413.35,150,12059800
20221116,09:31:57,18414.95,50,12059800
20221116,09:31:59,18411.45,2550,12059800
20221116,09:32:00,18412.90,600,12059800
20221116,09:32:01,18411.40,450,12059800
20221116,09:32:02,18410.65,100,12059800
20221116,09:32:03,18410.70,50,12059800
20221116,09:32:04,18411.75,500,12059800
20221116,09:32:05,18412.40,200,12059800
20221116,09:32:07,18412.00,150,12059800
20221116,09:32:08,18411.40,100,12059800
20221116,09:32:08,18411.25,50,12059800
20221116,09:32:09,18412.50,450,12059800
20221116,09:32:10,18411.95,50,12059800
20221116,09:32:11,18412.00,350,12059800
20221116,09:32:13,18411.95,300,12059800
20221116,09:32:14,18411.25,150,12059800
20221116,09:32:15,18411.05,150,12059800
20221116,09:32:16,18411.05,100,12059800
20221116,09:32:18,18412.65,400,12059800
20221116,09:32:20,18413.00,150,12059800
20221116,09:32:21,18413.00,150,12059800
20221116,09:32:22,18413.40,250,12059800
20221116,09:32:23,18411.05,350,12059800
20221116,09:32:25,18413.10,50,12059800
20221116,09:32:27,18413.40,350,12059800
20221116,09:32:28,18413.10,50,12059800
20221116,09:32:28,18413.40,100,12059800
20221116,09:32:29,18413.40,400,12059800
20221116,09:32:31,18412.00,400,12059800
20221116,09:32:32,18414.00,450,12059800
20221116,09:32:33,18413.85,250,12059800
20221116,09:32:35,18413.00,50,12050400
20221116,09:32:36,18413.40,150,12050400
20221116,09:32:38,18413.00,150,12050400
20221116,09:32:39,18415.00,350,12050400
20221116,09:32:40,18415.00,50,12050400
20221116,09:32:41,18412.30,250,12050400
20221116,09:32:42,18415.00,350,12050400
20221116,09:32:44,18414.65,50,12050400
20221116,09:32:45,18415.00,150,12050400
20221116,09:32:46,18414.95,150,12050400
20221116,09:32:47,18415.00,50,12050400
20221116,09:32:49,18414.50,50,12050400
20221116,09:32:50,18414.20,600,12050400
20221116,09:32:52,18413.25,200,12050400
20221116,09:32:54,18413.30,200,12050400
20221116,09:32:55,18414.85,250,12050400
20221116,09:32:56,18415.80,600,12050400
20221116,09:32:56,18415.85,50,12050400
20221116,09:32:57,18414.00,100,12050400
20221116,09:32:58,18413.85,50,12050400
20221116,09:33:00,18415.00,150,12050400
20221116,09:33:01,18413.30,400,12050400
20221116,09:33:02,18413.00,500,12050400
20221116,09:33:03,18413.50,150,12050400
20221116,09:33:05,18413.50,250,12050400
20221116,09:33:06,18413.40,500,12050400
20221116,09:33:07,18413.90,150,12050400
20221116,09:33:08,18415.00,100,12050400
20221116,09:33:08,18414.00,50,12050400
20221116,09:33:12,18415.00,550,12050400
20221116,09:33:13,18415.50,100,12050400
20221116,09:33:13,18415.00,100,12050400
20221116,09:33:14,18415.20,250,12050400
20221116,09:33:16,18415.50,150,12050400
20221116,09:33:17,18415.15,50,12050400
20221116,09:33:18,18413.20,300,12050400
20221116,09:33:22,18415.90,250,12050400
20221116,09:33:23,18415.80,50,12050400
20221116,09:33:24,18416.05,300,12050400
20221116,09:33:26,18416.15,50,12050400
20221116,09:33:27,18418.10,650,12050400
20221116,09:33:28,18416.55,250,12050400
20221116,09:33:29,18416.85,700,12050400
20221116,09:33:32,18419.55,650,12050400
20221116,09:33:33,18418.65,250,12050400
20221116,09:33:34,18418.20,250,12050400
20221116,09:33:35,18416.85,300,12050400
20221116,09:33:37,18416.75,350,12050400
20221116,09:33:38,18416.75,350,12050400
20221116,09:33:39,18416.55,450,12050400
20221116,09:33:41,18415.00,300,12050400
20221116,09:33:42,18415.00,550,12050400
20221116,09:33:43,18416.00,700,12050400
20221116,09:33:44,18416.00,300,12050400
20221116,09:33:46,18415.95,200,12050400
20221116,09:33:47,18415.85,350,12050400
20221116,09:33:48,18413.00,1350,12050400
20221116,09:33:49,18413.00,950,12050400
20221116,09:33:51,18415.60,50,12050400
20221116,09:33:52,18415.00,100,12050400
20221116,09:33:54,18415.00,150,12050400
20221116,09:33:55,18415.00,100,12050400
20221116,09:33:56,18414.95,150,12050400
20221116,09:33:57,18412.05,950,12050400
20221116,09:33:58,18412.05,200,12050400
20221116,09:34:00,18411.90,600,12050400
20221116,09:34:01,18411.25,150,12050400
20221116,09:34:02,18411.45,550,12050400
20221116,09:34:03,18411.05,1100,12050400
20221116,09:34:04,18411.00,1150,12050400
20221116,09:34:05,18410.05,2250,12050400
20221116,09:34:07,18410.00,800,12050400
20221116,09:34:08,18410.00,750,12050400
20221116,09:34:09,18410.05,250,12050400
20221116,09:34:10,18412.80,1550,12050400
20221116,09:34:12,18412.45,850,12050400
20221116,09:34:13,18412.55,1000,12050400
20221116,09:34:14,18412.85,200,12050400
20221116,09:34:14,18413.05,50,12050400
20221116,09:34:16,18413.15,1050,12050400
20221116,09:34:18,18411.05,50,12050400
20221116,09:34:19,18412.80,100,12050400
20221116,09:34:20,18412.00,150,12050400
20221116,09:34:20,18413.40,50,12050400
20221116,09:34:21,18411.10,100,12050400
20221116,09:34:23,18413.00,100,12050400
20221116,09:34:24,18412.65,100,12050400
20221116,09:34:25,18412.20,50,12050400
20221116,09:34:26,18413.00,450,12050400
20221116,09:34:29,18411.10,200,12050400
20221116,09:34:30,18412.45,250,12050400
20221116,09:34:33,18410.30,1500,12050400
20221116,09:34:34,18412.45,150,12050400
20221116,09:34:35,18412.45,50,12050400
20221116,09:34:36,18412.40,300,12050400
20221116,09:34:38,18410.10,400,12050400
20221116,09:34:39,18411.25,50,12050400
20221116,09:34:40,18411.05,300,12050400
20221116,09:34:41,18411.05,100,12050400
20221116,09:34:41,18411.25,50,12050400
20221116,09:34:43,18412.10,200,12050400
20221116,09:34:44,18412.75,100,12050400
20221116,09:34:45,18413.00,200,12050400
20221116,09:34:46,18411.50,950,12050400
20221116,09:34:47,18411.20,250,12050400
20221116,09:34:49,18412.95,200,12050400
20221116,09:34:50,18412.30,100,12050400
20221116,09:34:51,18412.40,50,12050400
20221116,09:34:52,18412.05,100,12050400
20221116,09:34:55,18412.80,300,12050400
20221116,09:34:56,18412.30,300,12050400
20221116,09:34:57,18411.20,1550,12050400
20221116,09:34:58,18411.90,350,12050400
20221116,09:34:59,18413.00,400,12050400
20221116,09:34:59,18410.90,50,12050400
20221116,09:35:01,18412.30,800,12050400
20221116,09:35:02,18410.05,450,12050400
20221116,09:35:03,18410.10,500,12050400
20221116,09:35:04,18410.00,1050,12050400
20221116,09:35:05,18410.00,450,12050400
20221116,09:35:06,18407.90,6250,12050400
20221116,09:35:07,18407.90,250,12050400
20221116,09:35:08,18407.65,800,12050400
20221116,09:35:09,18407.65,300,12050400
20221116,09:35:10,18407.60,100,12050400
20221116,09:35:10,18409.70,100,12050400
20221116,09:35:12,18407.80,50,12050400
20221116,09:35:14,18407.60,850,12050400
20221116,09:35:15,18409.60,50,12050400
20221116,09:35:16,18410.00,300,12050400
20221116,09:35:18,18408.25,800,12050400
20221116,09:35:19,18410.00,250,12050400
20221116,09:35:20,18407.80,650,12050400
20221116,09:35:21,18409.60,50,12050400
20221116,09:35:22,18409.70,100,12050400
20221116,09:35:22,18409.55,50,12050400
20221116,09:35:24,18407.85,100,12050400
20221116,09:35:25,18407.85,250,12050400
20221116,09:35:26,18409.60,450,12050400
20221116,09:35:27,18409.00,50,12050400
20221116,09:35:28,18407.50,600,12050400
20221116,09:35:29,18409.55,250,12050400
20221116,09:35:30,18410.00,150,12050400
20221116,09:35:31,18408.65,50,12050400
20221116,09:35:32,18408.85,150,12050400
20221116,09:35:33,18408.80,800,12050400
20221116,09:35:34,18410.05,100,12051750
20221116,09:35:35,18411.70,1550,12051750
20221116,09:35:36,18411.15,300,12051750
20221116,09:35:38,18410.00,50,12051750
20221116,09:35:40,18408.60,300,12051750
20221116,09:35:41,18410.85,550,12051750
20221116,09:35:42,18407.90,850,12051750
20221116,09:35:43,18407.00,2200,12051750
20221116,09:35:44,18407.00,250,12051750
20221116,09:35:45,18408.00,50,12051750
20221116,09:35:45,18407.35,100,12051750
20221116,09:35:46,18406.90,2100,12051750
20221116,09:35:47,18406.90,200,12051750
20221116,09:35:48,18406.90,100,12051750
20221116,09:35:50,18407.65,250,12051750
20221116,09:35:51,18407.90,400,12051750
20221116,09:35:52,18408.10,500,12051750
20221116,09:35:54,18409.50,50,12051750
20221116,09:35:55,18409.45,500,12051750
20221116,09:35:56,18410.45,100,12051750
20221116,09:35:57,18410.15,150,12051750
20221116,09:35:58,18410.70,100,12051750
20221116,09:35:59,18411.75,300,12051750
20221116,09:36:00,18410.70,1050,12051750
20221116,09:36:01,18410.05,200,12051750
20221116,09:36:02,18409.90,50,12051750
20221116,09:36:04,18410.05,100,12051750
20221116,09:36:05,18409.25,1000,12051750
20221116,09:36:07,18411.95,500,12051750
20221116,09:36:09,18409.45,500,12051750
20221116,09:36:10,18410.05,400,12051750
20221116,09:36:11,18410.75,50,12051750
20221116,09:36:12,18410.75,100,12051750
20221116,09:36:13,18412.00,300,12051750
20221116,09:36:13,18411.75,250,12051750
20221116,09:36:15,18412.25,350,12051750
20221116,09:36:16,18411.80,350,12051750
20221116,09:36:17,18412.55,100,12051750
20221116,09:36:18,18411.00,100,12051750
20221116,09:36:19,18412.80,1050,12051750
20221116,09:36:20,18412.85,50,12051750
20221116,09:36:21,18411.75,50,12051750
20221116,09:36:23,18413.00,200,12051750
20221116,09:36:24,18412.45,300,12051750
20221116,09:36:25,18414.00,1150,12051750
20221116,09:36:26,18415.00,400,12051750
20221116,09:36:28,18415.00,100,12051750
20221116,09:36:29,18415.00,250,12051750
20221116,09:36:30,18415.10,400,12051750
20221116,09:36:31,18414.10,100,12051750
20221116,09:36:32,18414.10,200,12051750
20221116,09:36:33,18415.85,50,12051750
20221116,09:36:34,18415.30,100,12051750
20221116,09:36:36,18415.00,600,12051750
20221116,09:36:37,18415.80,50,12051750
20221116,09:36:39,18415.80,300,12051750
20221116,09:36:40,18416.45,1300,12051750
20221116,09:36:41,18417.00,1900,12051750
20221116,09:36:42,18415.80,250,12051750
20221116,09:36:43,18415.80,450,12051750
20221116,09:36:45,18415.80,1050,12051750
20221116,09:36:47,18417.85,50,12051750
20221116,09:36:48,18415.80,300,12051750
20221116,09:36:49,18415.80,300,12051750
20221116,09:36:50,18416.55,1450,12051750
20221116,09:36:51,18416.75,200,12051750
20221116,09:36:53,18416.65,250,12051750
20221116,09:36:54,18417.10,600,12051750
20221116,09:36:55,18417.05,750,12051750
20221116,09:36:57,18416.70,300,12051750
20221116,09:36:58,18416.00,750,12051750
20221116,09:36:59,18414.95,1000,12051750
20221116,09:37:00,18415.05,100,12051750
20221116,09:37:01,18415.30,150,12051750
20221116,09:37:02,18415.65,1000,12051750
20221116,09:37:03,18416.35,1300,12051750
20221116,09:37:04,18416.70,200,12051750
20221116,09:37:05,18416.35,200,12051750
20221116,09:37:07,18415.05,50,12051750
20221116,09:37:08,18415.65,100,12051750
20221116,09:37:09,18415.05,500,12051750
20221116,09:37:10,18415.05,50,12051750
20221116,09:37:12,18415.05,100,12051750
20221116,09:37:14,18415.05,100,12051750
20221116,09:37:15,18414.30,450,12051750
20221116,09:37:16,18414.80,50,12051750
20221116,09:37:17,18414.60,250,12051750
20221116,09:37:18,18414.75,850,12051750
20221116,09:37:19,18415.00,2050,12051750
20221116,09:37:21,18413.55,200,12051750
20221116,09:37:22,18414.30,50,12051750
20221116,09:37:24,18415.30,150,12051750
20221116,09:37:25,18413.75,900,12051750
20221116,09:37:26,18414.65,650,12051750
20221116,09:37:28,18413.00,150,12051750
20221116,09:37:29,18413.00,450,12051750
20221116,09:37:30,18415.40,50,12051750
20221116,09:37:31,18413.15,100,12051750
20221116,09:37:32,18413.25,250,12051750
20221116,09:37:33,18414.30,50,12051750
20221116,09:37:34,18415.00,200,12051750
20221116,09:37:35,18413.05,100,12051750
20221116,09:37:37,18413.30,100,12051750
20221116,09:37:40,18416.00,200,12051750
20221116,09:37:41,18416.25,100,12051750
20221116,09:37:42,18417.00,100,12051750
20221116,09:37:43,18417.00,50,12051750
20221116,09:37:44,18418.00,1000,12051750
20221116,09:37:45,18418.40,400,12051750
20221116,09:37:46,18417.10,150,12051750
20221116,09:37:47,18417.10,200,12051750
20221116,09:37:49,18417.15,150,12051750
20221116,09:37:50,18418.55,200,12051750
20221116,09:37:51,18418.90,50,12051750
20221116,09:37:52,18419.05,250,12051750
20221116,09:37:53,18419.55,250,12051750
20221116,09:37:54,18419.70,350,12051750
20221116,09:37:55,18419.95,50,12051750
20221116,09:37:56,18420.00,850,12051750
20221116,09:37:57,18419.05,1200,12051750
20221116,09:37:58,18419.75,450,12051750
20221116,09:38:00,18419.95,200,12051750
20221116,09:38:01,18420.55,900,12051750
20221116,09:38:02,18420.65,450,12051750
20221116,09:38:03,18420.95,750,12051750
20221116,09:38:05,18420.20,50,12051750
20221116,09:38:06,18422.60,1500,12051750
20221116,09:38:07,18422.30,250,12051750
20221116,09:38:08,18422.55,500,12051750
20221116,09:38:09,18422.30,650,12051750
20221116,09:38:10,18423.00,350,12051750
20221116,09:38:12,18421.50,100,12051750
20221116,09:38:13,18422.80,150,12051750
20221116,09:38:14,18422.85,50,12051750
20221116,09:38:15,18422.85,500,12051750
20221116,09:38:16,18423.45,200,12051750
20221116,09:38:17,18423.80,50,12051750
20221116,09:38:18,18423.90,50,12051750
20221116,09:38:19,18424.45,350,12051750
20221116,09:38:20,18424.30,2350,12051750
20221116,09:38:21,18424.75,50,12051750
20221116,09:38:22,18424.30,200,12051750
20221116,09:38:23,18423.90,100,12051750
20221116,09:38:25,18424.30,700,12051750
20221116,09:38:26,18425.35,4200,12051750
20221116,09:38:27,18424.50,1200,12051750
20221116,09:38:28,18424.05,1450,12051750
20221116,09:38:29,18425.00,300,12051750
20221116,09:38:30,18425.00,50,12051750
20221116,09:38:31,18424.50,100,12051750
20221116,09:38:32,18425.05,250,12051750
20221116,09:38:33,18423.70,5450,12051750
20221116,09:38:34,18424.85,100,12051750
20221116,09:38:35,18423.45,200,12069250
20221116,09:38:36,18424.85,150,12069250
20221116,09:38:37,18424.35,500,12069250
20221116,09:38:38,18424.25,150,12069250
20221116,09:38:39,18425.00,750,12069250
20221116,09:38:40,18425.00,100,12069250
20221116,09:38:41,18425.35,200,12069250
20221116,09:38:42,18426.05,200,12069250
20221116,09:38:43,18427.00,250,12069250
20221116,09:38:44,18427.45,150,12069250
20221116,09:38:45,18426.10,2200,12069250
20221116,09:38:47,18427.70,400,12069250
20221116,09:38:48,18427.90,150,12069250
20221116,09:38:49,18428.05,950,12069250
20221116,09:38:50,18428.05,100,12069250
20221116,09:38:53,18428.60,150,12069250
20221116,09:38:55,18429.00,350,12069250
20221116,09:38:56,18429.75,500,12069250
20221116,09:38:57,18429.20,150,12069250
20221116,09:38:58,18429.15,550,12069250
20221116,09:38:59,18428.55,2000,12069250
20221116,09:39:01,18428.65,650,12069250
20221116,09:39:02,18428.95,950,12069250
20221116,09:39:03,18428.15,750,12069250
20221116,09:39:04,18428.50,350,12069250
20221116,09:39:06,18427.05,250,12069250
20221116,09:39:07,18427.00,450,12069250
20221116,09:39:07,18426.15,2200,12069250
20221116,09:39:08,18425.55,1150,12069250
20221116,09:39:09,18427.15,50,12069250
20221116,09:39:10,18426.50,450,12069250
20221116,09:39:11,18426.90,100,12069250
20221116,09:39:13,18426.35,300,12069250
20221116,09:39:14,18425.80,150,12069250
20221116,09:39:15,18424.20,3050,12069250
20221116,09:39:16,18425.00,400,12069250
20221116,09:39:18,18424.05,150,12069250
20221116,09:39:18,18424.05,200,12069250
20221116,09:39:19,18424.35,200,12069250
20221116,09:39:20,18424.70,350,12069250
20221116,09:39:21,18424.95,100,12069250
20221116,09:39:22,18425.05,700,12069250
20221116,09:39:24,18425.05,250,12069250
20221116,09:39:24,18424.95,200,12069250
20221116,09:39:25,18424.70,1550,12069250
20221116,09:39:26,18424.40,1000,12069250
20221116,09:39:27,18424.20,200,12069250
20221116,09:39:29,18424.20,300,12069250
20221116,09:39:29,18424.25,100,12069250
20221116,09:39:30,18424.40,750,12069250
20221116,09:39:31,18424.30,250,12069250
20221116,09:39:32,18424.50,400,12069250
20221116,09:39:33,18423.00,1250,12069250
20221116,09:39:35,18424.50,1500,12069250
20221116,09:39:36,18423.75,150,12069250
20221116,09:39:37,18424.60,150,12069250
20221116,09:39:38,18424.15,150,12069250
20221116,09:39:41,18424.60,50,12069250
20221116,09:39:42,18424.60,800,12069250
20221116,09:39:43,18424.50,300,12069250
20221116,09:39:44,18425.10,200,12069250
20221116,09:39:46,18425.60,100,12069250
20221116,09:39:48,18425.15,100,12069250
20221116,09:39:48,18426.00,450,12069250
20221116,09:39:49,18426.35,200,12069250
20221116,09:39:50,18427.05,200,12069250
20221116,09:39:53,18425.25,150,12069250
20221116,09:39:54,18426.10,50,12069250
20221116,09:39:55,18426.10,50,12069250
20221116,09:39:56,18425.90,600,12069250
20221116,09:39:57,18425.60,50,12069250
20221116,09:39:59,18426.10,200,12069250
20221116,09:40:00,18426.20,250,12069250
20221116,09:40:01,18425.55,300,12069250
20221116,09:40:02,18424.15,1200,12069250
20221116,09:40:03,18423.60,750,12069250
20221116,09:40:05,18423.05,50,12069250
20221116,09:40:05,18423.55,50,12069250
20221116,09:40:06,18423.00,1350,12069250
20221116,09:40:07,18423.00,200,12069250
20221116,09:40:08,18422.80,1950,12069250
20221116,09:40:09,18423.05,50,12069250
20221116,09:40:10,18421.15,2400,12069250
20221116,09:40:11,18421.10,1050,12069250
20221116,09:40:12,18421.10,750,12069250
20221116,09:40:13,18421.10,350,12069250
20221116,09:40:14,18422.50,850,12069250
20221116,09:40:15,18421.95,800,12069250
20221116,09:40:16,18421.00,800,12069250
20221116,09:40:18,18420.05,250,12069250
20221116,09:40:19,18420.00,600,12069250
20221116,09:40:20,18421.50,250,12069250
20221116,09:40:21,18421.65,50,12069250
20221116,09:40:23,18420.50,200,12069250
20221116,09:40:23,18422.00,50,12069250
20221116,09:40:24,18421.00,50,12069250
20221116,09:40:25,18422.80,150,12069250
20221116,09:40:26,18423.50,200,12069250
20221116,09:40:27,18423.90,100,12069250
20221116,09:40:29,18424.25,100,12069250
20221116,09:40:29,18422.50,250,12069250
20221116,09:40:30,18422.55,150,12069250
20221116,09:40:31,18423.90,500,12069250
20221116,09:40:32,18424.00,150,12069250
20221116,09:40:33,18426.70,1700,12069250
20221116,09:40:35,18424.90,700,12069250
20221116,09:40:35,18424.75,200,12069250
20221116,09:40:36,18423.95,100,12069250
20221116,09:40:37,18423.70,200,12069250
20221116,09:40:38,18422.40,500,12069250
20221116,09:40:40,18422.75,150,12069250
20221116,09:40:40,18421.55,50,12069250
20221116,09:40:41,18423.00,200,12069250
20221116,09:40:42,18422.05,150,12069250
20221116,09:40:43,18424.20,350,12069250
20221116,09:40:45,18424.85,150,12069250
20221116,09:40:46,18423.10,400,12069250
20221116,09:40:47,18423.90,50,12069250
20221116,09:40:48,18422.80,100,12069250
20221116,09:40:51,18423.20,150,12069250
20221116,09:40:51,18423.20,50,12069250
20221116,09:40:52,18423.30,450,12069250
20221116,09:40:53,18423.05,400,12069250
20221116,09:40:55,18423.95,50,12069250
20221116,09:40:57,18424.00,100,12069250
20221116,09:40:57,18424.00,50,12069250
20221116,09:40:58,18424.05,100,12069250
20221116,09:40:59,18424.05,150,12069250
20221116,09:41:00,18424.75,200,12069250
20221116,09:41:01,18424.05,250,12069250
20221116,09:41:03,18424.05,250,12069250
20221116,09:41:03,18425.00,50,12069250
20221116,09:41:04,18424.80,400,12069250
20221116,09:41:05,18425.00,350,12069250
20221116,09:41:06,18424.70,2050,12069250
20221116,09:41:07,18423.75,50,12069250
20221116,09:41:09,18423.90,150,12069250
20221116,09:41:10,18425.00,50,12069250
20221116,09:41:11,18423.75,200,12069250
20221116,09:41:12,18423.75,100,12069250
20221116,09:41:14,18423.75,600,12069250
20221116,09:41:15,18423.75,600,12069250
20221116,09:41:16,18425.00,500,12069250
20221116,09:41:17,18424.00,50,12069250
20221116,09:41:19,18424.70,250,12069250
20221116,09:41:20,18425.05,50,12069250
20221116,09:41:20,18425.60,600,12069250
20221116,09:41:21,18425.00,250,12069250
20221116,09:41:22,18424.95,350,12069250
20221116,09:41:23,18424.00,250,12069250
20221116,09:41:24,18424.95,300,12069250
20221116,09:41:26,18424.05,50,12069250
20221116,09:41:27,18424.95,150,12069250
20221116,09:41:28,18425.55,600,12069250
20221116,09:41:29,18424.30,50,12069250
20221116,09:41:30,18426.00,650,12069250
20221116,09:41:32,18426.00,350,12069250
20221116,09:41:33,18425.60,150,12069250
20221116,09:41:33,18425.05,100,12069250
20221116,09:41:34,18425.05,500,12069250
20221116,09:41:36,18425.05,100,12064350
20221116,09:41:41,18425.90,1500,12064350
20221116,09:41:42,18425.35,150,12064350
20221116,09:41:43,18424.60,600,12064350
20221116,09:41:45,18426.00,350,12064350
20221116,09:41:46,18426.00,300,12064350
20221116,09:41:47,18425.70,200,12064350
20221116,09:41:48,18425.95,250,12064350
20221116,09:41:49,18425.35,1150,12064350
20221116,09:41:50,18425.00,700,12064350
20221116,09:41:51,18425.10,150,12064350
20221116,09:41:53,18425.05,550,12064350
20221116,09:41:54,18425.00,100,12064350
20221116,09:41:55,18424.90,350,12064350
20221116,09:41:57,18424.75,350,12064350
20221116,09:41:59,18424.70,200,12064350
20221116,09:42:00,18424.15,600,12064350
20221116,09:42:01,18423.80,750,12064350
20221116,09:42:01,18424.35,50,12064350
20221116,09:42:03,18423.80,100,12064350
20221116,09:42:06,18424.15,50,12064350
20221116,09:42:07,18424.35,1350,12064350
20221116,09:42:08,18425.05,1100,12064350
20221116,09:42:09,18425.05,850,12064350
20221116,09:42:11,18424.75,150,12064350
20221116,09:42:12,18424.35,100,12064350
20221116,09:42:13,18425.15,300,12064350
20221116,09:42:14,18424.20,450,12064350
20221116,09:42:15,18424.15,200,12064350
20221116,09:42:17,18425.00,100,12064350
20221116,09:42:19,18424.45,100,12064350
20221116,09:42:20,18425.00,150,12064350
20221116,09:42:21,18424.00,100,12064350
20221116,09:42:24,18424.00,300,12064350
20221116,09:42:25,18423.90,1600,12064350
20221116,09:42:26,18424.00,650,12064350
20221116,09:42:27,18424.00,550,12064350
20221116,09:42:29,18424.00,50,12064350
20221116,09:42:30,18424.30,150,12064350
20221116,09:42:31,18424.60,150,12064350
20221116,09:42:32,18424.30,100,12064350
20221116,09:42:34,18424.30,100,12064350
20221116,09:42:35,18424.05,400,12064350
20221116,09:42:36,18424.45,50,12064350
20221116,09:42:39,18424.10,150,12064350
20221116,09:42:40,18424.00,100,12064350
20221116,09:42:40,18424.05,50,12064350
20221116,09:42:42,18424.15,300,12064350
20221116,09:42:44,18423.55,100,12064350
20221116,09:42:45,18423.70,150,12064350
20221116,09:42:46,18423.10,500,12064350
20221116,09:42:47,18423.15,100,12064350
20221116,09:42:49,18422.70,300,12064350
20221116,09:42:50,18422.35,750,12064350
20221116,09:42:50,18422.25,50,12064350
20221116,09:42:51,18422.00,200,12064350
20221116,09:42:52,18421.90,50,12064350
20221116,09:42:55,18421.75,50,12064350
20221116,09:42:56,18422.00,300,12064350
20221116,09:42:57,18421.70,50,12064350
20221116,09:42:58,18421.00,500,12064350
20221116,09:43:01,18421.40,250,12064350
20221116,09:43:01,18420.60,100,12064350
20221116,09:43:02,18420.80,50,12064350
20221116,09:43:03,18421.00,550,12064350
20221116,09:43:05,18418.20,1700,12064350
20221116,09:43:06,18419.70,50,12064350
20221116,09:43:07,18419.85,300,12064350
20221116,09:43:08,18419.25,200,12064350
20221116,09:43:10,18418.10,50,12064350
20221116,09:43:11,18419.70,50,12064350
20221116,09:43:12,18419.10,100,12064350
20221116,09:43:13,18419.50,50,12064350
20221116,09:43:14,18419.00,100,12064350
20221116,09:43:16,18420.00,350,12064350
20221116,09:43:17,18419.60,100,12064350
20221116,09:43:18,18418.30,450,12064350
20221116,09:43:21,18419.15,50,12064350
20221116,09:43:22,18419.70,50,12064350
20221116,09:43:23,18419.90,50,12064350
20221116,09:43:24,18419.60,50,12064350
20221116,09:43:25,18420.60,150,12064350
20221116,09:43:27,18420.20,200,12064350
20221116,09:43:28,18421.00,100,12064350
20221116,09:43:28,18420.40,200,12064350
20221116,09:43:29,18421.00,1000,12064350
20221116,09:43:30,18420.00,100,12064350
20221116,09:43:32,18421.00,1100,12064350
20221116,09:43:33,18419.60,250,12064350
20221116,09:43:34,18419.85,1050,12064350
20221116,09:43:35,18420.00,300,12064350
20221116,09:43:36,18417.05,1850,12064350
20221116,09:43:37,18417.10,200,12064350
20221116,09:43:39,18418.80,1900,12064350
20221116,09:43:40,18417.45,300,12064350
20221116,09:43:41,18415.00,3050,12064350
20221116,09:43:42,18414.55,550,12064350
20221116,09:43:43,18415.05,100,12064350
20221116,09:43:44,18415.20,2000,12064350
20221116,09:43:46,18418.00,150,12064350
20221116,09:43:47,18418.70,50,12064350
20221116,09:43:48,18416.65,1900,12064350
20221116,09:43:49,18415.85,1600,12064350
20221116,09:43:50,18416.10,50,12064350
20221116,09:43:51,18417.20,1200,12064350
20221116,09:43:52,18417.15,100,12064350
20221116,09:43:53,18414.65,250,12064350
20221116,09:43:54,18416.90,100,12064350
20221116,09:43:56,18416.75,50,12064350
20221116,09:43:57,18416.70,50,12064350
20221116,09:43:58,18415.70,300,12064350
20221116,09:44:02,18416.70,450,12064350
20221116,09:44:03,18416.65,300,12064350
20221116,09:44:04,18417.15,100,12064350
20221116,09:44:05,18415.70,50,12064350
20221116,09:44:06,18415.45,400,12064350
20221116,09:44:07,18415.45,50,12064350
20221116,09:44:08,18415.70,200,12064350
20221116,09:44:09,18415.70,100,12064350
20221116,09:44:10,18415.50,50,12064350
20221116,09:44:11,18415.50,450,12064350
20221116,09:44:12,18415.25,300,12064350
20221116,09:44:13,18415.00,150,12064350
20221116,09:44:14,18414.40,250,12064350
20221116,09:44:15,18414.00,450,12064350
20221116,09:44:16,18414.00,250,12064350
20221116,09:44:18,18414.00,350,12064350
20221116,09:44:20,18414.75,300,12064350
20221116,09:44:21,18414.75,50,12064350
20221116,09:44:22,18414.75,700,12064350
20221116,09:44:23,18414.00,700,12064350
20221116,09:44:24,18413.75,100,12064350
20221116,09:44:25,18412.30,200,12064350
20221116,09:44:26,18413.00,50,12064350
20221116,09:44:27,18413.55,50,12064350
20221116,09:44:28,18412.30,650,12064350
20221116,09:44:29,18412.30,50,12064350
20221116,09:44:30,18414.00,50,12064350
20221116,09:44:31,18413.05,150,12064350
20221116,09:44:32,18413.90,150,12064350
20221116,09:44:33,18413.95,50,12064350
20221116,09:44:34,18413.00,300,12064350
20221116,09:44:34,18412.40,250,12064350
20221116,09:44:35,18412.95,350,12081150
20221116,09:44:37,18412.35,100,12081150
20221116,09:44:38,18412.60,600,12081150
20221116,09:44:39,18412.30,300,12081150
20221116,09:44:40,18412.15,100,12081150
20221116,09:44:41,18413.00,350,12081150
20221116,09:44:42,18412.40,350,12081150
20221116,09:44:43,18412.40,150,12081150
20221116,09:44:44,18412.20,200,12081150
20221116,09:44:45,18412.10,250,12081150
20221116,09:44:46,18412.10,250,12081150
20221116,09:44:47,18412.00,500,12081150
20221116,09:44:49,18411.60,450,12081150
20221116,09:44:50,18411.25,1100,12081150
20221116,09:44:51,18412.35,100,12081150
20221116,09:44:52,18411.65,200,12081150
20221116,09:44:53,18411.20,200,12081150
20221116,09:44:55,18411.40,350,12081150
20221116,09:44:56,18411.35,300,12081150
20221116,09:44:58,18411.25,1250,12081150
20221116,09:44:59,18411.25,100,12081150
20221116,09:45:00,18412.35,450,12081150
20221116,09:45:00,18411.35,50,12081150
20221116,09:45:02,18410.30,1600,12081150
20221116,09:45:03,18410.10,150,12081150
20221116,09:45:04,18410.05,550,12081150
20221116,09:45:04,18410.05,100,12081150
20221116,09:45:05,18411.15,1100,12081150
20221116,09:45:06,18410.00,650,12081150
20221116,09:45:07,18410.50,150,12081150
20221116,09:45:09,18411.25,950,12081150
20221116,09:45:10,18410.00,150,12081150
20221116,09:45:11,18410.00,50,12081150
20221116,09:45:12,18411.15,100,12081150
20221116,09:45:12,18410.00,100,12081150
20221116,09:45:13,18412.00,450,12081150
20221116,09:45:15,18412.35,900,12081150
20221116,09:45:16,18410.90,350,12081150
20221116,09:45:17,18410.60,1000,12081150
20221116,09:45:17,18410.40,150,12081150
20221116,09:45:18,18410.20,100,12081150
20221116,09:45:19,18411.20,100,12081150
20221116,09:45:21,18411.35,50,12081150
20221116,09:45:22,18411.00,250,12081150
20221116,09:45:24,18410.00,100,12081150
20221116,09:45:24,18410.05,50,12081150
20221116,09:45:25,18411.00,1350,12081150
20221116,09:45:26,18411.00,350,12081150
20221116,09:45:27,18410.55,50,12081150
20221116,09:45:29,18410.60,650,12081150
20221116,09:45:30,18410.00,250,12081150
20221116,09:45:31,18410.15,150,12081150
20221116,09:45:32,18410.00,250,12081150
20221116,09:45:34,18410.10,350,12081150
20221116,09:45:36,18410.15,400,12081150
20221116,09:45:36,18410.15,50,12081150
20221116,09:45:37,18410.10,150,12081150
20221116,09:45:39,18410.10,150,12081150
20221116,09:45:40,18410.10,600,12081150
20221116,09:45:41,18410.10,400,12081150
20221116,09:45:42,18410.10,100,12081150
20221116,09:45:43,18410.00,2200,12081150
20221116,09:45:44,18410.00,700,12081150
20221116,09:45:45,18410.15,1800,12081150
20221116,09:45:46,18411.00,1700,12081150
20221116,09:45:47,18412.00,200,12081150
20221116,09:45:48,18411.80,200,12081150
20221116,09:45:50,18412.15,200,12081150
20221116,09:45:51,18412.70,400,12081150
20221116,09:45:52,18412.75,100,12081150
20221116,09:45:53,18412.90,350,12081150
20221116,09:45:54,18412.90,100,12081150
20221116,09:45:56,18412.90,150,12081150
20221116,09:45:57,18413.00,550,12081150
20221116,09:45:58,18413.85,200,12081150
20221116,09:45:59,18414.00,200,12081150
20221116,09:46:00,18413.40,450,12081150
20221116,09:46:02,18413.15,250,12081150
20221116,09:46:03,18414.30,150,12081150
20221116,09:46:04,18415.00,150,12081150
20221116,09:46:05,18415.00,50,12081150
20221116,09:46:06,18414.00,450,12081150
20221116,09:46:07,18412.70,100,12081150
20221116,09:46:09,18413.45,150,12081150
20221116,09:46:10,18412.90,300,12081150
20221116,09:46:11,18413.15,200,12081150
20221116,09:46:12,18412.70,100,12081150
20221116,09:46:16,18413.45,1250,12081150
20221116,09:46:17,18413.00,200,12081150
20221116,09:46:18,18413.00,200,12081150
20221116,09:46:19,18413.45,350,12081150
20221116,09:46:20,18414.00,50,12081150
20221116,09:46:21,18414.75,50,12081150
20221116,09:46:24,18414.75,50,12081150
20221116,09:46:25,18414.00,250,12081150
20221116,09:46:26,18415.00,50,12081150
20221116,09:46:30,18415.00,800,12081150
20221116,09:46:31,18415.00,450,12081150
20221116,09:46:32,18414.95,50,12081150
20221116,09:46:33,18415.05,1400,12081150
20221116,09:46:34,18416.00,100,12081150
20221116,09:46:36,18416.00,100,12081150
20221116,09:46:37,18415.25,150,12081150
20221116,09:46:38,18415.00,150,12081150
20221116,09:46:39,18414.40,150,12081150
20221116,09:46:40,18414.90,400,12081150
20221116,09:46:41,18415.25,250,12081150
20221116,09:46:43,18415.25,50,12081150
20221116,09:46:44,18415.00,50,12081150
20221116,09:46:45,18415.35,2450,12081150
20221116,09:46:46,18416.00,500,12081150
20221116,09:46:47,18416.90,1750,12081150
20221116,09:46:48,18417.65,50,12081150
20221116,09:46:51,18418.00,100,12081150
20221116,09:46:52,18418.70,250,12081150
20221116,09:46:53,18416.90,250,12081150
20221116,09:46:54,18418.15,50,12081150
20221116,09:46:55,18417.00,100,12081150
20221116,09:46:55,18418.15,50,12081150
20221116,09:46:58,18418.45,200,12081150
20221116,09:47:00,18418.40,50,12081150
20221116,09:47:01,18416.95,100,12081150
20221116,09:47:02,18416.95,200,12081150
20221116,09:47:04,18416.95,50,12081150
20221116,09:47:05,18417.10,800,12081150
20221116,09:47:06,18416.05,100,12081150
20221116,09:47:08,18415.00,250,12081150
20221116,09:47:10,18416.40,50,12081150
20221116,09:47:12,18415.45,100,12081150
20221116,09:47:13,18415.00,600,12081150
20221116,09:47:14,18414.70,250,12081150
20221116,09:47:15,18414.80,300,12081150
20221116,09:47:16,18414.00,350,12081150
20221116,09:47:17,18414.80,200,12081150
20221116,09:47:18,18414.30,250,12081150
20221116,09:47:20,18414.30,450,12081150
20221116,09:47:20,18414.50,100,12081150
20221116,09:47:21,18415.10,100,12081150
20221116,09:47:24,18414.50,150,12081150
20221116,09:47:25,18414.20,100,12081150
20221116,09:47:26,18413.40,300,12081150
20221116,09:47:27,18413.00,600,12081150
20221116,09:47:28,18412.85,350,12081150
20221116,09:47:30,18412.15,300,12081150
20221116,09:47:31,18412.30,50,12081150
20221116,09:47:32,18412.15,2250,12081150
20221116,09:47:33,18412.00,200,12081150
20221116,09:47:34,18412.05,300,12081150
20221116,09:47:35,18412.05,50,12086750
20221116,09:47:37,18412.00,200,12086750
20221116,09:47:38,18412.75,400,12086750
20221116,09:47:39,18412.10,50,12086750
20221116,09:47:40,18412.75,100,12086750
20221116,09:47:41,18412.20,100,12086750
20221116,09:47:42,18412.50,100,12086750
20221116,09:47:44,18411.10,500,12086750
20221116,09:47:45,18411.10,50,12086750
20221116,09:47:48,18412.00,100,12086750
20221116,09:47:49,18411.70,450,12086750
20221116,09:47:52,18412.80,50,12086750
20221116,09:47:53,18412.05,150,12086750
20221116,09:47:54,18412.80,50,12086750
20221116,09:47:55,18412.05,50,12086750
20221116,09:47:56,18412.05,50,12086750
20221116,09:47:57,18413.60,100,12086750
20221116,09:48:00,18412.00,100,12086750
20221116,09:48:01,18412.00,50,12086750
20221116,09:48:02,18411.00,600,12086750
20221116,09:48:03,18410.60,900,12086750
20221116,09:48:05,18410.60,200,12086750
20221116,09:48:06,18410.60,150,12086750
20221116,09:48:07,18411.50,150,12086750
20221116,09:48:08,18410.60,100,12086750
20221116,09:48:09,18411.00,100,12086750
20221116,09:48:11,18411.40,1700,12086750
20221116,09:48:12,18411.30,50,12086750
20221116,09:48:13,18411.00,50,12086750
20221116,09:48:16,18411.80,50,12086750
20221116,09:48:17,18410.15,150,12086750
20221116,09:48:18,18411.45,50,12086750
20221116,09:48:20,18411.00,100,12086750
20221116,09:48:25,18411.40,150,12086750
20221116,09:48:26,18411.40,50,12086750
20221116,09:48:29,18411.00,100,12086750
20221116,09:48:30,18410.00,500,12086750
20221116,09:48:31,18411.75,200,12086750
20221116,09:48:32,18408.60,400,12086750
20221116,09:48:33,18411.00,50,12086750
20221116,09:48:34,18410.10,50,12086750
20221116,09:48:35,18408.55,150,12086750
20221116,09:48:36,18408.45,1400,12086750
20221116,09:48:37,18408.95,300,12086750
20221116,09:48:38,18408.10,350,12086750
20221116,09:48:39,18408.90,450,12086750
20221116,09:48:40,18408.70,100,12086750
20221116,09:48:41,18410.75,50,12086750
20221116,09:48:44,18408.80,50,12086750
20221116,09:48:45,18408.80,600,12086750
20221116,09:48:47,18408.00,550,12086750
20221116,09:48:48,18409.80,50,12086750
20221116,09:48:49,18409.00,50,12086750
20221116,09:48:51,18407.90,500,12086750
20221116,09:48:53,18409.00,100,12086750
20221116,09:48:54,18408.25,100,12086750
20221116,09:48:55,18409.00,200,12086750
20221116,09:48:56,18409.00,150,12086750
20221116,09:48:57,18409.00,100,12086750
20221116,09:49:00,18408.20,50,12086750
20221116,09:49:01,18408.10,150,12086750
20221116,09:49:03,18408.00,150,12086750
20221116,09:49:04,18407.95,150,12086750
20221116,09:49:05,18407.90,150,12086750
20221116,09:49:06,18408.00,50,12086750
20221116,09:49:08,18408.80,200,12086750
20221116,09:49:09,18408.00,300,12086750
20221116,09:49:10,18407.90,250,12086750
20221116,09:49:11,18409.00,150,12086750
20221116,09:49:12,18403.50,39350,12086750
20221116,09:49:13,18407.00,250,12086750
20221116,09:49:14,18408.00,600,12086750
20221116,09:49:15,18407.05,200,12086750
20221116,09:49:16,18407.10,350,12086750
20221116,09:49:17,18406.95,150,12086750
20221116,09:49:18,18406.90,450,12086750
20221116,09:49:19,18407.40,150,12086750
20221116,09:49:21,18407.15,150,12086750
20221116,09:49:22,18406.45,200,12086750
20221116,09:49:23,18407.90,250,12086750
20221116,09:49:24,18407.85,250,12086750
20221116,09:49:27,18405.95,1550,12086750
20221116,09:49:28,18406.75,50,12086750
20221116,09:49:29,18407.00,750,12086750
20221116,09:49:30,18407.00,450,12086750
20221116,09:49:31,18408.00,100,12086750
20221116,09:49:32,18407.30,350,12086750
20221116,09:49:33,18408.45,100,12086750
20221116,09:49:34,18409.00,350,12086750
20221116,09:49:36,18408.95,300,12086750
20221116,09:49:37,18408.75,150,12086750
20221116,09:49:38,18408.55,150,12086750
20221116,09:49:39,18409.15,200,12086750
20221116,09:49:40,18410.00,250,12086750
20221116,09:49:41,18410.20,50,12086750
20221116,09:49:42,18408.40,100,12086750
20221116,09:49:43,18408.55,550,12086750
20221116,09:49:44,18408.55,200,12086750
20221116,09:49:45,18408.70,250,12086750
20221116,09:49:46,18408.70,100,12086750
20221116,09:49:47,18407.75,350,12086750
20221116,09:49:48,18408.00,200,12086750
20221116,09:49:52,18409.00,150,12086750
20221116,09:49:54,18409.90,50,12086750
20221116,09:49:56,18409.85,50,12086750
20221116,09:49:57,18410.00,150,12086750
20221116,09:49:58,18410.00,550,12086750
20221116,09:49:59,18409.85,200,12086750
20221116,09:50:01,18409.70,3150,12086750
20221116,09:50:02,18409.55,250,12086750
20221116,09:50:03,18407.05,150,12086750
20221116,09:50:04,18406.70,400,12086750
20221116,09:50:07,18408.00,100,12086750
20221116,09:50:08,18408.15,350,12086750
20221116,09:50:10,18409.50,100,12086750
20221116,09:50:11,18409.70,150,12086750
20221116,09:50:12,18409.55,250,12086750
20221116,09:50:13,18408.70,700,12086750
20221116,09:50:14,18409.35,100,12086750
20221116,09:50:15,18409.80,300,12086750
20221116,09:50:16,18409.40,350,12086750
20221116,09:50:17,18409.25,600,12086750
20221116,09:50:18,18409.25,100,12086750
20221116,09:50:19,18409.05,200,12086750
20221116,09:50:20,18409.30,50,12086750
20221116,09:50:21,18409.55,150,12086750
20221116,09:50:22,18408.75,500,12086750
20221116,09:50:23,18408.75,550,12086750
20221116,09:50:24,18408.75,50,12086750
20221116,09:50:26,18410.95,50,12086750
20221116,09:50:27,18408.25,150,12086750
20221116,09:50:28,18410.80,50,12086750
20221116,09:50:29,18412.10,550,12086750
20221116,09:50:31,18412.80,550,12086750
20221116,09:50:32,18412.65,450,12086750
20221116,09:50:34,18412.95,250,12086750
20221116,09:50:36,18413.10,350,12059400
20221116,09:50:37,18411.50,100,12059400
20221116,09:50:39,18413.10,50,12059400
20221116,09:50:40,18411.95,300,12059400
20221116,09:50:41,18411.90,100,12059400
20221116,09:50:45,18414.40,850,12059400
20221116,09:50:51,18413.25,250,12059400
20221116,09:50:53,18414.00,650,12059400
20221116,09:50:54,18415.45,50,12059400
20221116,09:50:56,18414.95,1400,12059400
20221116,09:50:57,18414.85,50,12059400
20221116,09:50:58,18415.00,100,12059400
20221116,09:51:02,18417.45,150,12059400
20221116,09:51:03,18415.00,100,12059400
20221116,09:51:04,18417.85,1200,12059400
20221116,09:51:06,18417.80,100,12059400
20221116,09:51:07,18417.30,100,12059400
20221116,09:51:08,18415.00,100,12059400
20221116,09:51:09,18417.30,50,12059400
20221116,09:51:10,18417.00,150,12059400
20221116,09:51:11,18417.75,250,12059400
20221116,09:51:13,18417.95,1400,12059400
20221116,09:51:14,18417.30,100,12059400
20221116,09:51:16,18417.10,50,12059400
20221116,09:51:17,18417.85,100,12059400
20221116,09:51:18,18417.10,100,12059400
20221116,09:51:20,18415.85,150,12059400
20221116,09:51:21,18415.15,1500,12059400
20221116,09:51:22,18417.70,100,12059400
20221116,09:51:23,18418.00,50,12059400
20221116,09:51:24,18418.00,50,12059400
20221116,09:51:26,18417.50,650,12059400
20221116,09:51:27,18417.45,400,12059400
20221116,09:51:29,18417.70,50,12059400
20221116,09:51:30,18417.35,50,12059400
20221116,09:51:31,18417.35,350,12059400
20221116,09:51:32,18415.05,50,12059400
20221116,09:51:33,18417.45,350,12059400
20221116,09:51:34,18417.45,100,12059400
20221116,09:51:36,18415.65,150,12059400
20221116,09:51:39,18415.95,100,12059400
20221116,09:51:40,18418.00,100,12059400
20221116,09:51:42,18419.00,1300,12059400
20221116,09:51:44,18419.45,100,12059400
20221116,09:51:44,18419.45,200,12059400
20221116,09:51:45,18418.15,150,12059400
20221116,09:51:46,18418.50,200,12059400
20221116,09:51:47,18418.05,50,12059400
20221116,09:51:48,18418.50,50,12059400
20221116,09:51:51,18418.50,50,12059400
20221116,09:51:53,18418.45,300,12059400
20221116,09:51:56,18417.20,250,12059400
20221116,09:51:58,18418.00,100,12059400
20221116,09:52:00,18416.35,50,12059400
20221116,09:52:04,18418.00,50,12059400
20221116,09:52:06,18416.95,450,12059400
20221116,09:52:07,18418.60,150,12059400
20221116,09:52:09,18418.00,50,12059400
20221116,09:52:10,18418.50,50,12059400
20221116,09:52:11,18419.00,200,12059400
20221116,09:52:12,18420.00,1000,12059400
20221116,09:52:13,18420.00,150,12059400
20221116,09:52:14,18420.50,150,12059400
20221116,09:52:16,18418.55,50,12059400
20221116,09:52:17,18421.00,150,12059400
20221116,09:52:18,18419.25,250,12059400
20221116,09:52:20,18418.75,100,12059400
20221116,09:52:21,18421.15,50,12059400
20221116,09:52:22,18421.20,50,12059400
20221116,09:52:23,18420.05,150,12059400
20221116,09:52:24,18421.15,200,12059400
20221116,09:52:26,18421.15,250,12059400
20221116,09:52:27,18419.85,50,12059400
20221116,09:52:28,18421.10,100,12059400
20221116,09:52:29,18419.00,450,12059400
20221116,09:52:30,18419.40,100,12059400
20221116,09:52:31,18420.00,100,12059400
20221116,09:52:32,18420.65,600,12059400
20221116,09:52:33,18419.95,550,12059400
20221116,09:52:35,18418.55,150,12059400
20221116,09:52:35,18418.50,50,12059400
20221116,09:52:36,18419.00,100,12059400
20221116,09:52:38,18418.00,450,12059400
20221116,09:52:40,18418.75,400,12059400
20221116,09:52:42,18419.20,400,12059400
20221116,09:52:44,18420.00,50,12059400
20221116,09:52:45,18419.50,100,12059400
20221116,09:52:46,18419.00,100,12059400
20221116,09:52:48,18419.40,150,12059400
20221116,09:52:49,18418.80,50,12059400
20221116,09:52:50,18419.40,950,12059400
20221116,09:52:52,18418.95,500,12059400
20221116,09:52:53,18417.40,150,12059400
20221116,09:52:57,18417.30,50,12059400
20221116,09:52:59,18418.50,100,12059400
20221116,09:53:01,18419.40,100,12059400
20221116,09:53:04,18419.50,100,12059400
20221116,09:53:05,18419.50,50,12059400
20221116,09:53:06,18421.00,250,12059400
20221116,09:53:07,18421.00,250,12059400
20221116,09:53:09,18422.00,250,12059400
20221116,09:53:10,18420.80,100,12059400
20221116,09:53:11,18423.30,1200,12059400
20221116,09:53:12,18422.75,200,12059400
20221116,09:53:13,18422.50,200,12059400
20221116,09:53:14,18422.65,50,12059400
20221116,09:53:15,18421.00,100,12059400
20221116,09:53:16,18423.75,250,12059400
20221116,09:53:17,18422.80,200,12059400
20221116,09:53:18,18423.90,50,12059400
20221116,09:53:19,18424.30,1750,12059400
20221116,09:53:21,18422.85,550,12059400
20221116,09:53:22,18423.00,50,12059400
20221116,09:53:24,18422.15,400,12059400
20221116,09:53:25,18422.05,250,12059400
20221116,09:53:25,18422.30,450,12059400
20221116,09:53:26,18420.20,150,12059400
20221116,09:53:27,18421.50,150,12059400
20221116,09:53:28,18422.55,250,12059400
20221116,09:53:30,18422.00,50,12059400
20221116,09:53:34,18421.55,400,12059400
20221116,09:53:36,18420.10,200,12059400
20221116,09:53:37,18421.00,50,12068850
20221116,09:53:41,18421.35,1950,12068850
20221116,09:53:43,18422.80,1850,12068850
20221116,09:53:44,18422.40,50,12068850
20221116,09:53:45,18422.00,1550,12068850
20221116,09:53:46,18422.15,250,12068850
20221116,09:53:47,18421.60,200,12068850
20221116,09:53:48,18420.20,550,12068850
20221116,09:53:49,18421.60,50,12068850
20221116,09:53:51,18421.20,300,12068850
20221116,09:53:52,18420.80,500,12068850
20221116,09:53:53,18419.80,350,12068850
20221116,09:53:54,18420.00,350,12068850
20221116,09:53:55,18420.65,150,12068850
20221116,09:53:56,18420.30,50,12068850
20221116,09:53:58,18421.40,250,12068850
20221116,09:53:59,18420.00,100,12068850
20221116,09:54:00,18419.60,350,12068850
20221116,09:54:01,18420.05,400,12068850
20221116,09:54:02,18421.60,250,12068850
20221116,09:54:03,18420.40,450,12068850
20221116,09:54:04,18419.85,50,12068850
20221116,09:54:05,18421.40,150,12068850
20221116,09:54:07,18421.55,50,12068850
20221116,09:54:08,18420.20,50,12068850
20221116,09:54:09,18420.50,50,12068850
20221116,09:54:11,18419.60,1250,12068850
20221116,09:54:12,18419.85,150,12068850
20221116,09:54:13,18421.40,50,12068850
20221116,09:54:14,18421.90,100,12068850
20221116,09:54:15,18420.25,150,12068850
20221116,09:54:16,18421.90,100,12068850
20221116,09:54:17,18421.45,100,12068850
20221116,09:54:18,18421.85,50,12068850
20221116,09:54:19,18422.00,50,12068850
20221116,09:54:20,18421.80,200,12068850
20221116,09:54:21,18421.95,250,12068850
20221116,09:54:23,18422.00,400,12068850
20221116,09:54:24,18422.50,350,12068850
20221116,09:54:24,18422.55,50,12068850
20221116,09:54:25,18421.95,150,12068850
20221116,09:54:26,18422.10,250,12068850
20221116,09:54:27,18421.60,150,12068850
20221116,09:54:28,18420.95,250,12068850
20221116,09:54:29,18421.60,50,12068850
20221116,09:54:31,18420.70,50,12068850
20221116,09:54:32,18421.95,100,12068850
20221116,09:54:34,18420.70,50,12068850
20221116,09:54:35,18420.60,100,12068850
20221116,09:54:35,18420.70,50,12068850
20221116,09:54:36,18420.20,500,12068850
20221116,09:54:37,18419.50,1500,12068850
20221116,09:54:39,18418.75,650,12068850
20221116,09:54:40,18418.15,700,12068850
20221116,09:54:40,18418.00,500,12068850
20221116,09:54:41,18417.20,400,12068850
20221116,09:54:42,18417.45,50,12068850
20221116,09:54:44,18417.65,550,12068850
20221116,09:54:45,18417.25,150,12068850
20221116,09:54:45,18417.00,350,12068850
20221116,09:54:46,18416.30,400,12068850
20221116,09:54:47,18416.65,100,12068850
20221116,09:54:48,18413.50,1450,12068850
20221116,09:54:50,18415.00,100,12068850
20221116,09:54:52,18415.10,150,12068850
20221116,09:54:53,18413.50,550,12068850
20221116,09:54:56,18413.85,1100,12068850
20221116,09:54:57,18412.15,950,12068850
20221116,09:54:58,18413.60,200,12068850
20221116,09:55:00,18414.00,250,12068850
20221116,09:55:01,18414.40,600,12068850
20221116,09:55:01,18414.40,250,12068850
20221116,09:55:02,18413.60,800,12068850
20221116,09:55:03,18413.05,150,12068850
20221116,09:55:05,18414.15,200,12068850
20221116,09:55:06,18414.90,200,12068850
20221116,09:55:07,18415.00,50,12068850
20221116,09:55:07,18416.55,50,12068850
20221116,09:55:08,18416.80,150,12068850
20221116,09:55:10,18416.40,200,12068850
20221116,09:55:11,18418.00,100,12068850
20221116,09:55:12,18418.50,300,12068850
20221116,09:55:12,18419.40,100,12068850
20221116,09:55:13,18419.25,500,12068850
20221116,09:55:16,18419.05,250,12068850
20221116,09:55:18,18419.05,250,12068850
20221116,09:55:20,18418.50,100,12068850
20221116,09:55:23,18416.80,50,12068850
20221116,09:55:24,18415.80,150,12068850
20221116,09:55:25,18417.40,50,12068850
20221116,09:55:25,18417.35,50,12068850
20221116,09:55:26,18417.35,50,12068850
20221116,09:55:28,18417.75,1350,12068850
20221116,09:55:29,18418.30,400,12068850
20221116,09:55:30,18417.25,650,12068850
20221116,09:55:31,18417.40,250,12068850
20221116,09:55:32,18415.55,50,12068850
20221116,09:55:33,18417.15,300,12068850
20221116,09:55:35,18417.05,100,12068850
20221116,09:55:36,18415.80,100,12068850
20221116,09:55:37,18416.25,500,12068850
20221116,09:55:38,18417.00,50,12068850
20221116,09:55:39,18417.65,450,12068850
20221116,09:55:40,18417.75,100,12068850
20221116,09:55:43,18417.10,250,12068850
20221116,09:55:44,18417.15,500,12068850
20221116,09:55:45,18416.80,600,12068850
20221116,09:55:46,18417.15,550,12068850
20221116,09:55:48,18418.05,50,12068850
20221116,09:55:49,18417.70,50,12068850
20221116,09:55:54,18417.90,50,12068850
20221116,09:55:55,18417.75,100,12068850
20221116,09:55:56,18417.10,200,12068850
20221116,09:55:56,18416.50,900,12068850
20221116,09:55:57,18416.10,600,12068850
20221116,09:55:58,18415.65,250,12068850
20221116,09:56:00,18415.40,250,12068850
20221116,09:56:01,18415.70,50,12068850
20221116,09:56:03,18416.45,50,12068850
20221116,09:56:04,18416.35,50,12068850
20221116,09:56:06,18416.40,100,12068850
20221116,09:56:07,18418.10,100,12068850
20221116,09:56:09,18418.30,50,12068850
20221116,09:56:10,18417.90,50,12068850
20221116,09:56:14,18418.80,150,12068850
20221116,09:56:15,18417.95,150,12068850
20221116,09:56:16,18418.85,50,12068850
20221116,09:56:17,18418.60,50,12068850
20221116,09:56:18,18418.80,50,12068850
20221116,09:56:19,18417.90,400,12068850
20221116,09:56:21,18418.80,250,12068850
20221116,09:56:22,18419.15,200,12068850
20221116,09:56:23,18418.20,100,12068850
20221116,09:56:23,18419.90,50,12068850
20221116,09:56:24,18420.00,400,12068850
20221116,09:56:26,18421.05,50,12068850
20221116,09:56:27,18421.50,50,12068850
20221116,09:56:28,18420.35,200,12068850
20221116,09:56:31,18421.50,200,12068850
20221116,09:56:32,18419.80,50,12068850
20221116,09:56:32,18421.30,200,12068850
20221116,09:56:33,18421.30,150,12068850
20221116,09:56:34,18421.85,400,12068850
20221116,09:56:35,18422.00,50,12068850
20221116,09:56:36,18422.00,100,12068850
20221116,09:56:37,18422.00,50,12070500
20221116,09:56:38,18421.20,100,12070500
20221116,09:56:40,18422.60,100,12070500
20221116,09:56:41,18422.40,100,12070500
20221116,09:56:42,18422.60,50,12070500
20221116,09:56:43,18423.00,150,12070500
20221116,09:56:44,18423.10,200,12070500
20221116,09:56:45,18424.10,400,12070500
20221116,09:56:47,18424.55,100,12070500
20221116,09:56:49,18423.10,450,12070500
20221116,09:56:50,18424.75,350,12070500
20221116,09:56:51,18424.55,250,12070500
20221116,09:56:52,18423.10,450,12070500
20221116,09:56:54,18424.75,300,12070500
20221116,09:56:55,18424.95,400,12070500
20221116,09:56:56,18424.65,50,12070500
20221116,09:56:57,18423.60,150,12070500
20221116,09:56:58,18424.00,50,12070500
20221116,09:57:00,18424.00,250,12070500
20221116,09:57:01,18423.00,300,12070500
20221116,09:57:02,18423.95,100,12070500
20221116,09:57:03,18423.85,100,12070500
20221116,09:57:04,18422.75,400,12070500
20221116,09:57:05,18422.00,150,12070500
20221116,09:57:07,18423.00,50,12070500
20221116,09:57:08,18422.20,250,12070500
20221116,09:57:09,18422.70,100,12070500
20221116,09:57:10,18422.00,100,12070500
20221116,09:57:13,18422.35,950,12070500
20221116,09:57:14,18421.55,1650,12070500
20221116,09:57:15,18421.20,50,12070500
20221116,09:57:17,18422.25,100,12070500
20221116,09:57:18,18421.25,350,12070500
20221116,09:57:19,18422.20,50,12070500
20221116,09:57:22,18422.70,50,12070500
20221116,09:57:23,18421.50,850,12070500
20221116,09:57:24,18421.50,1800,12070500
20221116,09:57:25,18423.30,50,12070500
20221116,09:57:26,18422.30,150,12070500
20221116,09:57:27,18422.30,100,12070500
20221116,09:57:28,18422.55,150,12070500
20221116,09:57:29,18421.15,300,12070500
20221116,09:57:30,18421.20,100,12070500
20221116,09:57:31,18422.25,200,12070500
20221116,09:57:32,18422.70,150,12070500
20221116,09:57:33,18422.90,350,12070500
20221116,09:57:34,18423.00,100,12070500
20221116,09:57:35,18423.05,300,12070500
20221116,09:57:37,18422.35,250,12070500
20221116,09:57:38,18422.75,150,12070500
20221116,09:57:39,18422.60,900,12070500
20221116,09:57:40,18422.60,150,12070500
20221116,09:57:40,18422.45,100,12070500
20221116,09:57:42,18422.85,1950,12070500
20221116,09:57:43,18422.70,450,12070500
20221116,09:57:45,18421.05,50,12070500
20221116,09:57:46,18421.00,250,12070500
20221116,09:57:47,18421.30,50,12070500
20221116,09:57:49,18420.80,550,12070500
20221116,09:57:50,18421.30,400,12070500
20221116,09:57:54,18419.95,250,12070500
20221116,09:57:57,18420.20,50,12070500
20221116,09:57:58,18420.65,200,12070500
20221116,09:57:59,18421.25,300,12070500
20221116,09:58:00,18420.60,50,12070500
20221116,09:58:03,18421.25,850,12070500
20221116,09:58:04,18421.95,100,12070500
20221116,09:58:05,18422.60,200,12070500
20221116,09:58:06,18422.00,300,12070500
20221116,09:58:07,18423.00,250,12070500
20221116,09:58:07,18421.65,100,12070500
20221116,09:58:09,18422.80,50,12070500
20221116,09:58:10,18421.55,200,12070500
20221116,09:58:11,18421.70,50,12070500
20221116,09:58:12,18421.15,250,12070500
20221116,09:58:13,18421.30,150,12070500
20221116,09:58:15,18422.15,100,12070500
20221116,09:58:16,18421.70,300,12070500
20221116,09:58:17,18420.00,100,12070500
20221116,09:58:18,18420.80,1250,12070500
20221116,09:58:21,18421.30,50,12070500
20221116,09:58:23,18419.75,50,12070500
20221116,09:58:29,18422.00,100,12070500
20221116,09:58:31,18422.20,250,12070500
20221116,09:58:32,18421.35,100,12070500
20221116,09:58:36,18422.00,100,12070500
20221116,09:58:37,18423.00,100,12070500
20221116,09:58:38,18422.10,400,12070500
20221116,09:58:39,18422.50,100,12070500
20221116,09:58:41,18422.50,50,12070500
20221116,09:58:44,18423.60,100,12070500
20221116,09:58:45,18423.30,50,12070500
20221116,09:58:46,18422.00,200,12070500
20221116,09:58:46,18421.10,150,12070500
20221116,09:58:47,18420.95,150,12070500
20221116,09:58:50,18420.20,400,12070500
20221116,09:58:52,18420.00,250,12070500
20221116,09:58:53,18420.45,250,12070500
20221116,09:58:54,18422.40,650,12070500
20221116,09:58:55,18423.40,2700,12070500
20221116,09:58:56,18423.15,550,12070500
20221116,09:58:58,18422.05,500,12070500
20221116,09:58:59,18422.30,50,12070500
20221116,09:59:00,18424.00,100,12070500
20221116,09:59:01,18424.00,50,12070500
20221116,09:59:02,18423.85,50,12070500
20221116,09:59:03,18422.00,50,12070500
20221116,09:59:05,18421.05,300,12070500
20221116,09:59:08,18422.35,50,12070500
20221116,09:59:09,18422.45,150,12070500
20221116,09:59:11,18420.00,450,12070500
20221116,09:59:12,18421.80,150,12070500
20221116,09:59:13,18421.80,150,12070500
20221116,09:59:14,18421.75,200,12070500
20221116,09:59:15,18421.90,100,12070500
20221116,09:59:15,18422.00,50,12070500
20221116,09:59:17,18421.00,650,12070500
20221116,09:59:18,18421.30,150,12070500
20221116,09:59:19,18421.05,200,12070500
20221116,09:59:22,18422.15,1100,12070500
20221116,09:59:23,18422.25,650,12070500
20221116,09:59:24,18422.00,50,12070500
20221116,09:59:26,18421.95,100,12070500
20221116,09:59:27,18421.85,300,12070500
20221116,09:59:30,18421.05,200,12070500
20221116,09:59:31,18421.05,200,12070500
20221116,09:59:32,18420.25,100,12070500
20221116,09:59:34,18422.05,250,12070500
20221116,09:59:37,18419.20,650,12070500
20221116,09:59:38,18418.80,1100,12070500
20221116,09:59:39,18418.30,50,12081450
20221116,09:59:41,18418.00,200,12081450
20221116,09:59:42,18419.20,100,12081450
20221116,09:59:44,18418.30,100,12081450
20221116,09:59:45,18417.75,150,12081450
20221116,09:59:46,18419.25,50,12081450
20221116,09:59:47,18418.20,50,12081450
20221116,09:59:48,18420.10,250,12081450
20221116,09:59:52,18418.20,100,12081450
20221116,09:59:53,18418.25,100,12081450
20221116,09:59:54,18420.00,100,12081450
20221116,09:59:57,18420.10,50,12081450
20221116,09:59:58,18419.90,100,12081450
20221116,09:59:59,18419.70,50,12081450
20221116,10:00:02,18421.70,2600,12081450
20221116,10:00:03,18421.55,2700,12081450
20221116,10:00:04,18421.65,200,12081450
20221116,10:00:05,18419.30,50,12081450
20221116,10:00:06,18419.40,150,12081450
20221116,10:00:08,18419.10,350,12081450
20221116,10:00:09,18420.00,50,12081450
20221116,10:00:14,18418.85,150,12081450
20221116,10:00:15,18418.85,50,12081450
20221116,10:00:16,18418.10,1050,12081450
20221116,10:00:17,18420.00,200,12081450
20221116,10:00:20,18420.00,50,12081450
20221116,10:00:21,18418.85,650,12081450
20221116,10:00:22,18417.50,700,12081450
20221116,10:00:24,18418.00,50,12081450
20221116,10:00:25,18416.10,150,12081450
20221116,10:00:26,18418.20,50,12081450
20221116,10:00:27,18417.95,50,12081450
20221116,10:00:30,18416.10,350,12081450
20221116,10:00:31,18415.65,100,12081450
20221116,10:00:34,18416.40,100,12081450
20221116,10:00:39,18416.70,200,12081450
20221116,10:00:43,18418.00,150,12081450
20221116,10:00:45,18418.40,50,12081450
20221116,10:00:47,18420.00,150,12081450
20221116,10:00:48,18418.85,200,12081450
20221116,10:00:49,18419.20,600,12081450
20221116,10:00:50,18417.80,14000,12081450
20221116,10:00:51,18418.05,1550,12081450
20221116,10:00:53,18420.00,50,12081450
20221116,10:00:54,18419.35,100,12081450
20221116,10:00:56,18419.40,200,12081450
20221116,10:00:57,18421.00,250,12081450
20221116,10:00:59,18422.00,50,12081450
20221116,10:01:00,18423.00,750,12081450
20221116,10:01:01,18421.40,100,12081450
20221116,10:01:02,18421.85,150,12081450
20221116,10:01:03,18423.10,100,12081450
20221116,10:01:05,18422.35,50,12081450
20221116,10:01:06,18423.85,50,12081450
20221116,10:01:07,18423.85,50,12081450
20221116,10:01:08,18426.00,4700,12081450
20221116,10:01:09,18425.95,250,12081450
20221116,10:01:10,18427.90,400,12081450
20221116,10:01:11,18427.90,250,12081450
20221116,10:01:13,18427.90,100,12081450
20221116,10:01:14,18428.00,150,12081450
20221116,10:01:15,18426.80,150,12081450
20221116,10:01:16,18427.65,450,12081450
20221116,10:01:17,18428.65,250,12081450
20221116,10:01:18,18428.45,100,12081450
20221116,10:01:19,18425.85,150,12081450
20221116,10:01:20,18425.70,100,12081450
20221116,10:01:22,18426.15,100,12081450
20221116,10:01:23,18427.70,150,12081450
20221116,10:01:24,18427.30,150,12081450
20221116,10:01:25,18428.40,250,12081450
20221116,10:01:26,18428.45,50,12081450
20221116,10:01:27,18426.30,250,12081450
20221116,10:01:28,18426.20,100,12081450
20221116,10:01:29,18425.95,100,12081450
20221116,10:01:30,18426.95,300,12081450
20221116,10:01:32,18427.40,100,12081450
20221116,10:01:33,18427.60,50,12081450
20221116,10:01:34,18427.65,50,12081450
20221116,10:01:35,18427.60,200,12081450
20221116,10:01:36,18425.85,100,12081450
20221116,10:01:37,18428.00,1950,12081450
20221116,10:01:39,18426.05,550,12081450
20221116,10:01:40,18426.00,100,12081450
20221116,10:01:41,18427.40,200,12081450
20221116,10:01:42,18427.65,300,12081450
20221116,10:01:43,18427.20,100,12081450
20221116,10:01:44,18426.00,450,12081450
20221116,10:01:45,18425.00,1300,12081450
20221116,10:01:46,18425.30,50,12081450
20221116,10:01:47,18426.00,150,12081450
20221116,10:01:49,18425.05,150,12081450
20221116,10:01:51,18425.05,50,12081450
20221116,10:01:51,18425.05,100,12081450
20221116,10:01:52,18426.05,100,12081450
20221116,10:01:53,18426.05,50,12081450
20221116,10:01:54,18425.10,200,12081450
20221116,10:01:56,18426.00,300,12081450
20221116,10:01:57,18425.10,50,12081450
20221116,10:01:58,18425.25,250,12081450
20221116,10:01:59,18425.70,650,12081450
20221116,10:02:01,18425.90,1250,12081450
20221116,10:02:02,18425.40,100,12081450
20221116,10:02:03,18423.25,350,12081450
20221116,10:02:04,18422.10,200,12081450
20221116,10:02:05,18421.75,250,12081450
20221116,10:02:07,18424.20,100,12081450
20221116,10:02:08,18421.95,400,12081450
20221116,10:02:09,18422.00,250,12081450
20221116,10:02:10,18424.05,200,12081450
20221116,10:02:12,18421.05,450,12081450
20221116,10:02:13,18422.15,50,12081450
20221116,10:02:15,18420.95,200,12081450
20221116,10:02:21,18423.60,250,12081450
20221116,10:02:23,18422.00,150,12081450
20221116,10:02:24,18422.00,100,12081450
20221116,10:02:25,18422.00,50,12081450
20221116,10:02:26,18423.25,200,12081450
20221116,10:02:29,18423.80,2250,12081450
20221116,10:02:30,18423.65,1350,12081450
20221116,10:02:32,18422.15,50,12081450
20221116,10:02:33,18423.10,100,12081450
20221116,10:02:35,18422.00,50,12081450
20221116,10:02:35,18421.80,50,12081450
20221116,10:02:36,18422.45,550,12081450
20221116,10:02:37,18418.05,1800,12081450
20221116,10:02:38,18417.55,450,12081450
20221116,10:02:40,18419.50,300,12084100
20221116,10:02:43,18420.00,1500,12084100
20221116,10:02:44,18419.05,300,12084100
20221116,10:02:45,18418.95,350,12084100
20221116,10:02:46,18417.55,100,12084100
20221116,10:02:47,18418.10,350,12084100
20221116,10:02:50,18419.50,50,12084100
20221116,10:02:51,18420.25,2000,12084100
20221116,10:02:52,18419.70,600,12084100
20221116,10:02:53,18418.40,100,12084100
20221116,10:02:55,18418.40,150,12084100
20221116,10:02:57,18420.75,150,12084100
20221116,10:02:59,18419.35,50,12084100
20221116,10:03:02,18419.80,150,12084100
20221116,10:03:05,18419.65,250,12084100
20221116,10:03:07,18419.20,100,12084100
20221116,10:03:07,18417.55,100,12084100
20221116,10:03:10,18417.00,700,12084100
20221116,10:03:12,18417.00,100,12084100
20221116,10:03:13,18418.75,100,12084100
20221116,10:03:16,18417.20,300,12084100
20221116,10:03:18,18417.20,500,12084100
20221116,10:03:20,18417.35,1150,12084100
20221116,10:03:21,18418.00,1450,12084100
20221116,10:03:22,18418.00,100,12084100
20221116,10:03:24,18418.75,450,12084100
20221116,10:03:26,18418.10,1000,12084100
20221116,10:03:30,18420.00,100,12084100
20221116,10:03:32,18419.35,50,12084100
20221116,10:03:33,18418.75,1050,12084100
20221116,10:03:34,18420.00,50,12084100
20221116,10:03:38,18419.20,200,12084100
20221116,10:03:39,18419.15,150,12084100
20221116,10:03:40,18418.30,1500,12084100
20221116,10:03:41,18419.20,550,12084100
20221116,10:03:43,18419.75,550,12084100
20221116,10:03:44,18419.75,150,12084100
20221116,10:03:46,18418.75,50,12084100
20221116,10:03:49,18419.55,50,12084100
20221116,10:03:49,18419.55,1350,12084100
20221116,10:03:50,18418.00,100,12084100
20221116,10:03:51,18418.75,50,12084100
20221116,10:03:52,18418.75,1400,12084100
20221116,10:03:54,18418.90,200,12084100
20221116,10:03:54,18418.35,50,12084100
20221116,10:03:55,18418.90,50,12084100
20221116,10:03:56,18418.85,50,12084100
20221116,10:03:57,18418.15,200,12084100
20221116,10:03:58,18418.00,600,12084100
20221116,10:04:01,18418.00,100,12084100
20221116,10:04:02,18418.00,100,12084100
20221116,10:04:03,18417.65,50,12084100
20221116,10:04:05,18418.00,800,12084100
20221116,10:04:06,18418.30,250,12084100
20221116,10:04:08,18417.80,300,12084100
20221116,10:04:09,18418.00,100,12084100
20221116,10:04:11,18418.85,100,12084100
20221116,10:04:12,18418.85,100,12084100
20221116,10:04:13,18418.00,350,12084100
20221116,10:04:14,18418.85,1850,12084100
20221116,10:04:16,18418.40,250,12084100
20221116,10:04:17,18419.95,500,12084100
20221116,10:04:18,18419.85,500,12084100
20221116,10:04:19,18420.65,400,12084100
20221116,10:04:20,18423.00,400,12084100
20221116,10:04:22,18422.05,150,12084100
20221116,10:04:23,18423.10,100,12084100
20221116,10:04:24,18423.80,1300,12084100
20221116,10:04:25,18421.10,400,12084100
20221116,10:04:28,18421.00,750,12084100
20221116,10:04:29,18421.65,200,12084100
20221116,10:04:30,18420.90,150,12084100
