20221122,09:15:36,42835.75,1,120800
20221122,09:15:36,42835.75,100,120800
20221122,09:15:38,42835.75,50,120800
20221122,09:15:41,42832.05,25,120800
20221122,09:15:43,42832.05,125,120800
20221122,09:15:55,42836.40,25,120800
20221122,09:16:02,42832.05,100,120800
20221122,09:16:14,42830.00,25,120800
20221122,09:16:19,42830.00,25,120800
20221122,09:16:20,42831.10,25,120800
20221122,09:16:30,42835.25,25,120800
20221122,09:16:38,42836.40,25,120800
20221122,09:16:50,42842.60,75,120800
20221122,09:17:29,42822.65,25,120950
20221122,09:17:34,42822.65,25,120950
20221122,09:17:41,42826.95,25,120950
20221122,09:17:54,42821.95,25,120950
20221122,09:18:06,42820.80,150,120950
20221122,09:18:22,42820.80,25,120950
20221122,09:18:33,42830.00,50,120950
20221122,09:18:36,42834.30,125,120950
20221122,09:18:50,42840.00,25,120950
20221122,09:19:00,42830.45,100,120950
20221122,09:19:01,42833.60,150,120950
20221122,09:19:08,42835.00,25,120950
20221122,09:19:09,42840.30,25,120950
20221122,09:19:15,42839.70,25,120950
20221122,09:19:23,42839.70,25,120950
20221122,09:19:38,42831.75,25,120950
20221122,09:19:59,42845.85,75,120950
20221122,09:20:00,42845.85,25,120950
20221122,09:20:05,42844.50,125,120950
20221122,09:20:07,42835.15,25,120950
20221122,09:20:15,42830.00,50,120950
20221122,09:20:17,42846.20,25,120950
20221122,09:20:42,42846.20,50,121750
20221122,09:20:53,42821.40,100,121750
20221122,09:21:14,42815.00,50,121750
20221122,09:21:19,42815.00,25,121750
20221122,09:21:22,42810.25,50,121750
20221122,09:21:32,42810.25,25,121750
20221122,09:21:33,42815.00,25,121750
20221122,09:21:36,42821.00,75,121750
20221122,09:21:46,42820.40,50,121750
20221122,09:21:54,42808.05,25,121750
20221122,09:21:59,42808.05,25,121750
20221122,09:22:05,42808.00,25,121750
20221122,09:22:12,42808.00,75,121750
20221122,09:23:10,42807.00,25,121750
20221122,09:23:11,42807.00,50,121750
20221122,09:23:37,42812.80,125,122075
20221122,09:24:21,42805.95,25,122075
20221122,09:24:30,42805.95,50,122075
20221122,09:25:48,42800.00,25,122075
20221122,09:26:12,42800.00,25,122075
20221122,09:26:24,42800.00,25,122075
20221122,09:26:30,42800.00,25,122225
20221122,09:26:50,42800.00,25,122225
20221122,09:27:11,42799.00,25,122225
20221122,09:28:16,42799.00,25,122225
20221122,09:28:29,42805.00,25,122225
20221122,09:28:39,42810.00,25,122225
20221122,09:28:49,42815.00,25,122225
20221122,09:29:08,42825.80,50,122225
20221122,09:29:17,42826.00,50,122225
20221122,09:29:19,42825.80,250,122225
20221122,09:29:27,42817.20,25,122225
20221122,09:29:51,42825.20,100,122475
20221122,09:29:56,42815.00,600,122475
20221122,09:30:41,42829.00,25,122475
20221122,09:30:46,42829.95,50,122475
20221122,09:30:57,42830.00,25,122475
20221122,09:31:01,42830.00,50,122475
20221122,09:31:12,42830.00,50,122475
20221122,09:31:37,42829.95,25,122475
20221122,09:31:42,42832.00,25,122475
20221122,09:31:46,42832.00,25,122475
20221122,09:32:01,42831.85,200,122475
20221122,09:32:48,42834.40,200,122550
20221122,09:32:55,42822.45,25,122550
20221122,09:33:45,42831.00,25,122550
20221122,09:34:05,42839.95,75,122550
20221122,09:34:19,42840.00,25,122550
20221122,09:34:46,42840.00,75,122550
20221122,09:34:59,42841.80,25,122550
20221122,09:35:17,42843.70,25,122550
20221122,09:35:43,42850.00,25,122850
20221122,09:35:44,42850.00,25,122850
20221122,09:36:17,42845.40,25,122850
20221122,09:37:53,42850.00,25,122850
20221122,09:37:55,42850.00,50,122850
20221122,09:37:56,42850.00,125,122850
20221122,09:37:58,42850.65,25,122850
20221122,09:38:18,42851.95,25,122850
20221122,09:38:35,42851.95,25,123100
20221122,09:38:41,42850.20,25,123100
20221122,09:40:05,42845.95,25,123100
20221122,09:40:51,42845.95,25,123100
20221122,09:40:59,42850.20,25,123100
20221122,09:44:22,42844.65,25,123100
20221122,09:45:21,42846.70,25,123175
20221122,09:45:36,42840.95,25,123175
20221122,09:45:57,42839.20,25,123175
20221122,09:46:20,42847.00,25,123175
20221122,09:48:09,42830.20,25,123175
20221122,09:48:17,42830.70,50,123175
20221122,09:48:28,42828.15,50,123175
20221122,09:48:46,42831.00,25,123175
20221122,09:49:13,42831.00,25,123175
20221122,09:49:15,42835.50,25,123175
20221122,09:49:32,42830.65,50,123175
20221122,09:50:02,42833.95,25,123175
20221122,09:50:05,42833.95,50,123175
20221122,09:52:06,42840.00,75,123250
20221122,09:52:20,42835.00,25,123250
20221122,09:53:13,42824.95,25,123250
20221122,09:53:23,42830.00,25,123250
20221122,09:54:25,42829.55,25,123300
20221122,09:54:52,42825.80,25,123300
20221122,09:56:41,42829.90,25,123300
20221122,09:56:42,42829.35,50,123350
20221122,09:57:00,42829.95,25,123350
20221122,09:57:05,42824.55,25,123350
20221122,09:57:10,42830.00,25,123350
20221122,09:57:13,42830.00,50,123350
20221122,09:57:17,42836.50,50,123350
20221122,09:57:20,42839.95,25,123350
20221122,09:57:23,42839.40,25,123350
20221122,09:57:26,42839.95,50,123350
20221122,09:57:31,42839.95,25,123350
20221122,09:58:05,42833.00,25,123350
20221122,09:58:20,42838.65,25,123350
20221122,09:58:39,42830.00,25,123350
20221122,10:00:46,42826.80,25,123425
20221122,10:01:00,42836.25,25,123425
20221122,10:01:22,42830.75,25,123425
20221122,10:01:30,42833.95,25,123425
20221122,10:01:32,42840.00,50,123425
20221122,10:01:41,42845.65,25,123425
20221122,10:01:59,42839.20,25,123425
20221122,10:02:01,42830.40,100,123425
20221122,10:02:05,42833.60,25,123425
20221122,10:02:34,42840.90,50,123425
20221122,10:02:50,42830.60,25,123500
20221122,10:03:05,42829.95,25,123500
20221122,10:04:04,42820.70,50,123500
20221122,10:04:06,42831.40,25,123500
20221122,10:04:20,42819.20,25,123500
20221122,10:04:33,42820.70,25,123500
20221122,10:05:11,42821.75,25,123500
20221122,10:05:31,42821.90,25,123500
20221122,10:06:06,42827.80,25,123625
20221122,10:07:06,42826.00,25,123625
20221122,10:07:50,42822.20,25,123625
20221122,10:07:51,42826.00,25,123625
20221122,10:08:34,42819.00,50,123625
20221122,10:08:48,42823.70,25,123650
20221122,10:08:51,42824.20,25,123650
20221122,10:08:53,42825.80,25,123650
20221122,10:09:07,42823.00,25,123650
20221122,10:09:21,42823.95,25,123650
20221122,10:09:33,42817.00,25,123650
20221122,10:10:00,42819.65,25,123650
20221122,10:10:53,42819.65,75,123650
20221122,10:11:19,42815.00,75,123650
20221122,10:11:37,42815.00,25,123650
20221122,10:11:43,42819.70,25,123725
20221122,10:11:46,42813.95,25,123725
20221122,10:12:19,42817.10,25,123725
20221122,10:12:21,42816.70,25,123725
20221122,10:12:36,42820.00,25,123725
20221122,10:12:37,42820.20,50,123725
20221122,10:13:34,42825.20,25,123725
20221122,10:14:35,42824.15,25,123725
20221122,10:16:41,42825.00,25,123775
20221122,10:17:30,42834.50,100,123775
20221122,10:17:39,42824.05,50,123775
20221122,10:18:23,42826.95,25,123800
20221122,10:19:05,42830.00,25,123800
20221122,10:19:42,42826.25,25,123800
20221122,10:20:39,42827.25,25,123800
20221122,10:21:24,42826.00,25,123850
20221122,10:21:27,42836.50,25,123850
20221122,10:22:52,42836.00,50,123850
20221122,10:22:53,42836.00,50,123850
20221122,10:24:24,42836.00,25,123825
20221122,10:24:25,42836.00,25,123825
20221122,10:24:28,42835.95,25,123825
20221122,10:24:34,42835.95,25,123825
20221122,10:24:42,42835.95,25,123825
20221122,10:25:07,42827.00,25,123825
20221122,10:25:37,42824.45,100,123825
20221122,10:26:01,42823.65,25,123825
20221122,10:26:35,42836.70,25,123825
20221122,10:26:49,42827.05,25,123950
20221122,10:27:30,42832.15,50,123950
20221122,10:30:01,42823.65,25,124025
20221122,10:33:09,42823.65,25,124025
20221122,10:33:49,42820.00,25,124025
20221122,10:34:02,42820.00,25,124025
20221122,10:34:11,42820.00,25,124025
20221122,10:34:22,42820.10,50,124025
20221122,10:35:12,42820.00,25,124025
20221122,10:37:08,42821.85,25,124025
20221122,10:38:18,42829.60,175,124125
20221122,10:38:20,42829.60,75,124125
20221122,10:38:33,42829.25,450,124125
20221122,10:38:34,42825.00,25,124125
20221122,10:39:26,42825.00,25,124700
20221122,10:40:52,42820.05,50,124700
20221122,10:41:48,42820.05,25,124725
20221122,10:42:23,42823.25,25,124725
20221122,10:42:50,42827.00,75,124725
20221122,10:42:51,42827.00,25,124725
20221122,10:42:53,42827.00,25,124725
20221122,10:42:56,42827.00,25,124725
20221122,10:42:57,42827.00,50,124725
20221122,10:43:03,42827.60,25,124725
20221122,10:43:33,42833.00,50,124725
20221122,10:46:27,42833.00,25,124750
20221122,10:53:33,42825.35,25,124775
20221122,10:53:59,42823.25,25,124800
20221122,10:54:57,42823.20,25,124800
20221122,10:57:49,42822.60,25,124850
20221122,10:58:14,42823.20,25,124850
20221122,11:00:54,42823.30,25,124875
20221122,11:00:58,42823.20,50,124875
20221122,11:01:50,42822.75,25,124875
20221122,11:01:54,42820.00,50,124875
20221122,11:01:57,42820.00,25,124875
20221122,11:02:05,42820.00,225,124875
20221122,11:02:06,42811.60,25,124875
20221122,11:02:20,42810.25,25,124875
20221122,11:02:25,42822.05,25,124875
20221122,11:03:06,42812.00,50,124975
20221122,11:03:15,42812.40,50,124975
20221122,11:03:23,42812.05,25,124975
20221122,11:03:34,42812.40,25,124975
20221122,11:03:43,42811.60,25,124975
20221122,11:04:05,42811.50,25,124975
20221122,11:04:09,42810.00,25,124975
20221122,11:04:11,42810.00,50,124975
20221122,11:04:17,42811.80,25,124975
20221122,11:04:54,42810.10,25,124975
20221122,11:05:03,42814.80,75,124975
20221122,11:05:06,42812.15,25,124975
20221122,11:05:21,42810.05,25,124975
20221122,11:06:04,42810.00,25,125150
20221122,11:07:11,42810.00,25,125150
20221122,11:07:29,42810.40,25,125150
20221122,11:07:31,42810.40,25,125150
20221122,11:07:45,42810.40,25,125150
20221122,11:08:07,42810.40,25,125150
20221122,11:09:49,42810.40,50,125275
20221122,11:10:12,42810.40,25,125275
20221122,11:10:47,42810.40,50,125275
20221122,11:11:01,42810.40,100,125275
20221122,11:11:12,42810.40,25,125275
20221122,11:11:24,42810.40,25,125275
20221122,11:11:36,42810.40,100,125275
20221122,11:12:56,42810.40,25,125550
20221122,11:13:23,42812.00,25,125550
20221122,11:14:51,42823.95,150,125550
20221122,11:14:58,42825.40,100,125625
20221122,11:15:00,42823.25,100,125625
20221122,11:15:10,42823.25,25,125625
20221122,11:15:15,42824.20,25,125625
20221122,11:15:16,42824.75,50,125625
20221122,11:15:25,42826.15,50,125625
20221122,11:15:29,42825.10,25,125625
20221122,11:15:31,42826.05,25,125625
20221122,11:16:38,42821.30,25,125625
20221122,11:16:58,42821.00,50,125625
20221122,11:17:20,42825.90,25,125625
20221122,11:17:34,42823.85,25,125625
20221122,11:18:24,42820.00,500,126125
20221122,11:18:37,42820.90,25,126125
20221122,11:18:53,42817.55,75,126125
20221122,11:18:59,42816.70,75,126125
20221122,11:19:33,42822.00,75,126125
20221122,11:20:12,42816.25,350,126125
20221122,11:20:37,42816.30,25,126125
20221122,11:20:49,42815.10,100,126125
20221122,11:20:58,42815.80,300,127075
20221122,11:21:05,42821.25,100,127075
20221122,11:21:14,42821.25,25,127075
20221122,11:21:25,42822.55,25,127075
20221122,11:21:26,42827.00,25,127075
20221122,11:23:01,42820.15,25,127075
20221122,11:23:47,42818.00,25,127075
20221122,11:24:12,42815.10,25,127550
20221122,11:24:21,42816.80,25,127550
20221122,11:24:52,42818.00,25,127550
20221122,11:25:55,42812.00,100,127550
20221122,11:26:25,42819.80,25,127550
20221122,11:26:29,42820.70,50,127550
20221122,11:27:01,42819.85,25,127675
20221122,11:27:03,42820.75,50,127675
20221122,11:27:41,42827.15,25,127675
20221122,11:27:43,42827.15,25,127675
20221122,11:27:56,42825.60,25,127675
20221122,11:28:01,42825.25,75,127675
20221122,11:28:11,42827.15,25,127675
20221122,11:29:04,42825.75,25,127675
20221122,11:29:06,42826.15,25,127675
20221122,11:29:29,42826.15,150,127675
20221122,11:29:30,42824.80,50,127675
20221122,11:29:40,42824.95,25,127675
20221122,11:29:53,42820.80,25,127675
20221122,11:30:28,42820.80,75,127800
20221122,11:30:47,42825.15,25,127800
20221122,11:30:50,42824.10,25,127800
20221122,11:30:56,42825.15,50,127800
20221122,11:30:59,42825.15,300,127800
20221122,11:31:08,42828.00,25,127800
20221122,11:31:24,42830.60,25,127800
20221122,11:31:34,42830.80,25,127800
20221122,11:32:17,42826.15,25,127800
20221122,11:32:54,42830.85,50,127800
20221122,11:33:04,42827.25,75,127950
20221122,11:33:39,42822.95,150,127950
20221122,11:35:03,42827.00,25,127950
20221122,11:35:04,42827.25,25,127950
20221122,11:36:33,42830.55,25,128225
20221122,11:38:16,42834.35,75,128225
20221122,11:38:19,42836.35,25,128225
20221122,11:38:25,42837.20,25,128225
20221122,11:38:27,42836.55,50,128225
20221122,11:38:35,42845.70,100,128225
20221122,11:38:37,42846.00,175,128225
20221122,11:38:38,42844.45,175,128225
20221122,11:38:49,42844.35,50,128225
20221122,11:38:56,42844.40,25,128225
20221122,11:38:57,42843.65,25,128875
20221122,11:39:04,42844.40,25,128875
20221122,11:39:10,42845.70,25,128875
20221122,11:39:11,42846.75,25,128875
20221122,11:39:14,42847.00,25,128875
20221122,11:39:16,42847.45,25,128875
20221122,11:39:22,42845.45,75,128875
20221122,11:39:23,42847.10,25,128875
20221122,11:39:30,42847.15,100,128875
20221122,11:39:44,42847.40,25,128875
20221122,11:39:54,42847.40,125,128875
20221122,11:40:00,42845.60,25,128875
20221122,11:40:09,42845.00,25,128875
20221122,11:40:16,42846.30,50,128875
20221122,11:40:17,42846.95,150,128875
20221122,11:40:30,42846.85,25,128875
20221122,11:40:32,42846.75,50,128875
20221122,11:40:35,42847.00,50,128875
20221122,11:40:41,42846.75,25,128875
20221122,11:40:45,42847.00,25,128875
20221122,11:40:47,42847.00,25,128875
20221122,11:40:49,42846.95,25,128875
20221122,11:40:56,42846.50,125,128875
20221122,11:40:58,42846.80,75,128875
20221122,11:40:59,42846.25,50,128875
20221122,11:41:01,42846.40,50,128875
20221122,11:41:15,42846.00,50,128875
20221122,11:41:16,42845.00,75,128875
20221122,11:41:26,42844.85,25,128875
20221122,11:41:30,42844.40,25,128875
20221122,11:41:45,42842.00,50,128875
20221122,11:42:00,42845.00,25,130025
20221122,11:42:02,42847.00,25,130025
20221122,11:42:12,42845.65,75,130025
20221122,11:42:13,42845.25,25,130025
20221122,11:42:30,42844.00,50,130025
20221122,11:42:38,42846.30,25,130025
20221122,11:42:54,42841.40,25,130025
20221122,11:43:07,42842.80,100,130025
20221122,11:43:12,42843.00,50,130025
20221122,11:43:32,42845.25,25,130025
20221122,11:43:34,42845.90,25,130025
20221122,11:43:38,42846.25,25,130025
20221122,11:44:52,42847.00,25,130025
20221122,11:44:58,42845.15,25,130375
20221122,11:45:13,42844.75,25,130375
20221122,11:47:38,42834.15,25,130375
20221122,11:47:41,42832.40,25,130375
20221122,11:47:51,42837.10,50,130375
20221122,11:47:52,42836.95,25,130375
20221122,11:48:31,42838.20,25,130550
20221122,11:48:32,42839.45,50,130550
20221122,11:48:39,42839.95,100,130550
20221122,11:48:40,42839.95,25,130550
20221122,11:48:45,42839.60,25,130550
20221122,11:48:54,42835.45,25,130550
20221122,11:48:59,42835.45,25,130550
20221122,11:49:10,42833.55,25,130550
20221122,11:49:11,42841.95,50,130550
20221122,11:49:19,42838.00,25,130550
20221122,11:49:21,42838.25,25,130550
20221122,11:49:43,42838.60,25,130550
20221122,11:50:07,42841.05,25,130550
20221122,11:50:36,42843.85,25,130550
20221122,11:50:58,42840.35,25,130550
20221122,11:51:09,42844.40,25,130550
20221122,11:51:16,42844.60,25,131025
20221122,11:51:23,42845.10,25,131025
20221122,11:51:45,42845.10,25,131025
20221122,11:52:10,42842.80,25,131025
20221122,11:52:27,42842.45,25,131025
20221122,11:52:39,42844.20,25,131025
20221122,11:52:43,42841.00,25,131025
20221122,11:53:55,42845.45,75,131025
20221122,11:54:04,42845.00,25,131300
20221122,11:54:21,42845.20,25,131300
20221122,11:54:36,42846.00,25,131300
20221122,11:55:32,42844.75,75,131300
20221122,11:57:07,42833.15,25,131450
20221122,11:59:04,42846.15,25,131450
20221122,11:59:19,42847.00,25,131450
20221122,11:59:22,42846.95,25,131450
20221122,11:59:39,42850.00,75,131450
20221122,11:59:41,42852.00,25,131450
20221122,11:59:49,42853.05,25,131450
20221122,11:59:50,42853.05,75,131450
20221122,12:00:03,42850.00,25,131600
20221122,12:01:39,42844.70,25,131600
20221122,12:01:41,42843.50,50,131600
20221122,12:01:50,42844.65,25,131600
20221122,12:02:46,42849.95,50,131600
20221122,12:02:52,42853.65,25,131600
20221122,12:04:21,42853.65,25,131750
20221122,12:04:31,42849.00,25,131750
20221122,12:06:04,42837.20,25,131775
20221122,12:06:47,42843.30,25,131775
20221122,12:07:01,42843.95,25,131775
20221122,12:07:57,42845.35,25,131775
20221122,12:08:15,42850.40,25,131775
20221122,12:08:30,42849.95,50,131775
20221122,12:08:49,42850.00,25,131775
20221122,12:08:54,42850.00,50,131775
20221122,12:09:07,42852.00,25,132025
20221122,12:09:16,42852.00,25,132025
20221122,12:10:26,42852.00,25,132025
20221122,12:10:27,42852.00,100,132025
20221122,12:10:29,42852.00,175,132025
20221122,12:10:38,42852.00,25,132025
20221122,12:11:08,42852.00,25,132025
20221122,12:11:09,42852.00,50,132025
20221122,12:11:11,42852.00,50,132025
20221122,12:11:16,42852.00,25,132025
20221122,12:11:17,42853.65,50,132025
20221122,12:11:38,42854.85,25,132025
20221122,12:12:08,42854.85,25,132175
20221122,12:13:57,42856.80,25,132175
20221122,12:14:00,42860.00,350,132175
20221122,12:14:02,42860.00,25,132175
20221122,12:14:03,42861.05,50,132175
20221122,12:14:12,42867.15,150,132175
20221122,12:14:13,42867.15,25,132175
20221122,12:14:42,42867.00,25,132175
20221122,12:15:17,42870.00,75,132375
20221122,12:15:20,42871.50,25,132375
20221122,12:15:21,42872.15,25,132375
20221122,12:15:31,42873.00,25,132375
20221122,12:15:57,42874.75,25,132375
20221122,12:16:10,42874.75,25,132375
20221122,12:17:09,42870.00,25,132375
20221122,12:17:28,42868.95,25,132375
20221122,12:17:37,42872.00,25,132375
20221122,12:17:50,42870.00,25,132375
20221122,12:18:11,42869.95,25,132525
20221122,12:18:40,42875.00,50,132525
20221122,12:18:41,42875.00,25,132525
20221122,12:19:27,42881.00,50,132525
20221122,12:20:07,42881.00,100,132525
20221122,12:20:28,42875.50,25,132525
20221122,12:20:29,42876.95,25,132525
20221122,12:20:31,42878.40,25,132525
20221122,12:20:41,42875.30,50,132525
20221122,12:21:10,42878.90,25,132700
20221122,12:21:37,42875.00,25,132700
20221122,12:22:58,42867.40,125,132700
20221122,12:22:59,42867.40,275,132700
20221122,12:24:00,42867.00,25,132700
20221122,12:24:01,42867.00,25,132700
20221122,12:24:17,42868.90,25,133175
20221122,12:24:37,42869.55,25,133175
20221122,12:25:15,42867.25,150,133175
20221122,12:25:35,42867.45,50,133175
20221122,12:25:48,42867.80,75,133175
20221122,12:26:18,42864.45,150,133175
20221122,12:26:19,42862.50,25,133175
20221122,12:26:55,42860.00,25,133175
20221122,12:27:29,42860.00,25,133700
20221122,12:28:04,42862.40,25,133700
20221122,12:28:18,42865.30,25,133700
20221122,12:28:21,42862.00,25,133700
20221122,12:28:42,42870.00,25,133700
20221122,12:29:23,42870.90,25,133700
20221122,12:29:55,42875.00,25,133700
20221122,12:30:28,42877.50,100,133850
20221122,12:30:30,42879.20,200,133850
20221122,12:30:31,42876.25,25,133850
20221122,12:30:33,42880.00,50,133850
20221122,12:30:35,42879.65,25,133850
20221122,12:30:53,42877.50,25,133850
20221122,12:31:07,42872.35,50,133850
20221122,12:32:55,42863.35,25,133850
20221122,12:33:51,42862.00,50,134200
20221122,12:33:52,42862.00,75,134200
20221122,12:33:58,42862.00,25,134200
20221122,12:34:00,42862.00,25,134200
20221122,12:34:03,42862.00,25,134200
20221122,12:34:04,42862.00,25,134200
20221122,12:34:09,42862.00,275,134200
20221122,12:34:10,42863.00,25,134200
20221122,12:34:15,42862.00,350,134200
20221122,12:34:18,42862.00,25,134200
20221122,12:34:21,42862.00,125,134200
20221122,12:34:26,42870.80,25,134200
20221122,12:34:29,42870.60,25,134200
20221122,12:34:30,42870.60,25,134200
20221122,12:34:32,42870.95,25,134200
20221122,12:36:02,42866.05,25,134200
20221122,12:36:42,42873.00,25,134900
20221122,12:36:45,42873.00,25,134900
20221122,12:36:51,42872.85,25,134900
20221122,12:39:23,42859.95,25,134950
20221122,12:39:33,42856.15,400,134950
20221122,12:40:09,42857.40,25,134950
20221122,12:40:19,42857.40,25,134950
20221122,12:40:45,42856.45,75,134950
20221122,12:41:48,42859.95,25,134950
20221122,12:43:05,42862.00,175,134925
20221122,12:43:49,42852.30,400,134925
20221122,12:45:41,42852.30,25,135300
20221122,12:46:06,42857.00,25,135300
20221122,12:46:09,42857.00,25,135300
20221122,12:47:32,42859.95,25,135300
20221122,12:48:27,42850.00,100,135375
20221122,12:48:41,42850.00,25,135375
20221122,12:50:01,42852.50,350,135375
20221122,12:50:25,42845.05,25,135375
20221122,12:50:55,42845.05,50,135375
20221122,12:52:09,42851.95,25,135250
20221122,12:54:25,42849.95,25,135250
20221122,12:54:57,42844.05,50,135275
20221122,12:58:47,42844.30,25,135300
20221122,12:59:19,42852.40,25,135300
20221122,13:02:56,42850.00,25,135325
20221122,13:03:32,42851.65,25,135325
20221122,13:04:25,42859.95,25,135325
20221122,13:04:28,42859.95,25,135325
20221122,13:04:30,42860.00,50,135325
20221122,13:04:33,42860.00,25,135325
20221122,13:05:54,42860.00,100,135325
20221122,13:05:57,42860.00,50,135325
20221122,13:05:59,42860.00,25,135325
20221122,13:06:00,42860.00,25,135325
20221122,13:06:02,42860.00,125,135325
20221122,13:06:05,42860.00,100,135325
20221122,13:06:09,42860.00,25,135325
20221122,13:06:12,42860.00,25,135325
20221122,13:06:25,42865.00,100,135850
20221122,13:06:27,42870.00,25,135850
20221122,13:13:02,42852.80,75,135975
20221122,13:13:57,42852.80,25,135975
20221122,13:14:01,42850.30,25,135975
20221122,13:14:03,42852.80,25,135975
20221122,13:14:32,42852.80,25,135975
20221122,13:16:30,42848.80,50,135975
20221122,13:20:04,42858.20,50,136050
20221122,13:20:26,42864.00,50,136050
20221122,13:20:38,42858.30,50,136050
20221122,13:21:04,42857.60,25,136050
20221122,13:22:59,42864.95,125,136050
20221122,13:23:44,42865.00,25,136050
20221122,13:24:58,42859.35,25,136125
20221122,13:25:08,42859.50,50,136125
20221122,13:25:31,42870.00,50,136125
20221122,13:25:33,42867.30,50,136125
20221122,13:25:48,42867.00,25,136125
20221122,13:25:54,42870.00,25,136125
20221122,13:28:23,42870.00,25,136300
20221122,13:28:32,42870.00,25,136300
20221122,13:29:42,42870.00,25,136300
20221122,13:31:01,42869.95,25,136350
20221122,13:31:38,42870.00,25,136350
20221122,13:32:27,42869.00,25,136350
20221122,13:35:40,42861.50,25,136350
20221122,13:36:27,42869.00,25,136350
20221122,13:37:28,42854.40,25,136350
20221122,13:38:16,42853.90,100,136350
20221122,13:39:21,42865.30,25,136350
20221122,13:39:40,42853.20,25,136350
20221122,13:40:31,42852.00,75,136325
20221122,13:40:36,42855.00,75,136325
20221122,13:40:37,42855.00,25,136325
20221122,13:40:40,42863.55,50,136325
20221122,13:41:05,42860.00,25,136325
20221122,13:42:28,42859.95,25,136500
20221122,13:42:46,42858.70,25,136500
20221122,13:43:05,42854.40,75,136500
20221122,13:45:24,42857.75,25,136600
20221122,13:45:48,42865.00,25,136600
20221122,13:46:18,42855.65,25,136600
20221122,13:46:35,42859.95,50,136600
20221122,13:46:37,42860.00,25,136600
20221122,13:46:39,42860.00,75,136600
20221122,13:46:47,42860.00,25,136600
20221122,13:46:54,42860.00,25,136600
20221122,13:47:05,42860.00,25,136600
20221122,13:47:18,42860.00,50,136600
20221122,13:47:22,42860.00,25,136600
20221122,13:47:50,42856.00,25,136600
20221122,13:48:03,42855.65,25,136600
20221122,13:48:30,42860.00,50,136925
20221122,13:49:24,42854.50,100,136925
20221122,13:49:54,42860.00,75,136925
20221122,13:54:26,42850.00,125,136925
20221122,13:55:27,42845.00,25,136850
20221122,13:55:28,42845.00,50,136850
20221122,13:56:04,42855.55,25,136850
20221122,13:56:07,42860.00,50,136850
20221122,13:56:09,42880.00,350,136850
20221122,13:56:14,42881.00,50,136850
20221122,13:56:15,42881.00,50,136850
20221122,13:56:17,42882.00,25,136850
20221122,13:56:19,42888.30,50,136850
20221122,13:56:33,42888.30,100,136850
20221122,13:57:03,42873.65,25,136850
20221122,13:58:07,42878.10,50,136725
20221122,13:58:22,42874.00,25,136725
20221122,13:59:02,42873.65,25,136725
20221122,13:59:43,42880.00,25,136725
20221122,14:00:12,42870.40,50,136725
20221122,14:00:17,42868.45,500,136725
20221122,14:00:26,42882.20,50,136725
20221122,14:01:00,42877.10,25,137175
20221122,14:01:16,42865.75,25,137175
20221122,14:01:29,42866.25,25,137175
20221122,14:01:56,42875.30,75,137175
20221122,14:02:13,42876.90,25,137175
20221122,14:03:00,42871.00,25,137175
20221122,14:05:16,42867.00,25,137200
20221122,14:05:22,42867.00,25,137200
20221122,14:07:28,42870.00,25,137250
20221122,14:08:21,42865.00,50,137250
20221122,14:08:56,42861.30,25,137250
20221122,14:10:13,42865.00,25,137350
20221122,14:11:01,42869.85,25,137350
20221122,14:11:28,42862.50,25,137350
20221122,14:12:59,42862.50,75,137350
20221122,14:16:29,42855.60,25,137425
20221122,14:16:58,42860.00,25,137425
20221122,14:18:21,42854.85,25,137425
20221122,14:19:32,42862.40,25,137450
20221122,14:22:55,42870.00,25,137450
20221122,14:23:04,42867.60,25,137450
20221122,14:23:06,42870.00,25,137450
20221122,14:25:51,42873.35,25,137525
20221122,14:26:54,42872.10,25,137525
20221122,14:27:56,42859.60,25,137500
20221122,14:29:11,42867.80,50,137500
20221122,14:29:29,42867.80,25,137500
20221122,14:30:02,42873.00,25,137500
20221122,14:31:24,42863.25,25,137575
20221122,14:35:01,42866.00,25,137600
20221122,14:35:57,42860.00,25,137600
20221122,14:36:32,42860.00,25,137600
20221122,14:37:50,42854.85,25,137675
20221122,14:38:40,42850.60,50,137675
20221122,14:39:07,42852.65,25,137675
20221122,14:39:19,42854.00,25,137675
20221122,14:39:55,42854.00,25,137675
20221122,14:40:27,42859.95,50,137700
20221122,14:40:36,42850.00,25,137700
20221122,14:40:39,42849.45,50,137700
20221122,14:40:45,42849.45,25,137700
20221122,14:41:44,42854.50,25,137700
20221122,14:42:30,42850.15,75,137700
20221122,14:43:21,42845.00,25,137700
20221122,14:44:34,42840.00,25,137700
20221122,14:44:45,42840.00,25,137700
20221122,14:45:11,42840.35,25,137700
20221122,14:45:46,42847.95,25,137700
20221122,14:46:47,42848.00,25,137700
20221122,14:47:51,42841.00,25,137700
20221122,14:48:02,42840.00,100,137700
20221122,14:48:04,42832.35,50,137700
20221122,14:48:17,42837.00,25,137700
20221122,14:48:32,42837.70,25,137700
20221122,14:48:40,42840.65,25,137825
20221122,14:49:23,42845.20,25,137825
20221122,14:49:51,42845.20,50,137825
20221122,14:50:41,42851.10,150,137825
20221122,14:50:54,42860.00,50,137825
20221122,14:51:23,42866.00,250,137825
20221122,14:51:34,42855.30,25,137825
20221122,14:52:20,42865.00,25,138125
20221122,14:52:48,42859.35,50,138125
20221122,14:52:50,42865.45,25,138125
20221122,14:54:33,42861.10,25,138125
20221122,14:55:02,42859.35,25,138200
20221122,14:56:08,42859.25,50,138200
20221122,14:56:48,42863.40,25,138200
20221122,14:56:53,42859.40,75,138200
20221122,14:57:13,42865.00,25,138200
20221122,14:59:31,42858.05,75,138375
20221122,15:00:11,42866.00,50,138375
20221122,15:00:15,42863.90,25,138375
20221122,15:00:50,42865.00,75,138525
20221122,15:01:38,42869.55,25,138525
20221122,15:02:06,42861.95,25,138525
20221122,15:02:24,42861.15,25,138525
20221122,15:02:29,42861.45,50,138525
20221122,15:02:37,42861.15,50,138525
20221122,15:02:55,42870.00,50,138525
20221122,15:03:12,42874.00,175,138525
20221122,15:03:42,42866.25,25,138800
20221122,15:04:26,42874.00,25,138800
20221122,15:04:29,42875.00,125,138800
20221122,15:05:14,42877.10,25,138800
20221122,15:05:30,42877.15,25,138800
20221122,15:07:57,42880.00,25,138825
20221122,15:08:05,42877.15,25,138825
20221122,15:08:12,42881.95,25,138825
20221122,15:08:19,42881.95,25,138825
20221122,15:08:35,42882.00,25,138825
20221122,15:09:05,42882.20,25,138825
20221122,15:09:08,42884.40,100,138825
20221122,15:09:13,42888.00,100,138825
20221122,15:09:22,42888.25,25,138825
20221122,15:09:48,42895.00,25,138900
20221122,15:09:51,42895.00,50,138900
20221122,15:09:54,42896.00,25,138900
20221122,15:10:06,42900.00,50,138900
20221122,15:10:09,42900.00,100,138900
20221122,15:10:12,42899.95,25,138900
20221122,15:10:30,42900.00,25,138900
20221122,15:10:33,42899.95,25,138900
20221122,15:10:46,42897.25,25,138900
20221122,15:10:48,42899.90,25,138900
20221122,15:10:51,42893.90,125,138900
20221122,15:10:58,42899.00,25,138900
20221122,15:11:04,42893.15,25,138900
20221122,15:11:06,42892.25,25,138900
20221122,15:11:14,42890.25,25,138900
20221122,15:11:15,42890.00,25,138900
20221122,15:11:19,42890.15,150,138900
20221122,15:11:30,42892.20,25,138900
20221122,15:11:35,42885.55,25,138900
20221122,15:11:37,42887.00,25,138900
20221122,15:11:40,42887.00,50,138900
20221122,15:11:51,42886.95,100,138900
20221122,15:12:11,42887.30,50,138900
20221122,15:12:42,42892.25,25,138900
20221122,15:13:04,42895.00,50,139375
20221122,15:13:19,42898.15,50,139375
20221122,15:13:26,42898.10,25,139375
20221122,15:13:34,42899.00,25,139375
20221122,15:13:37,42899.00,25,139375
20221122,15:13:48,42898.15,50,139375
20221122,15:13:53,42898.15,25,139375
20221122,15:13:59,42900.00,100,139375
20221122,15:14:01,42897.30,50,139375
20221122,15:14:04,42900.00,175,139375
20221122,15:14:07,42896.10,50,139375
20221122,15:14:12,42900.00,50,139375
20221122,15:14:31,42900.00,25,139375
20221122,15:14:34,42900.00,25,139375
20221122,15:14:37,42900.00,25,139375
20221122,15:14:42,42902.00,50,139375
20221122,15:14:47,42909.90,200,139375
20221122,15:14:52,42909.90,75,139375
20221122,15:14:57,42900.05,25,139375
20221122,15:15:11,42902.20,25,139375
20221122,15:15:29,42906.05,25,139375
20221122,15:15:40,42903.25,100,139375
20221122,15:15:45,42903.25,25,140100
20221122,15:15:49,42909.95,25,140100
20221122,15:15:55,42909.95,25,140100
20221122,15:15:58,42900.00,75,140100
20221122,15:16:00,42905.70,75,140100
20221122,15:16:02,42900.00,25,140100
20221122,15:16:15,42902.25,100,140100
20221122,15:16:22,42899.25,25,140100
20221122,15:16:25,42900.00,50,140100
20221122,15:16:28,42901.95,50,140100
20221122,15:16:36,42902.00,25,140100
20221122,15:16:41,42900.00,25,140100
20221122,15:16:49,42902.00,100,140100
20221122,15:17:05,42899.30,25,140100
20221122,15:17:15,42903.00,25,140100
20221122,15:17:17,42903.05,50,140100
20221122,15:17:20,42900.05,50,140100
20221122,15:17:21,42900.05,50,140100
20221122,15:17:26,42899.40,50,140100
20221122,15:17:41,42899.35,25,140100
20221122,15:17:45,42899.95,25,140100
20221122,15:17:49,42899.00,25,140100
20221122,15:18:06,42900.00,100,140100
20221122,15:18:09,42900.00,25,140100
20221122,15:18:11,42900.00,75,140100
20221122,15:18:13,42900.00,50,140100
20221122,15:18:16,42899.00,25,140100
20221122,15:18:19,42900.00,275,140100
20221122,15:18:57,42900.00,25,141250
20221122,15:18:58,42899.00,50,141250
20221122,15:19:12,42899.00,25,141250
20221122,15:19:19,42900.00,75,141250
20221122,15:19:20,42900.00,25,141250
20221122,15:19:24,42893.25,25,141250
20221122,15:20:01,42899.00,50,141250
20221122,15:20:04,42898.10,50,141250
20221122,15:20:46,42905.00,50,141250
20221122,15:20:53,42893.10,25,141250
20221122,15:21:04,42905.65,25,141250
20221122,15:21:22,42905.95,25,141250
20221122,15:21:27,42906.00,50,141250
20221122,15:21:34,42908.80,50,141250
20221122,15:21:36,42903.75,75,141250
20221122,15:21:41,42909.15,25,141250
20221122,15:21:42,42907.00,150,141250
20221122,15:21:50,42909.95,50,141725
20221122,15:21:52,42904.35,25,141725
20221122,15:21:53,42910.00,25,141725
20221122,15:22:07,42910.60,25,141725
20221122,15:22:08,42910.60,25,141725
20221122,15:22:10,42906.35,50,141725
20221122,15:22:11,42907.00,50,141725
20221122,15:22:13,42911.25,25,141725
20221122,15:22:16,42911.25,25,141725
20221122,15:22:17,42910.50,300,141725
20221122,15:22:19,42910.50,25,141725
20221122,15:22:23,42914.85,125,141725
20221122,15:22:26,42914.85,25,141725
20221122,15:22:28,42911.10,125,141725
20221122,15:22:33,42912.00,25,141725
20221122,15:22:39,42911.10,50,141725
20221122,15:22:41,42911.10,25,141725
20221122,15:22:42,42911.10,25,141725
20221122,15:22:47,42911.10,250,141725
20221122,15:22:57,42910.00,250,141725
20221122,15:23:11,42910.00,300,141725
20221122,15:23:12,42910.00,200,141725
20221122,15:23:17,42915.10,50,141725
20221122,15:23:19,42915.10,25,141725
20221122,15:23:25,42915.10,25,141725
20221122,15:23:26,42915.10,25,141725
20221122,15:23:28,42915.10,25,141725
20221122,15:23:31,42915.10,75,141725
20221122,15:23:36,42915.05,25,141725
20221122,15:23:41,42915.10,75,141725
20221122,15:23:44,42915.10,50,141725
20221122,15:23:47,42915.10,25,141725
20221122,15:23:49,42915.10,25,141725
20221122,15:23:51,42915.10,50,141725
20221122,15:23:52,42915.10,200,141725
20221122,15:23:59,42910.00,25,141725
20221122,15:24:05,42915.10,100,141725
20221122,15:24:07,42918.90,75,141725
20221122,15:24:08,42918.90,25,141725
20221122,15:24:10,42919.55,25,141725
20221122,15:24:13,42919.90,25,141725
20221122,15:24:15,42919.90,25,141725
20221122,15:24:20,42919.55,25,141725
20221122,15:24:21,42919.55,25,141725
20221122,15:24:24,42919.55,25,141725
20221122,15:24:34,42919.55,25,141725
20221122,15:24:42,42919.55,25,141725
20221122,15:24:46,42919.25,25,141725
20221122,15:24:49,42919.55,50,142875
20221122,15:24:52,42919.55,75,142875
20221122,15:24:57,42919.55,25,142875
20221122,15:24:59,42918.25,25,142875
20221122,15:25:01,42919.55,50,142875
20221122,15:25:04,42919.55,50,142875
20221122,15:25:06,42919.30,100,142875
20221122,15:25:07,42919.30,175,142875
20221122,15:25:09,42919.55,25,142875
20221122,15:25:11,42919.55,25,142875
20221122,15:25:17,42920.00,25,142875
20221122,15:25:20,42920.00,50,142875
20221122,15:25:24,42920.00,25,142875
20221122,15:25:27,42920.30,25,142875
20221122,15:25:38,42922.25,25,142875
20221122,15:25:40,42925.00,125,142875
20221122,15:25:41,42918.25,50,142875
20221122,15:25:46,42918.25,50,142875
20221122,15:25:49,42919.00,25,142875
20221122,15:25:51,42919.00,25,142875
20221122,15:25:54,42919.00,25,142875
20221122,15:25:57,42919.00,25,142875
20221122,15:25:59,42919.00,25,142875
20221122,15:26:06,42918.25,150,142875
20221122,15:26:07,42919.00,25,142875
20221122,15:26:15,42924.90,25,142875
20221122,15:26:20,42919.00,25,142875
20221122,15:26:36,42913.25,25,142875
20221122,15:26:41,42916.60,25,142875
20221122,15:26:50,42917.40,25,142875
20221122,15:26:52,42918.80,25,142875
20221122,15:26:53,42920.80,100,142875
20221122,15:26:55,42924.95,25,142875
20221122,15:26:57,42921.25,600,142875
20221122,15:26:58,42921.25,50,142875
20221122,15:27:02,42924.95,400,142875
20221122,15:27:08,42918.80,75,142875
20221122,15:27:13,42920.00,25,142875
20221122,15:27:16,42921.25,25,142875
20221122,15:27:18,42924.80,25,142875
20221122,15:27:22,42918.90,50,142875
20221122,15:27:23,42917.25,25,142875
20221122,15:27:28,42921.85,25,142875
20221122,15:27:30,42924.00,25,142875
20221122,15:27:33,42923.95,25,142875
20221122,15:27:36,42923.95,50,142875
20221122,15:27:40,42924.25,25,142875
20221122,15:27:41,42924.90,25,142875
20221122,15:27:43,42924.70,25,142875
20221122,15:27:49,42924.20,450,144500
20221122,15:27:51,42923.80,25,144500
20221122,15:27:52,42924.20,25,144500
20221122,15:27:56,42924.20,75,144500
20221122,15:27:59,42924.20,50,144500
20221122,15:28:10,42924.05,25,144500
20221122,15:28:18,42918.30,50,144500
20221122,15:28:20,42924.05,50,144500
20221122,15:28:23,42920.00,25,144500
20221122,15:28:35,42918.00,25,144500
20221122,15:28:37,42926.75,675,144500
20221122,15:28:41,42926.75,25,144500
20221122,15:28:44,42926.75,25,144500
20221122,15:28:49,42926.75,25,144500
20221122,15:28:55,42926.75,25,144500
20221122,15:28:57,42926.75,25,144500
20221122,15:29:02,42926.75,25,144500
20221122,15:29:03,42926.75,25,144500
20221122,15:29:11,42932.55,150,144500
20221122,15:29:13,42932.55,225,144500
20221122,15:29:14,42920.00,100,144500
20221122,15:29:19,42918.00,25,144500
20221122,15:29:25,42918.85,300,144500
20221122,15:29:30,42930.00,25,144500
20221122,15:29:37,42930.00,25,144500
20221122,15:29:40,42930.00,100,144500
20221122,15:29:45,42930.00,25,144500
20221122,15:29:46,42925.90,25,144500
20221122,15:29:53,42930.00,25,144500
