20221122,09:15:00,42449.00,1,2149500
20221122,09:15:00,42405.25,1,2149500
20221122,09:15:00,42448.75,75,2149500
20221122,09:15:01,42440.05,150,2149500
20221122,09:15:02,42460.00,925,2149500
20221122,09:15:03,42435.55,700,2149500
20221122,09:15:04,42435.35,3350,2149500
20221122,09:15:06,42403.65,1450,2149500
20221122,09:15:07,42401.00,625,2149500
20221122,09:15:09,42417.55,2075,2149500
20221122,09:15:10,42425.90,725,2149500
20221122,09:15:12,42425.70,975,2149500
20221122,09:15:13,42427.75,575,2149500
20221122,09:15:15,42433.20,1025,2149500
20221122,09:15:17,42419.20,1625,2149500
20221122,09:15:18,42424.70,1050,2149500
20221122,09:15:20,42421.15,600,2149500
20221122,09:15:21,42429.95,300,2149500
20221122,09:15:23,42425.05,800,2149500
20221122,09:15:24,42430.25,800,2149500
20221122,09:15:26,42429.80,750,2149500
20221122,09:15:28,42425.05,375,2149500
20221122,09:15:29,42424.00,2050,2149500
20221122,09:15:31,42415.00,1350,2149500
20221122,09:15:32,42410.10,200,2149500
20221122,09:15:34,42410.20,425,2149500
20221122,09:15:36,42420.00,725,2149500
20221122,09:15:37,42423.70,875,2149500
20221122,09:15:39,42424.30,400,2149500
20221122,09:15:40,42423.45,300,2149500
20221122,09:15:42,42428.90,250,2149500
20221122,09:15:44,42426.20,1075,2149500
20221122,09:15:45,42428.75,350,2149500
20221122,09:15:47,42430.10,675,2149500
20221122,09:15:48,42432.95,350,2149500
20221122,09:15:50,42430.75,625,2149500
20221122,09:15:52,42427.00,675,2149500
20221122,09:15:53,42420.00,375,2149500
20221122,09:15:55,42421.30,150,2149500
20221122,09:15:56,42429.65,1300,2149500
20221122,09:15:58,42425.35,300,2149500
20221122,09:16:00,42425.25,775,2149500
20221122,09:16:01,42425.25,275,2149500
20221122,09:16:03,42420.05,175,2149500
20221122,09:16:04,42419.30,350,2149500
20221122,09:16:06,42419.25,1800,2149500
20221122,09:16:07,42419.25,275,2149500
20221122,09:16:09,42423.15,150,2149500
20221122,09:16:10,42427.45,1075,2149500
20221122,09:16:12,42419.65,1100,2149500
20221122,09:16:14,42419.25,475,2149500
20221122,09:16:15,42423.15,1300,2149500
20221122,09:16:17,42419.25,1625,2149500
20221122,09:16:18,42421.55,950,2149500
20221122,09:16:20,42424.95,450,2149500
20221122,09:16:21,42425.00,1850,2149500
20221122,09:16:23,42429.95,700,2149500
20221122,09:16:25,42423.20,750,2149500
20221122,09:16:26,42425.00,1800,2149500
20221122,09:16:28,42428.45,1200,2149500
20221122,09:16:29,42428.50,400,2149500
20221122,09:16:31,42429.50,450,2149500
20221122,09:16:32,42425.90,700,2149500
20221122,09:16:34,42428.35,1175,2149500
20221122,09:16:36,42432.80,2200,2149500
20221122,09:16:37,42431.90,1150,2149500
20221122,09:16:39,42424.00,175,2149500
20221122,09:16:40,42427.15,450,2149500
20221122,09:16:42,42422.60,400,2149500
20221122,09:16:43,42425.00,250,2149500
20221122,09:16:45,42428.20,250,2149500
20221122,09:16:46,42421.50,50,2149500
20221122,09:16:48,42419.25,950,2149500
20221122,09:16:49,42419.55,650,2149500
20221122,09:16:51,42419.20,3200,2149500
20221122,09:16:52,42412.15,575,2149500
20221122,09:16:54,42412.55,1075,2149500
20221122,09:16:56,42411.95,225,2149500
20221122,09:16:57,42411.05,200,2149500
20221122,09:16:59,42411.10,275,2149500
20221122,09:17:00,42406.60,525,2149500
20221122,09:17:02,42407.00,300,2149500
20221122,09:17:03,42407.00,1650,2149500
20221122,09:17:05,42407.05,500,2149500
20221122,09:17:06,42408.35,325,2149500
20221122,09:17:08,42408.00,275,2149500
20221122,09:17:10,42408.00,125,2149500
20221122,09:17:11,42405.30,1025,2149500
20221122,09:17:13,42411.25,1075,2149500
20221122,09:17:14,42419.20,675,2149500
20221122,09:17:16,42422.50,400,2149500
20221122,09:17:17,42420.25,875,2149500
20221122,09:17:19,42417.25,275,2149500
20221122,09:17:20,42413.10,475,2149500
20221122,09:17:22,42421.95,50,2149500
20221122,09:17:23,42420.45,75,2149500
20221122,09:17:25,42416.00,25,2149500
20221122,09:17:27,42418.85,200,2149500
20221122,09:17:28,42416.00,100,2163375
20221122,09:17:30,42417.40,175,2163375
20221122,09:17:31,42412.05,200,2163375
20221122,09:17:33,42418.45,100,2163375
20221122,09:17:34,42420.95,275,2163375
20221122,09:17:36,42418.55,2000,2163375
20221122,09:17:38,42419.00,50,2163375
20221122,09:17:39,42414.25,100,2163375
20221122,09:17:41,42414.25,25,2163375
20221122,09:17:42,42413.00,200,2163375
20221122,09:17:44,42412.50,150,2163375
20221122,09:17:45,42418.35,175,2163375
20221122,09:17:47,42415.55,75,2163375
20221122,09:17:49,42416.35,25,2163375
20221122,09:17:52,42412.50,150,2163375
20221122,09:17:53,42412.00,75,2163375
20221122,09:17:55,42413.65,525,2163375
20221122,09:17:56,42410.20,625,2163375
20221122,09:17:58,42414.45,25,2163375
20221122,09:18:00,42414.30,200,2163375
20221122,09:18:01,42414.30,175,2163375
20221122,09:18:03,42412.10,550,2163375
20221122,09:18:04,42413.95,100,2163375
20221122,09:18:06,42415.65,150,2163375
20221122,09:18:07,42419.00,175,2163375
20221122,09:18:09,42410.05,900,2163375
20221122,09:18:10,42412.00,975,2163375
20221122,09:18:12,42412.00,150,2163375
20221122,09:18:14,42414.80,100,2163375
20221122,09:18:15,42414.35,275,2163375
20221122,09:18:17,42415.50,75,2163375
20221122,09:18:18,42414.90,25,2163375
20221122,09:18:20,42412.35,100,2163375
20221122,09:18:21,42415.75,50,2163375
20221122,09:18:23,42414.85,200,2163375
20221122,09:18:25,42415.05,125,2163375
20221122,09:18:26,42420.00,75,2163375
20221122,09:18:28,42419.95,325,2163375
20221122,09:18:29,42413.90,175,2163375
20221122,09:18:31,42415.00,25,2163375
20221122,09:18:32,42418.40,775,2163375
20221122,09:18:34,42420.00,50,2163375
20221122,09:18:36,42430.00,750,2163375
20221122,09:18:37,42431.25,300,2163375
20221122,09:18:39,42426.00,175,2163375
20221122,09:18:40,42427.95,75,2163375
20221122,09:18:42,42427.35,75,2163375
20221122,09:18:43,42427.00,125,2163375
20221122,09:18:45,42428.00,350,2163375
20221122,09:18:47,42430.20,25,2163375
20221122,09:18:48,42428.50,500,2163375
20221122,09:18:50,42431.25,250,2163375
20221122,09:18:51,42427.30,125,2163375
20221122,09:18:53,42427.30,825,2163375
20221122,09:18:54,42422.00,50,2163375
20221122,09:18:56,42424.35,450,2163375
20221122,09:18:57,42424.85,150,2163375
20221122,09:18:59,42423.55,25,2163375
20221122,09:19:01,42424.95,75,2163375
20221122,09:19:02,42423.25,100,2163375
20221122,09:19:04,42425.80,375,2163375
20221122,09:19:05,42426.00,100,2163375
20221122,09:19:07,42423.05,125,2163375
20221122,09:19:09,42425.80,175,2163375
20221122,09:19:10,42427.20,225,2163375
20221122,09:19:12,42430.00,150,2163375
20221122,09:19:13,42429.90,150,2163375
20221122,09:19:15,42430.95,350,2163375
20221122,09:19:16,42431.70,175,2163375
20221122,09:19:18,42429.20,100,2163375
20221122,09:19:20,42431.00,100,2163375
20221122,09:19:21,42430.00,125,2163375
20221122,09:19:23,42430.00,625,2163375
20221122,09:19:24,42431.55,225,2163375
20221122,09:19:26,42428.30,425,2163375
20221122,09:19:28,42429.00,325,2163375
20221122,09:19:29,42425.00,100,2163375
20221122,09:19:31,42424.50,125,2163375
20221122,09:19:33,42418.70,1225,2163375
20221122,09:19:36,42422.80,125,2163375
20221122,09:19:38,42422.75,50,2163375
20221122,09:19:39,42421.25,50,2163375
20221122,09:19:41,42425.00,75,2163375
20221122,09:19:43,42429.00,125,2163375
20221122,09:19:44,42422.85,750,2163375
20221122,09:19:46,42423.15,25,2163375
20221122,09:19:48,42427.50,400,2163375
20221122,09:19:50,42420.60,75,2163375
20221122,09:19:51,42420.25,150,2163375
20221122,09:19:53,42425.00,50,2163375
20221122,09:19:55,42423.00,25,2163375
20221122,09:19:56,42420.25,75,2163375
20221122,09:19:58,42420.15,650,2163375
20221122,09:20:00,42420.00,650,2163375
20221122,09:20:01,42428.85,550,2163375
20221122,09:20:03,42429.30,1125,2163375
20221122,09:20:05,42423.10,2150,2163375
20221122,09:20:06,42422.65,150,2163375
20221122,09:20:08,42426.75,275,2163375
20221122,09:20:10,42420.90,2625,2163375
20221122,09:20:11,42419.65,575,2163375
20221122,09:20:13,42415.10,150,2163375
20221122,09:20:15,42425.30,1300,2163375
20221122,09:20:16,42424.40,125,2163375
20221122,09:20:18,42420.00,300,2163375
20221122,09:20:20,42423.05,100,2163375
20221122,09:20:21,42420.00,150,2163375
20221122,09:20:22,42415.95,150,2163375
20221122,09:20:24,42415.55,1000,2163375
20221122,09:20:26,42415.00,200,2163375
20221122,09:20:27,42412.40,150,2163375
20221122,09:20:29,42411.80,100,2169175
20221122,09:20:30,42415.20,300,2169175
20221122,09:20:32,42419.65,200,2169175
20221122,09:20:34,42415.85,100,2169175
20221122,09:20:35,42414.75,100,2169175
20221122,09:20:37,42410.00,150,2169175
20221122,09:20:38,42413.15,350,2169175
20221122,09:20:40,42417.45,650,2169175
20221122,09:20:42,42418.05,25,2169175
20221122,09:20:43,42417.30,375,2169175
20221122,09:20:45,42410.00,325,2169175
20221122,09:20:46,42410.10,175,2169175
20221122,09:20:48,42414.90,50,2169175
20221122,09:20:49,42415.00,400,2169175
20221122,09:20:51,42412.05,175,2169175
20221122,09:20:53,42417.90,4100,2169175
20221122,09:20:54,42411.00,25,2169175
20221122,09:20:56,42410.20,25,2169175
20221122,09:20:57,42414.70,1000,2169175
20221122,09:20:59,42410.00,350,2169175
20221122,09:21:01,42407.95,1750,2169175
20221122,09:21:02,42401.00,925,2169175
20221122,09:21:04,42400.15,375,2169175
20221122,09:21:05,42406.05,200,2169175
20221122,09:21:07,42405.30,150,2169175
20221122,09:21:09,42405.25,250,2169175
20221122,09:21:10,42401.35,1275,2169175
20221122,09:21:12,42401.00,1200,2169175
20221122,09:21:13,42400.15,225,2169175
20221122,09:21:15,42400.35,200,2169175
20221122,09:21:17,42400.35,75,2169175
20221122,09:21:18,42400.00,550,2169175
20221122,09:21:20,42400.00,275,2169175
20221122,09:21:22,42392.00,2550,2169175
20221122,09:21:23,42401.00,275,2169175
20221122,09:21:25,42400.15,200,2169175
20221122,09:21:26,42400.00,50,2169175
20221122,09:21:28,42399.60,525,2169175
20221122,09:21:30,42400.20,75,2169175
20221122,09:21:31,42400.20,100,2169175
20221122,09:21:33,42407.05,150,2169175
20221122,09:21:35,42407.05,50,2169175
20221122,09:21:36,42405.20,150,2169175
20221122,09:21:38,42410.00,50,2169175
20221122,09:21:39,42410.00,50,2169175
20221122,09:21:41,42411.00,50,2169175
20221122,09:21:42,42402.80,50,2169175
20221122,09:21:44,42409.00,125,2169175
20221122,09:21:46,42402.35,125,2169175
20221122,09:21:47,42404.60,300,2169175
20221122,09:21:49,42400.20,50,2169175
20221122,09:21:50,42402.85,125,2169175
20221122,09:21:52,42400.15,125,2169175
20221122,09:21:53,42398.00,375,2169175
20221122,09:21:55,42400.00,150,2169175
20221122,09:21:57,42400.00,25,2169175
20221122,09:21:58,42395.65,25,2169175
20221122,09:22:00,42395.65,50,2169175
20221122,09:22:02,42399.55,300,2169175
20221122,09:22:03,42391.00,1000,2169175
20221122,09:22:05,42390.45,550,2169175
20221122,09:22:07,42392.30,75,2169175
20221122,09:22:08,42404.10,1525,2169175
20221122,09:22:10,42404.80,575,2169175
20221122,09:22:11,42402.00,50,2169175
20221122,09:22:13,42400.00,75,2169175
20221122,09:22:15,42396.00,525,2169175
20221122,09:22:16,42398.00,100,2169175
20221122,09:22:18,42398.35,200,2169175
20221122,09:22:19,42398.25,225,2169175
20221122,09:22:21,42398.70,50,2169175
20221122,09:22:23,42403.75,125,2169175
20221122,09:22:24,42399.05,25,2169175
20221122,09:22:26,42395.20,250,2169175
20221122,09:22:28,42396.00,75,2169175
20221122,09:22:29,42398.25,75,2169175
20221122,09:22:31,42392.35,1025,2169175
20221122,09:22:33,42399.40,75,2169175
20221122,09:22:34,42401.15,575,2169175
20221122,09:22:36,42392.30,150,2169175
20221122,09:22:37,42399.10,300,2169175
20221122,09:22:39,42394.35,525,2169175
20221122,09:22:41,42400.40,100,2169175
20221122,09:22:42,42400.00,325,2169175
20221122,09:22:44,42400.40,125,2169175
20221122,09:22:46,42395.20,200,2169175
20221122,09:22:47,42398.10,50,2169175
20221122,09:22:49,42397.15,175,2169175
20221122,09:22:51,42396.00,250,2169175
20221122,09:22:52,42400.80,50,2169175
20221122,09:22:54,42396.40,150,2169175
20221122,09:22:55,42396.35,25,2169175
20221122,09:22:57,42393.65,525,2169175
20221122,09:22:58,42394.35,25,2169175
20221122,09:23:00,42398.10,25,2169175
20221122,09:23:02,42395.20,200,2169175
20221122,09:23:03,42395.20,50,2169175
20221122,09:23:05,42398.10,75,2169175
20221122,09:23:06,42394.45,25,2169175
20221122,09:23:08,42395.30,25,2169175
20221122,09:23:10,42399.00,50,2169175
20221122,09:23:11,42398.10,575,2169175
20221122,09:23:13,42400.00,25,2169175
20221122,09:23:14,42400.10,300,2169175
20221122,09:23:16,42401.45,175,2169175
20221122,09:23:17,42401.45,75,2169175
20221122,09:23:19,42400.00,25,2169175
20221122,09:23:20,42394.15,350,2169175
20221122,09:23:22,42393.05,125,2169175
20221122,09:23:25,42390.10,125,2169175
20221122,09:23:27,42390.10,50,2169175
20221122,09:23:29,42394.75,25,2175450
20221122,09:23:30,42395.30,200,2175450
20221122,09:23:32,42395.30,175,2175450
20221122,09:23:34,42395.30,725,2175450
20221122,09:23:35,42392.10,475,2175450
20221122,09:23:37,42390.00,175,2175450
20221122,09:23:40,42390.00,250,2175450
20221122,09:23:43,42392.75,150,2175450
20221122,09:23:45,42394.90,1700,2175450
20221122,09:23:46,42394.90,75,2175450
20221122,09:23:48,42392.20,125,2175450
20221122,09:23:50,42397.45,75,2175450
20221122,09:23:51,42395.20,150,2175450
20221122,09:23:53,42391.25,50,2175450
20221122,09:23:55,42399.05,200,2175450
20221122,09:23:56,42398.70,150,2175450
20221122,09:23:58,42397.40,75,2175450
20221122,09:24:01,42399.95,750,2175450
20221122,09:24:03,42392.00,275,2175450
20221122,09:24:04,42397.40,100,2175450
20221122,09:24:06,42395.70,50,2175450
20221122,09:24:08,42397.45,975,2175450
20221122,09:24:09,42395.20,575,2175450
20221122,09:24:11,42395.20,125,2175450
20221122,09:24:12,42395.05,100,2175450
20221122,09:24:14,42392.10,375,2175450
20221122,09:24:16,42393.05,275,2175450
20221122,09:24:17,42397.95,25,2175450
20221122,09:24:20,42396.00,75,2175450
20221122,09:24:22,42394.80,250,2175450
20221122,09:24:24,42397.95,25,2175450
20221122,09:24:25,42398.00,125,2175450
20221122,09:24:27,42398.00,100,2175450
20221122,09:24:28,42400.00,125,2175450
20221122,09:24:30,42400.00,250,2175450
20221122,09:24:32,42400.00,50,2175450
20221122,09:24:33,42400.00,500,2175450
20221122,09:24:35,42402.75,1250,2175450
20221122,09:24:37,42394.80,100,2175450
20221122,09:24:40,42397.95,50,2175450
20221122,09:24:43,42398.95,225,2175450
20221122,09:24:45,42395.25,150,2175450
20221122,09:24:48,42398.00,75,2175450
20221122,09:24:49,42400.00,100,2175450
20221122,09:24:51,42395.25,50,2175450
20221122,09:24:52,42395.20,150,2175450
20221122,09:24:54,42392.00,400,2175450
20221122,09:24:56,42395.50,125,2175450
20221122,09:24:57,42390.00,125,2175450
20221122,09:24:59,42391.20,75,2175450
20221122,09:25:00,42395.50,175,2175450
20221122,09:25:02,42397.95,350,2175450
20221122,09:25:04,42393.75,50,2175450
20221122,09:25:05,42397.95,125,2175450
20221122,09:25:07,42395.20,200,2175450
20221122,09:25:08,42392.05,75,2175450
20221122,09:25:10,42391.10,200,2175450
20221122,09:25:11,42398.90,100,2175450
20221122,09:25:13,42391.00,325,2175450
20221122,09:25:14,42400.00,475,2175450
20221122,09:25:16,42395.00,75,2175450
20221122,09:25:18,42393.15,425,2175450
20221122,09:25:19,42385.95,250,2175450
20221122,09:25:21,42384.90,350,2175450
20221122,09:25:22,42389.85,450,2175450
20221122,09:25:24,42382.20,300,2175450
20221122,09:25:25,42382.00,375,2175450
20221122,09:25:27,42387.25,100,2175450
20221122,09:25:29,42381.55,400,2175450
20221122,09:25:30,42381.05,125,2175450
20221122,09:25:32,42381.00,175,2175450
20221122,09:25:33,42380.65,175,2175450
20221122,09:25:35,42380.65,150,2175450
20221122,09:25:37,42385.45,75,2175450
20221122,09:25:38,42381.40,175,2175450
20221122,09:25:40,42388.20,350,2175450
20221122,09:25:41,42381.15,175,2175450
20221122,09:25:43,42386.70,275,2175450
20221122,09:25:45,42386.70,300,2175450
20221122,09:25:46,42380.95,25,2175450
20221122,09:25:48,42386.65,125,2175450
20221122,09:25:49,42383.15,400,2175450
20221122,09:25:51,42383.50,475,2175450
20221122,09:25:53,42387.95,1025,2175450
20221122,09:25:54,42386.90,450,2175450
20221122,09:25:56,42387.00,150,2175450
20221122,09:25:57,42387.50,75,2175450
20221122,09:25:59,42385.20,125,2175450
20221122,09:26:01,42386.90,150,2175450
20221122,09:26:02,42386.95,75,2175450
20221122,09:26:04,42389.55,600,2175450
20221122,09:26:05,42383.15,225,2175450
20221122,09:26:07,42382.35,25,2175450
20221122,09:26:10,42389.70,175,2175450
20221122,09:26:11,42385.20,25,2175450
20221122,09:26:13,42385.20,100,2175450
20221122,09:26:14,42388.95,775,2175450
20221122,09:26:16,42385.00,200,2175450
20221122,09:26:18,42382.15,25,2175450
20221122,09:26:19,42386.00,250,2175450
20221122,09:26:21,42382.00,125,2175450
20221122,09:26:22,42381.60,50,2175450
20221122,09:26:25,42381.15,400,2175450
20221122,09:26:27,42381.15,50,2175450
20221122,09:26:28,42387.00,25,2175450
20221122,09:26:30,42387.95,300,2178425
20221122,09:26:31,42392.30,75,2178425
20221122,09:26:35,42390.00,50,2178425
20221122,09:26:36,42389.00,50,2178425
20221122,09:26:38,42388.00,300,2178425
20221122,09:26:41,42392.30,125,2178425
20221122,09:26:42,42395.00,250,2178425
20221122,09:26:44,42392.30,75,2178425
20221122,09:26:45,42392.30,125,2178425
20221122,09:26:47,42392.30,125,2178425
20221122,09:26:48,42392.00,100,2178425
20221122,09:26:50,42390.00,75,2178425
20221122,09:26:51,42388.00,25,2178425
20221122,09:26:56,42390.00,100,2178425
20221122,09:26:57,42386.00,125,2178425
20221122,09:26:59,42385.00,25,2178425
20221122,09:27:00,42389.95,75,2178425
20221122,09:27:02,42385.20,50,2178425
20221122,09:27:03,42385.20,150,2178425
20221122,09:27:05,42388.00,250,2178425
20221122,09:27:06,42386.40,100,2178425
20221122,09:27:09,42385.00,50,2178425
20221122,09:27:11,42381.00,125,2178425
20221122,09:27:12,42381.00,75,2178425
20221122,09:27:14,42386.35,225,2178425
20221122,09:27:15,42381.95,75,2178425
20221122,09:27:17,42380.40,100,2178425
20221122,09:27:18,42380.15,300,2178425
20221122,09:27:20,42382.05,100,2178425
20221122,09:27:22,42383.35,75,2178425
20221122,09:27:23,42380.00,700,2178425
20221122,09:27:27,42389.95,500,2178425
20221122,09:27:30,42385.20,25,2178425
20221122,09:27:31,42386.00,25,2178425
20221122,09:27:33,42385.20,50,2178425
20221122,09:27:35,42386.15,150,2178425
20221122,09:27:36,42386.80,100,2178425
20221122,09:27:38,42385.60,450,2178425
20221122,09:27:39,42382.00,150,2178425
20221122,09:27:41,42382.05,175,2178425
20221122,09:27:43,42385.95,100,2178425
20221122,09:27:44,42381.05,550,2178425
20221122,09:27:47,42382.00,25,2178425
20221122,09:27:49,42390.00,500,2178425
20221122,09:27:51,42388.95,125,2178425
20221122,09:27:52,42393.20,850,2178425
20221122,09:27:55,42385.35,100,2178425
20221122,09:27:59,42393.95,125,2178425
20221122,09:28:02,42393.00,75,2178425
20221122,09:28:03,42395.00,75,2178425
20221122,09:28:06,42395.00,75,2178425
20221122,09:28:08,42393.95,175,2178425
20221122,09:28:10,42393.95,50,2178425
20221122,09:28:11,42392.35,25,2178425
20221122,09:28:14,42396.90,700,2178425
20221122,09:28:16,42392.35,50,2178425
20221122,09:28:17,42390.50,25,2178425
20221122,09:28:20,42396.55,225,2178425
20221122,09:28:24,42391.10,675,2178425
20221122,09:28:25,42396.55,25,2178425
20221122,09:28:29,42397.90,100,2178425
20221122,09:28:30,42400.00,225,2178425
20221122,09:28:32,42400.00,225,2178425
20221122,09:28:34,42398.00,250,2178425
20221122,09:28:35,42401.95,100,2178425
20221122,09:28:37,42400.00,50,2178425
20221122,09:28:38,42400.00,50,2178425
20221122,09:28:40,42400.00,100,2178425
20221122,09:28:41,42393.20,625,2178425
20221122,09:28:43,42394.15,100,2178425
20221122,09:28:46,42394.15,25,2178425
20221122,09:28:47,42394.05,50,2178425
20221122,09:28:50,42398.00,50,2178425
20221122,09:28:52,42395.95,100,2178425
20221122,09:28:53,42399.95,125,2178425
20221122,09:28:55,42398.00,200,2178425
20221122,09:28:57,42395.00,75,2178425
20221122,09:29:01,42406.00,500,2178425
20221122,09:29:03,42407.70,2125,2178425
20221122,09:29:04,42409.90,750,2178425
20221122,09:29:06,42405.65,425,2178425
20221122,09:29:08,42405.25,200,2178425
20221122,09:29:09,42409.90,325,2178425
20221122,09:29:11,42401.05,150,2178425
20221122,09:29:14,42402.30,225,2178425
20221122,09:29:16,42409.00,50,2178425
20221122,09:29:17,42409.80,375,2178425
20221122,09:29:19,42409.35,225,2178425
20221122,09:29:20,42407.00,150,2178425
20221122,09:29:22,42409.45,50,2178425
20221122,09:29:23,42402.30,50,2178425
20221122,09:29:25,42409.95,150,2178425
20221122,09:29:28,42405.20,150,2178425
20221122,09:29:30,42404.35,100,2180350
20221122,09:29:33,42409.15,25,2180350
20221122,09:29:35,42409.70,150,2180350
20221122,09:29:36,42409.95,125,2180350
20221122,09:29:38,42409.55,100,2180350
20221122,09:29:39,42409.70,600,2180350
20221122,09:29:41,42409.60,175,2180350
20221122,09:29:43,42409.60,100,2180350
20221122,09:29:44,42409.95,75,2180350
20221122,09:29:46,42401.00,275,2180350
20221122,09:29:47,42404.35,25,2180350
20221122,09:29:49,42406.15,150,2180350
20221122,09:29:51,42407.65,100,2180350
20221122,09:29:52,42407.65,75,2180350
20221122,09:29:54,42406.80,100,2180350
20221122,09:29:55,42406.40,250,2180350
20221122,09:29:57,42405.90,50,2180350
20221122,09:29:58,42405.95,100,2180350
20221122,09:30:00,42407.15,625,2180350
20221122,09:30:02,42402.75,350,2180350
20221122,09:30:03,42409.00,750,2180350
20221122,09:30:05,42410.00,1025,2180350
20221122,09:30:07,42410.00,950,2180350
20221122,09:30:08,42410.00,125,2180350
20221122,09:30:10,42410.00,275,2180350
20221122,09:30:11,42414.90,100,2180350
20221122,09:30:13,42416.20,225,2180350
20221122,09:30:15,42416.25,1000,2180350
20221122,09:30:16,42411.20,200,2180350
20221122,09:30:18,42412.10,250,2180350
20221122,09:30:19,42409.65,125,2180350
20221122,09:30:21,42403.20,325,2180350
20221122,09:30:23,42415.00,400,2180350
20221122,09:30:24,42412.40,625,2180350
20221122,09:30:26,42412.75,75,2180350
20221122,09:30:28,42411.65,50,2180350
20221122,09:30:29,42409.95,125,2180350
20221122,09:30:31,42405.85,25,2180350
20221122,09:30:32,42412.55,50,2180350
20221122,09:30:34,42410.55,100,2180350
20221122,09:30:36,42410.70,200,2180350
20221122,09:30:37,42416.85,325,2180350
20221122,09:30:41,42410.60,125,2180350
20221122,09:30:42,42415.45,125,2180350
20221122,09:30:44,42414.60,75,2180350
20221122,09:30:45,42411.00,150,2180350
20221122,09:30:47,42408.20,25,2180350
20221122,09:30:49,42413.30,50,2180350
20221122,09:30:50,42410.90,150,2180350
20221122,09:30:52,42415.40,150,2180350
20221122,09:30:53,42415.00,175,2180350
20221122,09:30:55,42415.20,75,2180350
20221122,09:30:57,42415.20,200,2180350
20221122,09:30:58,42415.20,75,2180350
20221122,09:31:00,42415.00,75,2180350
20221122,09:31:01,42415.20,100,2180350
20221122,09:31:03,42413.45,175,2180350
20221122,09:31:04,42417.45,150,2180350
20221122,09:31:06,42418.80,325,2180350
20221122,09:31:07,42418.00,75,2180350
20221122,09:31:09,42416.30,575,2180350
20221122,09:31:11,42417.00,800,2180350
20221122,09:31:12,42413.45,100,2180350
20221122,09:31:14,42410.00,275,2180350
20221122,09:31:15,42410.00,75,2180350
20221122,09:31:17,42412.60,100,2180350
20221122,09:31:18,42414.40,100,2180350
20221122,09:31:20,42415.55,250,2180350
20221122,09:31:21,42412.70,300,2180350
20221122,09:31:23,42415.50,450,2180350
20221122,09:31:24,42412.95,50,2180350
20221122,09:31:26,42411.30,50,2180350
20221122,09:31:28,42415.00,100,2180350
20221122,09:31:29,42415.00,50,2180350
20221122,09:31:31,42416.25,225,2180350
20221122,09:31:32,42416.55,25,2180350
20221122,09:31:34,42418.00,100,2180350
20221122,09:31:35,42410.45,25,2180350
20221122,09:31:37,42411.80,275,2180350
20221122,09:31:38,42416.20,125,2180350
20221122,09:31:40,42415.60,25,2180350
20221122,09:31:41,42415.10,25,2180350
20221122,09:31:43,42410.00,75,2180350
20221122,09:31:44,42410.00,75,2180350
20221122,09:31:48,42415.55,25,2180350
20221122,09:31:49,42414.25,175,2180350
20221122,09:31:51,42410.00,75,2180350
20221122,09:31:52,42412.85,50,2180350
20221122,09:31:54,42410.00,100,2180350
20221122,09:31:55,42410.00,50,2180350
20221122,09:31:56,42410.00,75,2180350
20221122,09:31:58,42409.00,25,2180350
20221122,09:32:01,42410.00,50,2180350
20221122,09:32:04,42410.00,50,2180350
20221122,09:32:05,42408.00,25,2180350
20221122,09:32:07,42406.00,800,2180350
20221122,09:32:08,42412.25,100,2180350
20221122,09:32:10,42414.40,550,2180350
20221122,09:32:11,42415.00,75,2180350
20221122,09:32:13,42414.95,25,2180350
20221122,09:32:14,42415.00,175,2180350
20221122,09:32:16,42410.40,75,2180350
20221122,09:32:17,42415.00,100,2180350
20221122,09:32:19,42415.00,650,2180350
20221122,09:32:20,42415.00,50,2180350
20221122,09:32:22,42416.50,125,2180350
20221122,09:32:23,42410.70,75,2180350
20221122,09:32:25,42412.00,250,2180350
20221122,09:32:28,42415.00,25,2180350
20221122,09:32:31,42416.25,50,2185300
20221122,09:32:33,42411.10,125,2185300
20221122,09:32:34,42417.45,25,2185300
20221122,09:32:37,42413.00,50,2185300
20221122,09:32:39,42412.00,25,2185300
20221122,09:32:40,42418.05,675,2185300
20221122,09:32:42,42411.00,50,2185300
20221122,09:32:44,42411.00,50,2185300
20221122,09:32:45,42416.35,75,2185300
20221122,09:32:47,42415.00,125,2185300
20221122,09:32:48,42410.00,50,2185300
20221122,09:32:50,42410.00,25,2185300
20221122,09:32:53,42410.00,75,2185300
20221122,09:32:55,42414.70,50,2185300
20221122,09:32:56,42410.00,25,2185300
20221122,09:32:58,42410.00,75,2185300
20221122,09:33:00,42413.65,25,2185300
20221122,09:33:01,42414.00,125,2185300
20221122,09:33:03,42413.85,75,2185300
20221122,09:33:04,42417.00,150,2185300
20221122,09:33:07,42415.00,75,2185300
20221122,09:33:09,42415.00,75,2185300
20221122,09:33:11,42413.15,75,2185300
20221122,09:33:12,42410.75,75,2185300
20221122,09:33:14,42410.75,25,2185300
20221122,09:33:15,42410.80,25,2185300
20221122,09:33:17,42410.75,125,2185300
20221122,09:33:19,42415.00,75,2185300
20221122,09:33:20,42418.00,50,2185300
20221122,09:33:22,42418.00,25,2185300
20221122,09:33:23,42416.25,50,2185300
20221122,09:33:25,42417.05,50,2185300
20221122,09:33:27,42417.05,125,2185300
20221122,09:33:28,42415.00,75,2185300
20221122,09:33:30,42415.00,75,2185300
20221122,09:33:31,42415.00,50,2185300
20221122,09:33:33,42410.30,125,2185300
20221122,09:33:35,42416.00,175,2185300
20221122,09:33:36,42415.00,25,2185300
20221122,09:33:38,42411.00,25,2185300
20221122,09:33:40,42414.70,25,2185300
20221122,09:33:41,42415.00,225,2185300
20221122,09:33:43,42415.00,175,2185300
20221122,09:33:44,42410.75,25,2185300
20221122,09:33:46,42410.00,275,2185300
20221122,09:33:48,42413.10,25,2185300
20221122,09:33:49,42413.10,150,2185300
20221122,09:33:51,42413.95,25,2185300
20221122,09:33:53,42413.95,100,2185300
20221122,09:33:54,42414.00,125,2185300
20221122,09:33:56,42415.00,850,2185300
20221122,09:33:58,42415.00,125,2185300
20221122,09:34:01,42413.10,100,2185300
20221122,09:34:02,42417.40,25,2185300
20221122,09:34:04,42413.25,200,2185300
20221122,09:34:06,42419.95,375,2185300
20221122,09:34:07,42420.00,125,2185300
20221122,09:34:09,42422.00,1000,2185300
20221122,09:34:11,42423.00,125,2185300
20221122,09:34:12,42425.00,400,2185300
20221122,09:34:14,42426.60,1150,2185300
20221122,09:34:16,42426.55,100,2185300
20221122,09:34:17,42427.00,50,2185300
20221122,09:34:19,42427.00,250,2185300
20221122,09:34:21,42424.00,500,2185300
20221122,09:34:22,42426.50,100,2185300
20221122,09:34:24,42423.95,100,2185300
20221122,09:34:25,42423.95,75,2185300
20221122,09:34:27,42425.75,25,2185300
20221122,09:34:29,42423.00,100,2185300
20221122,09:34:30,42425.95,50,2185300
20221122,09:34:32,42420.95,375,2185300
20221122,09:34:33,42420.85,225,2185300
20221122,09:34:35,42420.85,25,2185300
20221122,09:34:36,42422.00,275,2185300
20221122,09:34:38,42427.00,200,2185300
20221122,09:34:41,42423.20,50,2185300
20221122,09:34:43,42427.65,25,2185300
20221122,09:34:44,42422.00,475,2185300
20221122,09:34:46,42422.15,75,2185300
20221122,09:34:48,42427.85,50,2185300
20221122,09:34:51,42427.00,250,2185300
20221122,09:34:52,42421.00,700,2185300
20221122,09:34:55,42428.25,50,2185300
20221122,09:34:57,42429.00,200,2185300
20221122,09:34:59,42430.00,1100,2185300
20221122,09:35:00,42431.00,400,2185300
20221122,09:35:02,42429.95,200,2185300
20221122,09:35:03,42423.95,300,2185300
20221122,09:35:07,42427.85,525,2185300
20221122,09:35:08,42425.95,125,2185300
20221122,09:35:10,42432.00,625,2185300
20221122,09:35:13,42433.25,625,2185300
20221122,09:35:15,42433.55,100,2185300
20221122,09:35:16,42433.00,50,2185300
20221122,09:35:18,42433.00,175,2185300
20221122,09:35:20,42431.50,150,2185300
20221122,09:35:21,42431.30,125,2185300
20221122,09:35:23,42434.35,50,2185300
20221122,09:35:24,42434.90,100,2185300
20221122,09:35:26,42434.50,100,2185300
20221122,09:35:28,42434.85,75,2185300
20221122,09:35:29,42430.00,25,2185300
20221122,09:35:31,42430.00,275,2185300
20221122,09:35:33,42432.95,75,2189550
20221122,09:35:34,42431.00,75,2189550
20221122,09:35:36,42431.00,75,2189550
20221122,09:35:37,42434.10,150,2189550
20221122,09:35:39,42436.65,850,2189550
20221122,09:35:41,42436.35,50,2189550
20221122,09:35:42,42435.95,175,2189550
20221122,09:35:44,42436.50,125,2189550
20221122,09:35:47,42430.00,675,2189550
20221122,09:35:49,42433.80,300,2189550
20221122,09:35:51,42428.50,100,2189550
20221122,09:35:54,42433.55,200,2189550
20221122,09:35:56,42431.75,75,2189550
20221122,09:35:57,42431.75,75,2189550
20221122,09:36:01,42431.20,50,2189550
20221122,09:36:02,42431.20,25,2189550
20221122,09:36:04,42430.90,375,2189550
20221122,09:36:05,42430.00,175,2189550
20221122,09:36:07,42431.60,150,2189550
20221122,09:36:09,42432.20,25,2189550
20221122,09:36:10,42427.20,50,2189550
20221122,09:36:12,42431.90,100,2189550
20221122,09:36:13,42430.60,125,2189550
20221122,09:36:17,42428.70,325,2189550
20221122,09:36:18,42428.35,325,2189550
20221122,09:36:20,42428.90,125,2189550
20221122,09:36:22,42424.00,50,2189550
20221122,09:36:25,42424.00,125,2189550
20221122,09:36:27,42426.30,100,2189550
20221122,09:36:28,42425.00,25,2189550
20221122,09:36:30,42426.90,150,2189550
20221122,09:36:33,42426.20,25,2189550
20221122,09:36:35,42418.05,500,2189550
20221122,09:36:37,42421.10,25,2189550
20221122,09:36:40,42421.00,50,2189550
20221122,09:36:42,42421.10,75,2189550
20221122,09:36:43,42423.45,50,2189550
20221122,09:36:45,42420.20,250,2189550
20221122,09:36:47,42424.90,125,2189550
20221122,09:36:48,42425.65,150,2189550
20221122,09:36:50,42426.00,200,2189550
20221122,09:36:51,42425.90,25,2189550
20221122,09:36:55,42424.45,125,2189550
20221122,09:36:58,42418.75,50,2189550
20221122,09:37:00,42423.00,25,2189550
20221122,09:37:03,42423.00,125,2189550
20221122,09:37:04,42424.60,25,2189550
20221122,09:37:08,42422.00,150,2189550
20221122,09:37:09,42423.00,75,2189550
20221122,09:37:11,42421.15,50,2189550
20221122,09:37:12,42421.95,100,2189550
20221122,09:37:14,42427.00,700,2189550
20221122,09:37:16,42429.80,25,2189550
20221122,09:37:17,42429.80,150,2189550
20221122,09:37:19,42429.80,25,2189550
20221122,09:37:21,42429.80,25,2189550
20221122,09:37:23,42433.25,275,2189550
20221122,09:37:24,42432.35,225,2189550
20221122,09:37:26,42429.80,100,2189550
20221122,09:37:29,42431.75,175,2189550
20221122,09:37:32,42437.60,325,2189550
20221122,09:37:34,42435.00,125,2189550
20221122,09:37:35,42437.65,150,2189550
20221122,09:37:37,42435.40,225,2189550
20221122,09:37:39,42439.00,625,2189550
20221122,09:37:40,42440.20,25,2189550
20221122,09:37:42,42435.40,550,2189550
20221122,09:37:43,42438.40,150,2189550
20221122,09:37:45,42437.90,75,2189550
20221122,09:37:47,42432.65,50,2189550
20221122,09:37:50,42432.60,50,2189550
20221122,09:37:51,42437.90,100,2189550
20221122,09:37:53,42439.00,50,2189550
20221122,09:37:55,42432.85,175,2189550
20221122,09:37:56,42439.25,75,2189550
20221122,09:37:58,42438.75,50,2189550
20221122,09:37:59,42440.70,300,2189550
20221122,09:38:01,42432.60,50,2189550
20221122,09:38:03,42437.90,100,2189550
20221122,09:38:04,42439.00,75,2189550
20221122,09:38:06,42439.00,250,2189550
20221122,09:38:07,42435.00,250,2189550
20221122,09:38:09,42435.85,50,2189550
20221122,09:38:10,42435.00,100,2189550
20221122,09:38:12,42435.65,25,2189550
20221122,09:38:14,42433.65,50,2189550
20221122,09:38:15,42434.05,75,2189550
20221122,09:38:18,42435.15,150,2189550
20221122,09:38:20,42430.00,25,2189550
20221122,09:38:21,42430.05,50,2189550
20221122,09:38:23,42430.05,75,2189550
20221122,09:38:25,42435.00,25,2189550
20221122,09:38:26,42435.85,75,2189550
20221122,09:38:28,42439.00,250,2189550
20221122,09:38:30,42436.10,125,2189550
20221122,09:38:31,42430.05,75,2189550
20221122,09:38:33,42430.00,100,2193975
20221122,09:38:35,42430.00,75,2193975
20221122,09:38:36,42430.95,75,2193975
20221122,09:38:38,42433.30,125,2193975
20221122,09:38:39,42432.90,125,2193975
20221122,09:38:41,42432.60,250,2193975
20221122,09:38:43,42432.85,25,2193975
20221122,09:38:44,42431.20,75,2193975
20221122,09:38:46,42432.05,50,2193975
20221122,09:38:48,42434.25,300,2193975
20221122,09:38:49,42434.50,75,2193975
20221122,09:38:51,42434.10,1050,2193975
20221122,09:38:53,42434.40,150,2193975
20221122,09:38:54,42427.60,475,2193975
20221122,09:38:56,42431.55,375,2193975
20221122,09:38:58,42428.35,25,2193975
20221122,09:38:59,42432.60,225,2193975
20221122,09:39:01,42433.10,350,2193975
20221122,09:39:03,42432.80,350,2193975
20221122,09:39:04,42435.05,500,2193975
20221122,09:39:06,42433.05,200,2193975
20221122,09:39:07,42435.40,200,2193975
20221122,09:39:09,42435.20,275,2193975
20221122,09:39:11,42434.55,75,2193975
20221122,09:39:12,42427.75,150,2193975
20221122,09:39:14,42433.70,225,2193975
20221122,09:39:16,42426.90,500,2193975
20221122,09:39:17,42426.10,100,2193975
20221122,09:39:19,42431.80,175,2193975
20221122,09:39:22,42432.85,125,2193975
20221122,09:39:24,42432.15,125,2193975
20221122,09:39:25,42431.30,125,2193975
20221122,09:39:27,42429.80,475,2193975
20221122,09:39:31,42425.05,125,2193975
20221122,09:39:32,42425.05,25,2193975
20221122,09:39:34,42425.20,75,2193975
20221122,09:39:36,42425.20,50,2193975
20221122,09:39:37,42430.50,350,2193975
20221122,09:39:41,42431.80,100,2193975
20221122,09:39:42,42425.65,25,2193975
20221122,09:39:44,42427.25,75,2193975
20221122,09:39:45,42428.10,325,2193975
20221122,09:39:47,42431.65,150,2193975
20221122,09:39:50,42430.90,225,2193975
20221122,09:39:52,42429.35,75,2193975
20221122,09:39:55,42429.90,125,2193975
20221122,09:39:58,42429.90,25,2193975
20221122,09:40:00,42425.05,100,2193975
20221122,09:40:01,42429.95,75,2193975
20221122,09:40:03,42429.40,250,2193975
20221122,09:40:04,42427.85,475,2193975
20221122,09:40:06,42428.35,675,2193975
20221122,09:40:08,42427.60,1000,2193975
20221122,09:40:09,42422.30,675,2193975
20221122,09:40:11,42424.60,500,2193975
20221122,09:40:13,42424.95,600,2193975
20221122,09:40:14,42424.85,325,2193975
20221122,09:40:16,42425.05,25,2193975
20221122,09:40:21,42425.00,150,2193975
20221122,09:40:22,42420.45,25,2193975
20221122,09:40:24,42427.20,150,2193975
20221122,09:40:25,42428.00,100,2193975
20221122,09:40:27,42422.40,100,2193975
20221122,09:40:28,42429.00,125,2193975
20221122,09:40:35,42430.00,275,2193975
20221122,09:40:36,42429.00,25,2193975
20221122,09:40:38,42428.35,25,2193975
20221122,09:40:39,42432.20,50,2193975
20221122,09:40:41,42429.50,150,2193975
20221122,09:40:42,42435.00,350,2193975
20221122,09:40:49,42435.00,75,2193975
20221122,09:40:50,42437.10,25,2193975
20221122,09:40:52,42437.90,250,2193975
20221122,09:40:54,42438.00,50,2193975
20221122,09:40:55,42437.45,25,2193975
20221122,09:40:57,42438.10,75,2193975
20221122,09:40:58,42437.85,25,2193975
20221122,09:41:00,42439.00,275,2193975
20221122,09:41:01,42438.55,25,2193975
20221122,09:41:03,42434.35,75,2193975
20221122,09:41:06,42438.50,50,2193975
20221122,09:41:08,42432.15,225,2193975
20221122,09:41:09,42433.25,375,2193975
20221122,09:41:13,42434.35,50,2193975
20221122,09:41:14,42427.05,150,2193975
20221122,09:41:17,42426.50,25,2193975
20221122,09:41:19,42426.50,75,2193975
20221122,09:41:20,42430.35,25,2193975
20221122,09:41:22,42431.55,50,2193975
20221122,09:41:25,42427.05,75,2193975
20221122,09:41:28,42425.00,25,2193975
20221122,09:41:29,42421.70,100,2193975
20221122,09:41:31,42424.20,175,2193975
20221122,09:41:32,42424.45,250,2200625
20221122,09:41:34,42422.60,25,2200625
20221122,09:41:35,42428.55,150,2200625
20221122,09:41:38,42417.45,850,2200625
20221122,09:41:40,42424.45,25,2200625
20221122,09:41:41,42424.45,25,2200625
20221122,09:41:43,42425.00,150,2200625
20221122,09:41:44,42418.95,50,2200625
20221122,09:41:46,42419.10,200,2200625
20221122,09:41:47,42421.45,225,2200625
20221122,09:41:49,42419.10,150,2200625
20221122,09:41:52,42424.00,75,2200625
20221122,09:41:53,42419.05,25,2200625
20221122,09:41:55,42420.00,150,2200625
20221122,09:41:56,42418.30,200,2200625
20221122,09:41:58,42425.00,275,2200625
20221122,09:42:01,42418.55,50,2200625
20221122,09:42:02,42420.45,1050,2200625
20221122,09:42:04,42416.25,75,2200625
20221122,09:42:05,42415.55,100,2200625
20221122,09:42:07,42415.45,225,2200625
20221122,09:42:08,42423.00,175,2200625
20221122,09:42:10,42422.85,100,2200625
20221122,09:42:11,42419.10,100,2200625
20221122,09:42:13,42419.10,50,2200625
20221122,09:42:15,42423.70,225,2200625
20221122,09:42:16,42417.85,25,2200625
20221122,09:42:18,42417.85,75,2200625
20221122,09:42:19,42415.00,25,2200625
20221122,09:42:21,42415.00,100,2200625
20221122,09:42:22,42417.85,50,2200625
20221122,09:42:24,42418.60,150,2200625
20221122,09:42:26,42415.00,125,2200625
20221122,09:42:29,42414.00,50,2200625
20221122,09:42:30,42419.00,75,2200625
20221122,09:42:32,42420.00,275,2200625
20221122,09:42:35,42415.00,25,2200625
20221122,09:42:37,42415.15,325,2200625
20221122,09:42:38,42415.35,125,2200625
20221122,09:42:43,42415.00,25,2200625
20221122,09:42:44,42415.00,50,2200625
20221122,09:42:46,42415.00,75,2200625
20221122,09:42:48,42415.00,25,2200625
20221122,09:42:49,42420.00,75,2200625
20221122,09:42:51,42420.00,75,2200625
20221122,09:42:52,42418.90,25,2200625
20221122,09:42:54,42415.30,125,2200625
20221122,09:42:58,42416.10,100,2200625
20221122,09:43:00,42416.60,75,2200625
20221122,09:43:01,42416.85,50,2200625
20221122,09:43:03,42416.90,100,2200625
20221122,09:43:06,42421.55,75,2200625
20221122,09:43:09,42418.15,150,2200625
20221122,09:43:11,42422.80,25,2200625
20221122,09:43:12,42424.20,50,2200625
20221122,09:43:14,42421.55,50,2200625
20221122,09:43:15,42425.00,250,2200625
20221122,09:43:21,42427.00,75,2200625
20221122,09:43:23,42420.40,50,2200625
20221122,09:43:24,42424.35,25,2200625
20221122,09:43:28,42425.00,150,2200625
20221122,09:43:29,42425.00,100,2200625
20221122,09:43:37,42427.05,25,2200625
20221122,09:43:39,42424.95,25,2200625
20221122,09:43:42,42416.00,725,2200625
20221122,09:43:44,42416.00,25,2200625
20221122,09:43:46,42416.00,50,2200625
20221122,09:43:47,42421.90,50,2200625
20221122,09:43:51,42424.95,125,2200625
20221122,09:43:54,42423.95,175,2200625
20221122,09:43:57,42425.00,25,2200625
20221122,09:43:59,42425.00,75,2200625
20221122,09:44:03,42429.35,400,2200625
20221122,09:44:05,42423.60,25,2200625
20221122,09:44:11,42425.35,100,2200625
20221122,09:44:14,42426.90,250,2200625
20221122,09:44:15,42423.00,75,2200625
20221122,09:44:17,42417.40,750,2200625
20221122,09:44:19,42423.65,25,2200625
20221122,09:44:20,42418.70,50,2200625
20221122,09:44:23,42419.70,25,2200625
20221122,09:44:24,42418.10,25,2200625
20221122,09:44:26,42418.10,25,2200625
20221122,09:44:28,42418.10,75,2200625
20221122,09:44:29,42419.05,100,2200625
20221122,09:44:31,42418.05,25,2200625
20221122,09:44:34,42418.80,25,2202425
20221122,09:44:37,42420.60,50,2202425
20221122,09:44:44,42425.00,75,2202425
20221122,09:44:45,42425.00,150,2202425
20221122,09:44:48,42425.00,125,2202425
20221122,09:44:50,42424.70,250,2202425
20221122,09:44:52,42418.00,50,2202425
20221122,09:44:55,42424.95,75,2202425
20221122,09:44:56,42424.90,200,2202425
20221122,09:44:58,42423.40,300,2202425
20221122,09:45:00,42430.00,275,2202425
20221122,09:45:01,42429.00,1650,2202425
20221122,09:45:03,42427.60,650,2202425
20221122,09:45:04,42427.55,50,2202425
20221122,09:45:06,42430.00,100,2202425
20221122,09:45:08,42430.00,75,2202425
20221122,09:45:09,42425.40,50,2202425
20221122,09:45:11,42431.65,100,2202425
20221122,09:45:13,42426.30,100,2202425
20221122,09:45:14,42430.00,300,2202425
20221122,09:45:18,42428.00,25,2202425
20221122,09:45:19,42427.90,25,2202425
20221122,09:45:21,42428.95,100,2202425
20221122,09:45:27,42430.00,175,2202425
20221122,09:45:29,42425.00,25,2202425
20221122,09:45:30,42430.05,75,2202425
20221122,09:45:34,42430.05,25,2202425
20221122,09:45:39,42429.45,100,2202425
20221122,09:45:40,42426.00,25,2202425
20221122,09:45:42,42420.05,275,2202425
20221122,09:45:44,42425.05,50,2202425
20221122,09:45:45,42427.95,150,2202425
20221122,09:45:50,42427.95,25,2202425
20221122,09:45:52,42428.75,150,2202425
20221122,09:45:55,42427.65,200,2202425
20221122,09:45:57,42425.05,25,2202425
20221122,09:46:02,42427.95,75,2202425
20221122,09:46:03,42428.00,100,2202425
20221122,09:46:07,42425.80,325,2202425
20221122,09:46:08,42425.80,25,2202425
20221122,09:46:10,42430.00,250,2202425
20221122,09:46:11,42430.00,25,2202425
20221122,09:46:13,42430.00,425,2202425
20221122,09:46:16,42430.00,150,2202425
20221122,09:46:20,42429.95,25,2202425
20221122,09:46:23,42425.05,125,2202425
20221122,09:46:24,42425.05,200,2202425
20221122,09:46:26,42425.15,750,2202425
20221122,09:46:32,42429.00,75,2202425
20221122,09:46:35,42425.05,25,2202425
20221122,09:46:37,42430.20,25,2202425
20221122,09:46:40,42425.05,75,2202425
20221122,09:46:41,42430.60,175,2202425
20221122,09:46:49,42426.25,375,2202425
20221122,09:46:54,42425.00,100,2202425
20221122,09:46:55,42420.00,200,2202425
20221122,09:47:00,42424.85,100,2202425
20221122,09:47:01,42424.80,50,2202425
20221122,09:47:07,42424.45,75,2202425
20221122,09:47:09,42420.00,125,2202425
20221122,09:47:14,42420.00,75,2202425
20221122,09:47:15,42420.00,75,2202425
20221122,09:47:18,42420.65,50,2202425
20221122,09:47:19,42422.65,50,2202425
20221122,09:47:21,42423.30,25,2202425
20221122,09:47:24,42424.80,125,2202425
20221122,09:47:26,42424.00,50,2202425
20221122,09:47:27,42424.35,50,2202425
20221122,09:47:29,42426.25,50,2202425
20221122,09:47:31,42424.00,25,2202425
20221122,09:47:32,42424.00,75,2202425
20221122,09:47:34,42427.80,25,2201125
20221122,09:47:36,42424.00,125,2201125
20221122,09:47:39,42424.00,150,2201125
20221122,09:47:42,42424.00,25,2201125
20221122,09:47:44,42425.15,50,2201125
20221122,09:47:45,42424.00,25,2201125
20221122,09:47:47,42429.00,25,2201125
20221122,09:47:48,42427.90,825,2201125
20221122,09:47:50,42425.15,25,2201125
20221122,09:47:53,42428.50,150,2201125
20221122,09:47:55,42425.15,25,2201125
20221122,09:47:56,42425.15,25,2201125
20221122,09:47:58,42423.70,675,2201125
20221122,09:48:00,42420.00,975,2201125
20221122,09:48:01,42419.85,375,2201125
20221122,09:48:03,42418.00,400,2201125
20221122,09:48:05,42415.00,225,2201125
20221122,09:48:08,42414.80,200,2201125
20221122,09:48:11,42418.45,50,2201125
20221122,09:48:13,42419.80,25,2201125
20221122,09:48:16,42422.80,50,2201125
20221122,09:48:18,42421.90,25,2201125
20221122,09:48:20,42421.40,25,2201125
20221122,09:48:21,42421.40,75,2201125
20221122,09:48:24,42416.25,50,2201125
20221122,09:48:26,42415.90,25,2201125
20221122,09:48:31,42418.45,25,2201125
20221122,09:48:32,42414.05,250,2201125
20221122,09:48:35,42418.40,350,2201125
20221122,09:48:37,42418.40,75,2201125
20221122,09:48:38,42419.85,450,2201125
20221122,09:48:40,42413.55,1200,2201125
20221122,09:48:42,42417.95,225,2201125
20221122,09:48:43,42416.25,300,2201125
20221122,09:48:45,42417.95,75,2201125
20221122,09:48:46,42421.40,25,2201125
20221122,09:48:48,42414.20,50,2201125
20221122,09:48:51,42414.20,75,2201125
20221122,09:48:54,42414.05,50,2201125
20221122,09:48:56,42419.25,25,2201125
20221122,09:48:59,42414.05,25,2201125
20221122,09:49:02,42415.00,75,2201125
20221122,09:49:03,42414.90,125,2201125
20221122,09:49:05,42420.40,150,2201125
20221122,09:49:06,42419.90,225,2201125
20221122,09:49:08,42415.00,50,2201125
20221122,09:49:13,42415.00,275,2201125
20221122,09:49:14,42415.75,50,2201125
20221122,09:49:16,42415.00,150,2201125
20221122,09:49:18,42416.10,50,2201125
20221122,09:49:21,42416.10,125,2201125
20221122,09:49:22,42420.00,150,2201125
20221122,09:49:25,42421.40,50,2201125
20221122,09:49:27,42421.40,150,2201125
20221122,09:49:32,42421.40,25,2201125
20221122,09:49:33,42421.40,25,2201125
20221122,09:49:35,42421.40,50,2201125
20221122,09:49:39,42421.40,125,2201125
20221122,09:49:41,42418.65,50,2201125
20221122,09:49:42,42417.75,25,2201125
20221122,09:49:44,42421.40,300,2201125
20221122,09:49:45,42419.85,100,2201125
20221122,09:49:47,42424.00,25,2201125
20221122,09:49:48,42425.00,25,2201125
20221122,09:49:50,42425.00,75,2201125
20221122,09:49:51,42426.25,25,2201125
20221122,09:49:53,42425.30,25,2201125
20221122,09:49:54,42425.00,50,2201125
20221122,09:49:56,42424.00,25,2201125
20221122,09:50:00,42424.00,25,2201125
20221122,09:50:02,42426.95,75,2201125
20221122,09:50:03,42423.60,75,2201125
20221122,09:50:04,42422.85,75,2201125
20221122,09:50:06,42423.00,75,2201125
20221122,09:50:07,42423.00,25,2201125
20221122,09:50:09,42421.10,50,2201125
20221122,09:50:10,42421.15,25,2201125
20221122,09:50:12,42423.50,25,2201125
20221122,09:50:14,42423.50,250,2201125
20221122,09:50:16,42426.25,25,2201125
20221122,09:50:17,42426.00,25,2201125
20221122,09:50:19,42426.00,75,2201125
20221122,09:50:20,42424.15,25,2201125
20221122,09:50:25,42424.15,25,2201125
20221122,09:50:27,42425.25,25,2201125
20221122,09:50:30,42424.10,50,2201125
20221122,09:50:32,42424.35,125,2201125
20221122,09:50:33,42424.35,50,2201125
20221122,09:50:35,42424.35,25,2198350
20221122,09:50:38,42425.25,25,2198350
20221122,09:50:42,42426.95,25,2198350
20221122,09:50:43,42426.90,25,2198350
20221122,09:50:45,42422.30,50,2198350
20221122,09:50:48,42422.30,75,2198350
20221122,09:51:00,42426.65,25,2198350
20221122,09:51:01,42423.00,25,2198350
20221122,09:51:03,42423.00,50,2198350
20221122,09:51:04,42422.30,125,2198350
20221122,09:51:06,42423.80,25,2198350
20221122,09:51:10,42422.05,25,2198350
20221122,09:51:12,42422.00,25,2198350
20221122,09:51:14,42422.50,50,2198350
20221122,09:51:15,42421.15,25,2198350
20221122,09:51:17,42421.15,50,2198350
20221122,09:51:18,42424.50,25,2198350
20221122,09:51:21,42426.65,175,2198350
20221122,09:51:26,42426.90,75,2198350
20221122,09:51:28,42426.95,75,2198350
20221122,09:51:29,42429.15,600,2198350
20221122,09:51:32,42429.40,350,2198350
20221122,09:51:34,42428.65,125,2198350
20221122,09:51:39,42428.65,25,2198350
20221122,09:51:41,42426.15,25,2198350
20221122,09:51:44,42425.00,50,2198350
20221122,09:51:47,42425.00,50,2198350
20221122,09:51:48,42425.00,50,2198350
20221122,09:51:56,42425.00,25,2198350
20221122,09:51:57,42421.50,125,2198350
20221122,09:52:00,42421.50,75,2198350
20221122,09:52:05,42421.50,25,2198350
20221122,09:52:08,42420.00,125,2198350
20221122,09:52:10,42420.75,25,2198350
20221122,09:52:11,42420.60,100,2198350
20221122,09:52:13,42420.00,25,2198350
20221122,09:52:14,42420.00,125,2198350
20221122,09:52:16,42418.25,75,2198350
20221122,09:52:18,42415.55,50,2198350
20221122,09:52:21,42416.15,175,2198350
20221122,09:52:24,42420.30,25,2198350
20221122,09:52:26,42415.30,25,2198350
20221122,09:52:29,42415.30,25,2198350
20221122,09:52:31,42415.30,75,2198350
20221122,09:52:34,42419.00,50,2198350
20221122,09:52:35,42419.20,25,2198350
20221122,09:52:37,42419.70,25,2198350
20221122,09:52:40,42420.00,50,2198350
20221122,09:52:42,42420.35,25,2198350
20221122,09:52:44,42420.75,25,2198350
20221122,09:52:45,42420.75,50,2198350
20221122,09:52:47,42409.90,1250,2198350
20221122,09:52:49,42411.05,500,2198350
20221122,09:52:50,42407.70,150,2198350
20221122,09:52:52,42408.70,225,2198350
20221122,09:52:55,42410.20,25,2198350
20221122,09:52:57,42413.90,25,2198350
20221122,09:52:58,42418.00,600,2198350
20221122,09:53:00,42418.00,75,2198350
20221122,09:53:02,42416.25,50,2198350
20221122,09:53:03,42417.95,100,2198350
20221122,09:53:05,42411.05,100,2198350
20221122,09:53:07,42411.20,75,2198350
20221122,09:53:08,42416.25,50,2198350
20221122,09:53:10,42411.75,25,2198350
20221122,09:53:13,42409.35,350,2198350
20221122,09:53:15,42412.30,200,2198350
20221122,09:53:16,42411.95,75,2198350
20221122,09:53:18,42416.60,125,2198350
20221122,09:53:19,42416.55,125,2198350
20221122,09:53:24,42415.45,75,2198350
20221122,09:53:27,42417.40,175,2198350
20221122,09:53:29,42417.40,75,2198350
20221122,09:53:32,42417.40,75,2198350
20221122,09:53:35,42411.75,25,2200700
20221122,09:53:38,42415.00,25,2200700
20221122,09:53:40,42415.80,100,2200700
20221122,09:53:42,42415.00,50,2200700
20221122,09:53:43,42415.00,50,2200700
20221122,09:53:46,42415.80,25,2200700
20221122,09:53:54,42418.00,25,2200700
20221122,09:53:57,42418.00,75,2200700
20221122,09:54:01,42418.00,25,2200700
20221122,09:54:02,42417.95,25,2200700
20221122,09:54:04,42418.00,25,2200700
20221122,09:54:07,42418.00,100,2200700
20221122,09:54:09,42418.00,125,2200700
20221122,09:54:10,42418.00,25,2200700
20221122,09:54:12,42420.00,100,2200700
20221122,09:54:14,42415.00,275,2200700
20221122,09:54:15,42418.30,200,2200700
20221122,09:54:18,42417.30,125,2200700
20221122,09:54:23,42411.00,50,2200700
20221122,09:54:27,42416.90,275,2200700
20221122,09:54:29,42411.75,50,2200700
20221122,09:54:30,42416.75,100,2200700
20221122,09:54:32,42417.95,550,2200700
20221122,09:54:35,42411.25,500,2200700
20221122,09:54:36,42417.75,700,2200700
20221122,09:54:38,42411.90,150,2200700
20221122,09:54:39,42422.25,825,2200700
20221122,09:54:41,42421.25,75,2200700
20221122,09:54:43,42421.25,25,2200700
20221122,09:54:44,42415.00,50,2200700
20221122,09:54:49,42415.00,150,2200700
20221122,09:54:51,42415.00,300,2200700
20221122,09:54:52,42415.00,100,2200700
20221122,09:54:57,42419.00,150,2200700
20221122,09:54:58,42412.40,100,2200700
20221122,09:55:01,42413.25,50,2200700
20221122,09:55:02,42413.70,75,2200700
20221122,09:55:04,42413.70,50,2200700
20221122,09:55:05,42414.45,50,2200700
20221122,09:55:07,42413.25,25,2200700
20221122,09:55:08,42412.60,25,2200700
20221122,09:55:11,42412.60,50,2200700
20221122,09:55:13,42413.85,150,2200700
20221122,09:55:14,42411.35,25,2200700
20221122,09:55:16,42409.25,1500,2200700
20221122,09:55:17,42411.15,50,2200700
20221122,09:55:19,42409.35,25,2200700
20221122,09:55:20,42409.30,550,2200700
20221122,09:55:22,42409.15,100,2200700
20221122,09:55:23,42409.25,75,2200700
20221122,09:55:25,42407.60,450,2200700
20221122,09:55:26,42409.15,975,2200700
20221122,09:55:28,42407.00,100,2200700
20221122,09:55:30,42407.20,25,2200700
20221122,09:55:31,42409.15,425,2200700
20221122,09:55:33,42410.75,50,2200700
20221122,09:55:34,42407.15,25,2200700
20221122,09:55:36,42410.95,125,2200700
20221122,09:55:37,42410.25,75,2200700
20221122,09:55:39,42412.50,75,2200700
20221122,09:55:41,42409.95,150,2200700
20221122,09:55:42,42412.70,25,2200700
20221122,09:55:47,42413.00,25,2200700
20221122,09:55:48,42412.95,25,2200700
20221122,09:55:53,42413.00,125,2200700
20221122,09:55:54,42413.00,75,2200700
20221122,09:55:56,42408.60,100,2200700
20221122,09:55:59,42411.10,25,2200700
20221122,09:56:03,42412.95,400,2200700
20221122,09:56:07,42410.90,100,2200700
20221122,09:56:08,42407.00,850,2200700
20221122,09:56:10,42405.15,1375,2200700
20221122,09:56:11,42406.90,25,2200700
20221122,09:56:13,42405.85,25,2200700
20221122,09:56:14,42405.40,75,2200700
20221122,09:56:16,42405.55,50,2200700
20221122,09:56:17,42405.55,25,2200700
20221122,09:56:18,42405.25,75,2200700
20221122,09:56:20,42405.05,425,2200700
20221122,09:56:21,42406.10,75,2200700
20221122,09:56:23,42409.05,100,2200700
20221122,09:56:24,42406.30,150,2200700
20221122,09:56:25,42406.35,25,2200700
20221122,09:56:27,42408.00,375,2200700
20221122,09:56:28,42406.20,100,2200700
20221122,09:56:30,42407.00,25,2200700
20221122,09:56:32,42407.00,25,2200700
20221122,09:56:33,42406.50,50,2200700
20221122,09:56:36,42406.35,50,2200425
20221122,09:56:37,42406.35,25,2200425
20221122,09:56:39,42410.65,150,2200425
20221122,09:56:40,42411.90,50,2200425
20221122,09:56:43,42408.00,25,2200425
20221122,09:56:45,42407.35,50,2200425
20221122,09:56:46,42407.30,25,2200425
20221122,09:56:47,42410.00,50,2200425
20221122,09:56:49,42408.00,100,2200425
20221122,09:56:50,42406.80,100,2200425
20221122,09:56:52,42406.00,25,2200425
20221122,09:56:53,42412.45,125,2200425
20221122,09:56:55,42410.40,50,2200425
20221122,09:56:57,42411.60,50,2200425
20221122,09:56:58,42409.65,50,2200425
20221122,09:57:00,42409.25,25,2200425
20221122,09:57:01,42409.95,25,2200425
20221122,09:57:03,42415.00,75,2200425
20221122,09:57:04,42412.35,75,2200425
20221122,09:57:07,42412.20,75,2200425
20221122,09:57:12,42415.00,25,2200425
20221122,09:57:18,42420.00,75,2200425
20221122,09:57:19,42422.90,75,2200425
20221122,09:57:23,42418.00,125,2200425
20221122,09:57:24,42422.40,25,2200425
20221122,09:57:26,42425.00,350,2200425
20221122,09:57:27,42423.85,175,2200425
20221122,09:57:29,42419.00,25,2200425
20221122,09:57:30,42422.95,75,2200425
20221122,09:57:32,42422.65,25,2200425
20221122,09:57:33,42422.65,100,2200425
20221122,09:57:36,42422.65,50,2200425
20221122,09:57:38,42417.00,75,2200425
20221122,09:57:39,42421.05,100,2200425
20221122,09:57:44,42415.00,475,2200425
20221122,09:57:46,42420.00,50,2200425
20221122,09:57:47,42413.95,100,2200425
20221122,09:57:49,42415.10,25,2200425
20221122,09:57:55,42411.00,75,2200425
20221122,09:57:56,42411.15,100,2200425
20221122,09:58:00,42409.30,25,2200425
20221122,09:58:04,42414.00,25,2200425
20221122,09:58:06,42414.00,50,2200425
20221122,09:58:07,42412.15,25,2200425
20221122,09:58:13,42413.85,25,2200425
20221122,09:58:15,42414.00,25,2200425
20221122,09:58:17,42417.00,25,2200425
20221122,09:58:19,42420.35,75,2200425
20221122,09:58:21,42420.35,75,2200425
20221122,09:58:22,42419.95,250,2200425
20221122,09:58:24,42420.75,25,2200425
20221122,09:58:27,42420.75,25,2200425
20221122,09:58:28,42416.30,25,2200425
20221122,09:58:30,42415.15,25,2200425
20221122,09:58:31,42416.30,50,2200425
20221122,09:58:36,42414.40,150,2200425
20221122,09:58:37,42416.00,50,2200425
20221122,09:58:39,42415.30,50,2200425
20221122,09:58:40,42415.05,25,2200425
20221122,09:58:44,42411.10,175,2200425
20221122,09:58:45,42410.95,225,2200425
20221122,09:58:50,42410.95,75,2200425
20221122,09:58:51,42419.40,25,2200425
20221122,09:58:53,42412.95,25,2200425
20221122,09:59:00,42411.35,100,2200425
20221122,09:59:02,42411.60,25,2200425
20221122,09:59:05,42416.20,175,2200425
20221122,09:59:07,42416.20,25,2200425
20221122,09:59:08,42416.25,75,2200425
20221122,09:59:13,42416.25,25,2200425
20221122,09:59:14,42416.25,25,2200425
20221122,09:59:18,42411.65,25,2200425
20221122,09:59:19,42411.65,50,2200425
20221122,09:59:25,42415.95,25,2200425
20221122,09:59:28,42414.20,25,2200425
20221122,09:59:30,42414.30,50,2200425
20221122,09:59:31,42414.55,25,2200425
20221122,09:59:34,42412.05,100,2200425
20221122,09:59:36,42411.60,25,2200425
20221122,09:59:43,42413.70,25,2200425
20221122,09:59:45,42411.60,200,2201325
20221122,09:59:47,42410.80,500,2201325
20221122,09:59:48,42410.80,50,2201325
20221122,09:59:51,42410.80,25,2201325
20221122,09:59:52,42413.95,50,2201325
20221122,10:00:03,42411.60,100,2201325
20221122,10:00:06,42418.50,525,2201325
20221122,10:00:09,42411.90,25,2201325
20221122,10:00:15,42411.60,25,2201325
20221122,10:00:16,42415.95,100,2201325
20221122,10:00:18,42415.80,75,2201325
20221122,10:00:23,42415.80,25,2201325
20221122,10:00:27,42415.40,25,2201325
20221122,10:00:29,42417.70,25,2201325
20221122,10:00:31,42416.00,25,2201325
20221122,10:00:32,42416.00,100,2201325
20221122,10:00:38,42418.35,25,2201325
20221122,10:00:40,42417.00,25,2201325
20221122,10:00:43,42417.00,25,2201325
20221122,10:00:44,42416.05,75,2201325
20221122,10:00:46,42416.00,100,2201325
20221122,10:00:48,42416.00,25,2201325
20221122,10:00:49,42418.95,50,2201325
20221122,10:00:54,42418.65,25,2201325
20221122,10:01:01,42418.65,75,2201325
20221122,10:01:03,42418.85,50,2201325
20221122,10:01:04,42418.45,100,2201325
20221122,10:01:06,42417.50,25,2201325
20221122,10:01:09,42419.20,25,2201325
20221122,10:01:10,42417.15,125,2201325
20221122,10:01:12,42419.15,50,2201325
20221122,10:01:14,42419.15,25,2201325
20221122,10:01:15,42419.15,50,2201325
20221122,10:01:17,42419.60,50,2201325
20221122,10:01:18,42418.75,25,2201325
20221122,10:01:20,42419.80,800,2201325
20221122,10:01:23,42422.65,175,2201325
20221122,10:01:25,42423.35,50,2201325
20221122,10:01:26,42423.95,150,2201325
20221122,10:01:31,42419.80,100,2201325
20221122,10:01:33,42423.70,200,2201325
20221122,10:01:34,42424.75,250,2201325
20221122,10:01:38,42428.65,25,2201325
20221122,10:01:39,42428.75,25,2201325
20221122,10:01:41,42429.40,125,2201325
20221122,10:01:42,42427.85,125,2201325
20221122,10:01:44,42424.00,25,2201325
20221122,10:01:46,42427.00,100,2201325
20221122,10:01:47,42426.60,25,2201325
20221122,10:01:49,42429.00,75,2201325
20221122,10:01:52,42427.45,50,2201325
20221122,10:01:54,42428.35,375,2201325
20221122,10:01:55,42426.70,50,2201325
20221122,10:01:57,42420.90,75,2201325
20221122,10:01:58,42425.35,100,2201325
20221122,10:02:00,42422.90,100,2201325
20221122,10:02:03,42425.45,25,2201325
20221122,10:02:05,42425.20,50,2201325
20221122,10:02:06,42426.00,50,2201325
20221122,10:02:10,42428.15,25,2201325
20221122,10:02:11,42428.15,450,2201325
20221122,10:02:13,42427.80,50,2201325
20221122,10:02:14,42426.85,150,2201325
20221122,10:02:16,42427.30,200,2201325
20221122,10:02:17,42428.00,25,2201325
20221122,10:02:21,42426.90,150,2201325
20221122,10:02:22,42425.00,325,2201325
20221122,10:02:24,42425.25,75,2201325
20221122,10:02:25,42423.50,100,2201325
20221122,10:02:27,42423.50,50,2201325
20221122,10:02:29,42423.50,75,2201325
20221122,10:02:30,42420.00,25,2201325
20221122,10:02:33,42420.40,50,2201325
20221122,10:02:35,42425.25,100,2201325
20221122,10:02:36,42423.25,75,2201325
20221122,10:02:38,42423.25,25,2202500
20221122,10:02:39,42420.00,25,2202500
20221122,10:02:41,42423.25,100,2202500
20221122,10:02:42,42423.25,25,2202500
20221122,10:02:44,42423.25,100,2202500
20221122,10:02:48,42423.25,25,2202500
20221122,10:02:50,42420.50,25,2202500
20221122,10:02:51,42420.00,150,2202500
20221122,10:02:53,42420.00,150,2202500
20221122,10:02:54,42420.95,50,2202500
20221122,10:02:58,42420.95,75,2202500
20221122,10:03:00,42421.40,100,2202500
20221122,10:03:01,42420.90,75,2202500
20221122,10:03:04,42420.85,25,2202500
20221122,10:03:08,42422.90,150,2202500
20221122,10:03:11,42422.60,50,2202500
20221122,10:03:12,42422.60,50,2202500
20221122,10:03:14,42421.25,650,2202500
20221122,10:03:17,42416.80,25,2202500
20221122,10:03:20,42416.40,100,2202500
20221122,10:03:21,42416.15,25,2202500
20221122,10:03:24,42418.65,25,2202500
20221122,10:03:26,42418.65,25,2202500
20221122,10:03:27,42418.65,75,2202500
20221122,10:03:30,42418.65,75,2202500
20221122,10:03:32,42415.00,75,2202500
20221122,10:03:35,42413.00,50,2202500
20221122,10:03:36,42413.55,25,2202500
20221122,10:03:38,42412.00,25,2202500
20221122,10:03:39,42415.90,25,2202500
20221122,10:03:42,42415.90,50,2202500
20221122,10:03:46,42412.00,50,2202500
20221122,10:03:49,42410.50,100,2202500
20221122,10:03:52,42410.50,25,2202500
20221122,10:03:53,42410.50,175,2202500
20221122,10:03:56,42410.50,75,2202500
20221122,10:03:58,42410.50,175,2202500
20221122,10:03:59,42410.50,125,2202500
20221122,10:04:02,42410.50,150,2202500
20221122,10:04:04,42410.50,100,2202500
20221122,10:04:05,42410.60,175,2202500
20221122,10:04:07,42410.00,225,2202500
20221122,10:04:09,42410.00,125,2202500
20221122,10:04:10,42410.00,425,2202500
20221122,10:04:11,42410.00,25,2202500
20221122,10:04:13,42410.00,25,2202500
20221122,10:04:14,42409.00,550,2202500
20221122,10:04:16,42409.85,25,2202500
20221122,10:04:17,42409.00,25,2202500
20221122,10:04:19,42409.00,25,2202500
20221122,10:04:20,42409.00,275,2202500
20221122,10:04:21,42409.00,50,2202500
20221122,10:04:25,42409.85,100,2202500
20221122,10:04:27,42409.85,25,2202500
20221122,10:04:30,42410.00,50,2202500
20221122,10:04:37,42410.00,75,2202500
20221122,10:04:39,42410.00,275,2202500
20221122,10:04:40,42409.80,275,2202500
20221122,10:04:43,42409.00,50,2202500
20221122,10:04:45,42409.95,50,2202500
20221122,10:04:46,42411.85,150,2202500
20221122,10:04:47,42411.00,25,2202500
20221122,10:04:49,42411.95,100,2202500
20221122,10:04:51,42411.00,50,2202500
20221122,10:04:53,42410.00,25,2202500
20221122,10:04:55,42410.00,200,2202500
20221122,10:05:01,42410.00,50,2202500
20221122,10:05:03,42410.00,25,2202500
20221122,10:05:04,42410.00,50,2202500
20221122,10:05:06,42409.00,125,2202500
20221122,10:05:07,42409.00,100,2202500
20221122,10:05:08,42408.25,300,2202500
20221122,10:05:10,42408.50,250,2202500
20221122,10:05:11,42408.70,325,2202500
20221122,10:05:12,42409.20,625,2202500
20221122,10:05:14,42407.50,300,2202500
20221122,10:05:15,42407.40,75,2202500
20221122,10:05:17,42408.10,75,2202500
20221122,10:05:18,42408.10,50,2202500
20221122,10:05:20,42411.40,25,2202500
20221122,10:05:22,42408.00,125,2202500
20221122,10:05:24,42408.00,75,2202500
20221122,10:05:25,42410.45,125,2202500
20221122,10:05:27,42410.45,25,2202500
20221122,10:05:30,42410.80,75,2202500
20221122,10:05:31,42410.55,25,2202500
20221122,10:05:32,42408.00,100,2202500
20221122,10:05:34,42410.35,125,2202500
20221122,10:05:35,42410.00,25,2202500
20221122,10:05:36,42408.15,150,2202500
20221122,10:05:38,42410.35,25,2202500
20221122,10:05:40,42410.35,50,2199350
20221122,10:05:42,42410.00,225,2199350
20221122,10:05:45,42410.00,25,2199350
20221122,10:05:48,42410.35,125,2199350
20221122,10:05:50,42410.90,300,2199350
20221122,10:05:51,42408.00,25,2199350
20221122,10:05:54,42408.00,75,2199350
20221122,10:05:55,42408.00,25,2199350
20221122,10:05:57,42409.75,50,2199350
20221122,10:05:58,42408.00,25,2199350
20221122,10:06:00,42408.55,100,2199350
20221122,10:06:01,42407.30,50,2199350
20221122,10:06:04,42406.05,150,2199350
20221122,10:06:06,42405.00,250,2199350
20221122,10:06:07,42405.00,75,2199350
20221122,10:06:09,42405.00,275,2199350
20221122,10:06:10,42405.00,50,2199350
20221122,10:06:11,42405.00,100,2199350
20221122,10:06:13,42405.00,75,2199350
20221122,10:06:14,42405.00,75,2199350
20221122,10:06:15,42407.80,250,2199350
20221122,10:06:17,42406.15,100,2199350
20221122,10:06:18,42406.70,25,2199350
20221122,10:06:20,42407.25,150,2199350
20221122,10:06:21,42406.55,25,2199350
20221122,10:06:23,42409.45,200,2199350
20221122,10:06:24,42409.10,50,2199350
20221122,10:06:26,42409.10,25,2199350
20221122,10:06:27,42409.90,50,2199350
20221122,10:06:31,42409.90,200,2199350
20221122,10:06:32,42407.40,100,2199350
20221122,10:06:34,42409.65,50,2199350
20221122,10:06:35,42407.15,125,2199350
20221122,10:06:37,42407.25,25,2199350
20221122,10:06:38,42407.25,25,2199350
20221122,10:06:40,42410.00,50,2199350
20221122,10:06:44,42410.00,25,2199350
20221122,10:06:46,42407.25,25,2199350
20221122,10:06:47,42408.20,25,2199350
20221122,10:06:50,42408.35,100,2199350
20221122,10:06:52,42408.45,100,2199350
20221122,10:06:55,42408.05,75,2199350
20221122,10:06:57,42406.00,150,2199350
20221122,10:07:00,42408.30,50,2199350
20221122,10:07:01,42408.35,100,2199350
20221122,10:07:04,42408.35,50,2199350
20221122,10:07:06,42406.50,25,2199350
20221122,10:07:07,42407.45,125,2199350
20221122,10:07:11,42406.55,25,2199350
20221122,10:07:13,42406.55,25,2199350
20221122,10:07:17,42408.65,450,2199350
20221122,10:07:21,42408.95,50,2199350
20221122,10:07:25,42408.60,25,2199350
20221122,10:07:32,42409.00,200,2199350
20221122,10:07:34,42407.50,125,2199350
20221122,10:07:35,42409.85,75,2199350
20221122,10:07:37,42409.85,150,2199350
20221122,10:07:38,42409.85,25,2199350
20221122,10:07:40,42408.05,250,2199350
20221122,10:07:42,42411.90,200,2199350
20221122,10:07:48,42409.80,75,2199350
20221122,10:07:50,42410.00,625,2199350
20221122,10:08:02,42408.00,25,2199350
20221122,10:08:05,42408.35,125,2199350
20221122,10:08:07,42408.35,25,2199350
20221122,10:08:08,42408.00,50,2199350
20221122,10:08:10,42408.00,175,2199350
20221122,10:08:11,42408.00,25,2199350
20221122,10:08:14,42408.00,25,2199350
20221122,10:08:17,42408.10,25,2199350
20221122,10:08:20,42408.00,150,2199350
20221122,10:08:21,42408.00,50,2199350
20221122,10:08:23,42408.00,25,2199350
20221122,10:08:24,42408.00,125,2199350
20221122,10:08:25,42407.85,375,2199350
20221122,10:08:27,42406.00,25,2199350
20221122,10:08:34,42400.00,2000,2199350
20221122,10:08:35,42399.90,175,2199350
20221122,10:08:37,42398.00,50,2199350
20221122,10:08:38,42398.00,75,2197775
20221122,10:08:40,42399.45,25,2197775
20221122,10:08:42,42400.00,125,2197775
20221122,10:08:43,42401.40,50,2197775
20221122,10:08:45,42404.70,50,2197775
20221122,10:08:48,42401.05,100,2197775
20221122,10:08:49,42401.05,50,2197775
20221122,10:08:51,42400.75,75,2197775
20221122,10:08:53,42403.10,50,2197775
20221122,10:08:54,42403.95,75,2197775
20221122,10:08:56,42404.65,275,2197775
20221122,10:08:57,42408.10,75,2197775
20221122,10:08:59,42404.55,50,2197775
20221122,10:09:00,42404.45,125,2197775
20221122,10:09:02,42403.95,175,2197775
20221122,10:09:03,42403.85,575,2197775
20221122,10:09:05,42404.85,50,2197775
20221122,10:09:07,42404.40,150,2197775
20221122,10:09:08,42404.90,75,2197775
20221122,10:09:10,42404.90,100,2197775
20221122,10:09:11,42405.00,75,2197775
20221122,10:09:13,42406.50,175,2197775
20221122,10:09:14,42406.55,75,2197775
20221122,10:09:16,42401.05,125,2197775
20221122,10:09:18,42400.10,450,2197775
20221122,10:09:21,42404.35,175,2197775
20221122,10:09:22,42401.00,25,2197775
20221122,10:09:24,42399.45,175,2197775
20221122,10:09:25,42400.55,50,2197775
20221122,10:09:27,42400.00,25,2197775
20221122,10:09:30,42400.85,50,2197775
20221122,10:09:31,42400.55,125,2197775
20221122,10:09:33,42401.35,250,2197775
20221122,10:09:35,42400.95,25,2197775
20221122,10:09:36,42402.95,50,2197775
20221122,10:09:38,42400.10,125,2197775
20221122,10:09:39,42402.60,25,2197775
20221122,10:09:41,42404.00,300,2197775
20221122,10:09:42,42403.95,50,2197775
20221122,10:09:45,42403.90,75,2197775
20221122,10:09:46,42405.00,500,2197775
20221122,10:09:48,42405.00,25,2197775
20221122,10:09:49,42405.85,275,2197775
20221122,10:09:51,42406.65,50,2197775
20221122,10:09:54,42406.10,25,2197775
20221122,10:09:57,42406.10,25,2197775
20221122,10:09:58,42407.15,50,2197775
20221122,10:10:00,42410.00,425,2197775
20221122,10:10:01,42411.00,375,2197775
20221122,10:10:03,42411.00,75,2197775
20221122,10:10:05,42407.80,150,2197775
20221122,10:10:06,42405.70,875,2197775
20221122,10:10:10,42407.50,125,2197775
20221122,10:10:11,42405.00,25,2197775
20221122,10:10:14,42405.00,75,2197775
20221122,10:10:16,42409.00,350,2197775
20221122,10:10:17,42408.05,25,2197775
20221122,10:10:21,42408.10,50,2197775
20221122,10:10:22,42408.10,25,2197775
20221122,10:10:25,42408.10,150,2197775
20221122,10:10:31,42408.25,150,2197775
20221122,10:10:33,42407.15,125,2197775
20221122,10:10:37,42401.40,725,2197775
20221122,10:10:41,42402.00,50,2197775
20221122,10:10:42,42402.00,125,2197775
20221122,10:10:44,42401.05,1025,2197775
20221122,10:10:45,42401.05,50,2197775
20221122,10:10:47,42398.20,50,2197775
20221122,10:10:51,42395.35,1975,2197775
20221122,10:10:53,42396.75,75,2197775
20221122,10:10:56,42397.80,25,2197775
20221122,10:10:58,42395.80,50,2197775
20221122,10:10:59,42394.85,425,2197775
20221122,10:11:01,42395.00,175,2197775
20221122,10:11:03,42394.95,250,2197775
20221122,10:11:04,42395.00,150,2197775
20221122,10:11:06,42394.65,75,2197775
20221122,10:11:07,42394.75,100,2197775
20221122,10:11:09,42395.35,350,2197775
20221122,10:11:10,42392.85,325,2197775
20221122,10:11:12,42396.55,50,2197775
20221122,10:11:14,42396.55,25,2197775
20221122,10:11:16,42396.55,75,2197775
20221122,10:11:19,42394.05,150,2197775
20221122,10:11:21,42394.95,25,2197775
20221122,10:11:22,42393.65,50,2197775
20221122,10:11:24,42397.45,650,2197775
20221122,10:11:27,42393.95,25,2197775
20221122,10:11:28,42394.95,400,2197775
20221122,10:11:30,42396.00,325,2197775
20221122,10:11:32,42395.65,1125,2197775
20221122,10:11:35,42395.05,75,2197775
20221122,10:11:36,42394.45,100,2197775
20221122,10:11:38,42396.10,50,2197775
20221122,10:11:41,42393.75,50,2192550
20221122,10:11:43,42399.10,300,2192550
20221122,10:11:44,42400.00,425,2192550
20221122,10:11:46,42401.60,275,2192550
20221122,10:11:49,42401.45,75,2192550
20221122,10:11:51,42397.40,75,2192550
20221122,10:11:52,42401.00,25,2192550
20221122,10:11:54,42403.45,50,2192550
20221122,10:11:55,42404.40,25,2192550
20221122,10:11:57,42403.95,25,2192550
20221122,10:11:58,42404.40,175,2192550
20221122,10:12:00,42410.00,7275,2192550
20221122,10:12:01,42410.20,25,2192550
20221122,10:12:03,42410.00,75,2192550
20221122,10:12:04,42403.55,425,2192550
20221122,10:12:14,42405.70,175,2192550
20221122,10:12:17,42408.00,50,2192550
20221122,10:12:20,42406.05,25,2192550
20221122,10:12:21,42407.60,50,2192550
20221122,10:12:24,42406.10,25,2192550
20221122,10:12:26,42407.25,50,2192550
20221122,10:12:28,42407.25,75,2192550
20221122,10:12:31,42409.30,100,2192550
20221122,10:12:32,42409.65,25,2192550
20221122,10:12:34,42410.00,250,2192550
20221122,10:12:38,42410.00,50,2192550
20221122,10:12:40,42410.55,250,2192550
20221122,10:12:42,42414.90,75,2192550
20221122,10:12:43,42414.95,75,2192550
20221122,10:12:46,42415.00,25,2192550
20221122,10:12:48,42415.00,100,2192550
20221122,10:12:49,42415.15,25,2192550
20221122,10:12:51,42416.00,75,2192550
20221122,10:12:52,42417.10,150,2192550
20221122,10:12:54,42417.55,25,2192550
20221122,10:12:55,42418.00,200,2192550
20221122,10:12:57,42418.90,275,2192550
20221122,10:12:58,42418.95,500,2192550
20221122,10:13:00,42415.05,100,2192550
20221122,10:13:02,42419.95,600,2192550
20221122,10:13:03,42417.50,25,2192550
20221122,10:13:07,42412.00,200,2192550
20221122,10:13:09,42412.00,25,2192550
20221122,10:13:10,42415.00,50,2192550
20221122,10:13:12,42415.65,75,2192550
20221122,10:13:14,42414.70,75,2192550
20221122,10:13:15,42412.00,25,2192550
20221122,10:13:17,42413.40,50,2192550
20221122,10:13:18,42414.40,75,2192550
20221122,10:13:23,42414.60,225,2192550
20221122,10:13:24,42415.00,150,2192550
20221122,10:13:26,42417.65,225,2192550
20221122,10:13:34,42416.00,25,2192550
20221122,10:13:37,42416.00,100,2192550
20221122,10:13:38,42413.40,25,2192550
20221122,10:13:41,42411.35,325,2192550
20221122,10:13:43,42415.30,25,2192550
20221122,10:13:45,42414.35,75,2192550
20221122,10:13:46,42414.50,25,2192550
20221122,10:13:47,42414.50,25,2192550
20221122,10:13:50,42414.50,25,2192550
20221122,10:13:53,42415.00,25,2192550
20221122,10:13:55,42414.55,175,2192550
20221122,10:13:57,42413.85,100,2192550
20221122,10:14:04,42411.00,200,2192550
20221122,10:14:06,42410.90,50,2192550
20221122,10:14:08,42410.75,50,2192550
20221122,10:14:09,42410.75,100,2192550
20221122,10:14:13,42410.60,25,2192550
20221122,10:14:15,42406.05,250,2192550
20221122,10:14:17,42408.20,150,2192550
20221122,10:14:18,42409.60,125,2192550
20221122,10:14:20,42410.60,50,2192550
20221122,10:14:21,42408.65,50,2192550
20221122,10:14:23,42408.55,25,2192550
20221122,10:14:24,42410.10,100,2192550
20221122,10:14:31,42408.00,50,2192550
20221122,10:14:33,42410.35,500,2192550
20221122,10:14:36,42411.25,25,2192550
20221122,10:14:39,42409.15,25,2192550
20221122,10:14:40,42412.40,50,2196775
20221122,10:14:42,42412.60,50,2196775
20221122,10:14:45,42411.25,75,2196775
20221122,10:14:49,42412.85,50,2196775
20221122,10:14:50,42411.25,25,2196775
20221122,10:14:52,42409.60,225,2196775
20221122,10:14:56,42408.35,975,2196775
20221122,10:14:58,42410.35,100,2196775
20221122,10:15:01,42414.35,100,2196775
20221122,10:15:03,42416.95,225,2196775
20221122,10:15:04,42412.20,275,2196775
20221122,10:15:05,42412.05,75,2196775
20221122,10:15:07,42411.60,75,2196775
20221122,10:15:08,42411.90,75,2196775
20221122,10:15:10,42412.05,275,2196775
20221122,10:15:11,42412.85,275,2196775
20221122,10:15:13,42412.75,25,2196775
20221122,10:15:14,42418.65,50,2196775
20221122,10:15:16,42417.60,25,2196775
20221122,10:15:17,42418.95,125,2196775
20221122,10:15:19,42417.70,275,2196775
20221122,10:15:21,42417.95,100,2196775
20221122,10:15:22,42417.95,50,2196775
20221122,10:15:24,42419.40,150,2196775
20221122,10:15:25,42421.00,125,2196775
20221122,10:15:27,42421.30,150,2196775
20221122,10:15:28,42421.90,50,2196775
20221122,10:15:30,42421.55,150,2196775
20221122,10:15:32,42413.95,75,2196775
20221122,10:15:33,42413.90,25,2196775
20221122,10:15:35,42420.30,250,2196775
20221122,10:15:38,42419.55,25,2196775
20221122,10:15:39,42415.00,75,2196775
20221122,10:15:42,42418.35,100,2196775
20221122,10:15:45,42415.00,25,2196775
20221122,10:15:47,42418.25,75,2196775
20221122,10:15:48,42418.25,25,2196775
20221122,10:15:50,42418.25,25,2196775
20221122,10:15:56,42418.25,25,2196775
20221122,10:16:00,42413.20,175,2196775
20221122,10:16:02,42419.60,200,2196775
20221122,10:16:03,42419.60,25,2196775
20221122,10:16:05,42413.00,75,2196775
20221122,10:16:06,42412.00,25,2196775
20221122,10:16:09,42412.25,75,2196775
20221122,10:16:11,42412.35,25,2196775
20221122,10:16:12,42412.35,25,2196775
20221122,10:16:13,42417.35,225,2196775
20221122,10:16:15,42412.35,150,2196775
20221122,10:16:16,42412.00,25,2196775
20221122,10:16:18,42410.50,75,2196775
20221122,10:16:19,42411.70,75,2196775
20221122,10:16:22,42411.20,25,2196775
20221122,10:16:24,42411.20,50,2196775
20221122,10:16:27,42411.90,25,2196775
20221122,10:16:31,42411.20,25,2196775
20221122,10:16:34,42411.20,25,2196775
20221122,10:16:36,42411.20,50,2196775
20221122,10:16:38,42411.20,25,2196775
20221122,10:16:39,42410.35,25,2196775
20221122,10:16:42,42410.00,150,2196775
20221122,10:16:43,42410.00,125,2196775
20221122,10:16:45,42411.80,25,2196775
20221122,10:16:49,42411.80,50,2196775
20221122,10:16:52,42410.00,25,2196775
20221122,10:16:58,42408.35,25,2196775
20221122,10:16:59,42407.40,75,2196775
20221122,10:17:01,42411.70,25,2196775
20221122,10:17:02,42411.70,75,2196775
20221122,10:17:04,42411.70,150,2196775
20221122,10:17:05,42411.80,50,2196775
20221122,10:17:07,42413.65,50,2196775
20221122,10:17:09,42411.80,50,2196775
20221122,10:17:11,42411.80,75,2196775
20221122,10:17:15,42411.80,125,2196775
20221122,10:17:16,42412.50,75,2196775
20221122,10:17:20,42412.50,25,2196775
20221122,10:17:25,42411.80,100,2196775
20221122,10:17:26,42410.00,75,2196775
20221122,10:17:28,42412.35,300,2196775
20221122,10:17:29,42412.55,25,2196775
20221122,10:17:39,42412.55,50,2196775
20221122,10:17:44,42414.00,150,2198425
20221122,10:17:45,42412.95,25,2198425
20221122,10:17:48,42415.00,25,2198425
20221122,10:17:51,42415.00,75,2198425
20221122,10:17:54,42416.15,150,2198425
20221122,10:17:57,42416.15,25,2198425
20221122,10:18:02,42416.15,25,2198425
20221122,10:18:04,42411.15,575,2198425
20221122,10:18:07,42411.60,75,2198425
20221122,10:18:08,42412.35,25,2198425
20221122,10:18:10,42412.65,75,2198425
20221122,10:18:13,42412.65,200,2198425
20221122,10:18:16,42415.00,75,2198425
20221122,10:18:17,42417.90,50,2198425
20221122,10:18:19,42411.55,100,2198425
20221122,10:18:25,42412.70,25,2198425
20221122,10:18:28,42412.70,100,2198425
20221122,10:18:31,42413.95,25,2198425
20221122,10:18:32,42417.85,25,2198425
20221122,10:18:38,42417.80,50,2198425
20221122,10:18:41,42417.80,50,2198425
20221122,10:18:43,42417.15,25,2198425
20221122,10:18:44,42417.15,50,2198425
20221122,10:18:49,42414.05,50,2198425
20221122,10:18:50,42417.15,50,2198425
20221122,10:18:52,42419.00,150,2198425
20221122,10:18:54,42414.10,100,2198425
20221122,10:18:58,42414.10,25,2198425
20221122,10:19:03,42419.65,100,2198425
20221122,10:19:04,42414.85,25,2198425
20221122,10:19:06,42415.40,100,2198425
20221122,10:19:08,42419.65,25,2198425
20221122,10:19:09,42419.70,25,2198425
20221122,10:19:14,42420.45,300,2198425
20221122,10:19:15,42415.80,25,2198425
20221122,10:19:19,42422.80,100,2198425
20221122,10:19:20,42419.65,25,2198425
20221122,10:19:23,42420.00,25,2198425
20221122,10:19:26,42419.65,100,2198425
20221122,10:19:27,42424.40,900,2198425
20221122,10:19:29,42422.20,100,2198425
20221122,10:19:31,42422.20,50,2198425
20221122,10:19:32,42423.50,25,2198425
20221122,10:19:37,42419.05,75,2198425
20221122,10:19:39,42418.00,100,2198425
20221122,10:19:42,42420.70,75,2198425
20221122,10:19:43,42420.70,50,2198425
20221122,10:19:45,42420.60,50,2198425
20221122,10:19:51,42420.00,1000,2198425
20221122,10:19:52,42420.00,75,2198425
20221122,10:19:54,42420.00,150,2198425
20221122,10:19:56,42420.00,150,2198425
20221122,10:19:57,42419.85,100,2198425
20221122,10:19:59,42419.90,50,2198425
20221122,10:20:03,42420.45,250,2198425
20221122,10:20:06,42420.45,75,2198425
20221122,10:20:09,42420.45,100,2198425
20221122,10:20:10,42420.00,25,2198425
20221122,10:20:12,42419.85,50,2198425
20221122,10:20:13,42415.00,300,2198425
20221122,10:20:18,42416.90,25,2198425
20221122,10:20:19,42419.85,25,2198425
20221122,10:20:20,42419.85,50,2198425
20221122,10:20:23,42415.30,25,2198425
20221122,10:20:26,42419.85,25,2198425
20221122,10:20:28,42419.85,25,2198425
20221122,10:20:32,42419.85,50,2198425
20221122,10:20:37,42419.85,75,2198425
20221122,10:20:40,42420.00,100,2198425
20221122,10:20:43,42419.85,25,2199150
20221122,10:20:44,42420.55,100,2199150
20221122,10:20:46,42420.55,25,2199150
20221122,10:20:49,42418.75,25,2199150
20221122,10:20:50,42418.15,50,2199150
20221122,10:20:52,42418.75,50,2199150
20221122,10:20:56,42422.35,25,2199150
20221122,10:20:57,42420.55,100,2199150
20221122,10:20:59,42417.95,150,2199150
20221122,10:21:00,42422.20,50,2199150
20221122,10:21:02,42422.45,125,2199150
20221122,10:21:03,42422.40,50,2199150
20221122,10:21:06,42420.55,50,2199150
20221122,10:21:09,42422.20,100,2199150
20221122,10:21:10,42419.55,50,2199150
20221122,10:21:12,42417.85,1075,2199150
20221122,10:21:18,42422.10,25,2199150
20221122,10:21:22,42422.10,50,2199150
20221122,10:21:24,42417.85,75,2199150
20221122,10:21:25,42419.00,75,2199150
20221122,10:21:27,42419.40,25,2199150
20221122,10:21:28,42415.70,25,2199150
20221122,10:21:33,42415.70,25,2199150
20221122,10:21:34,42415.70,50,2199150
20221122,10:21:37,42417.40,75,2199150
20221122,10:21:39,42417.45,25,2199150
20221122,10:21:40,42415.70,100,2199150
20221122,10:21:46,42419.25,125,2199150
20221122,10:21:49,42419.15,75,2199150
20221122,10:21:50,42416.00,25,2199150
20221122,10:21:52,42416.00,75,2199150
20221122,10:21:53,42416.00,50,2199150
20221122,10:21:55,42415.00,25,2199150
20221122,10:21:57,42415.00,150,2199150
20221122,10:21:58,42415.00,150,2199150
20221122,10:22:00,42415.00,125,2199150
20221122,10:22:01,42414.00,25,2199150
20221122,10:22:03,42416.20,25,2199150
20221122,10:22:04,42415.00,25,2199150
20221122,10:22:09,42415.00,25,2199150
20221122,10:22:11,42412.00,100,2199150
20221122,10:22:12,42412.00,200,2199150
20221122,10:22:14,42412.00,25,2199150
20221122,10:22:15,42415.00,375,2199150
20221122,10:22:17,42415.00,25,2199150
20221122,10:22:23,42415.00,75,2199150
20221122,10:22:24,42415.00,75,2199150
20221122,10:22:26,42418.05,25,2199150
20221122,10:22:29,42414.50,25,2199150
20221122,10:22:32,42413.00,25,2199150
20221122,10:22:35,42413.00,50,2199150
20221122,10:22:38,42418.70,25,2199150
20221122,10:22:39,42419.45,50,2199150
20221122,10:22:43,42419.90,75,2199150
20221122,10:22:44,42419.55,25,2199150
20221122,10:22:45,42419.45,200,2199150
20221122,10:22:47,42419.45,50,2199150
20221122,10:22:48,42420.75,300,2199150
20221122,10:22:50,42416.45,275,2199150
20221122,10:22:53,42417.00,25,2199150
20221122,10:22:55,42415.00,50,2199150
20221122,10:22:56,42415.00,25,2199150
20221122,10:22:58,42415.00,25,2199150
20221122,10:22:59,42415.00,150,2199150
20221122,10:23:01,42415.00,75,2199150
20221122,10:23:02,42415.00,25,2199150
20221122,10:23:04,42415.00,100,2199150
20221122,10:23:07,42415.00,25,2199150
20221122,10:23:10,42415.00,25,2199150
20221122,10:23:11,42415.00,350,2199150
20221122,10:23:15,42415.00,25,2199150
20221122,10:23:24,42415.00,450,2199150
20221122,10:23:27,42419.40,175,2199150
20221122,10:23:29,42415.15,50,2199150
20221122,10:23:33,42418.10,50,2199150
20221122,10:23:35,42420.15,25,2199150
20221122,10:23:36,42420.15,50,2199150
20221122,10:23:38,42420.05,50,2199150
20221122,10:23:39,42421.70,75,2199150
20221122,10:23:41,42419.40,350,2199150
20221122,10:23:42,42419.40,50,2200000
20221122,10:23:44,42421.75,150,2200000
20221122,10:23:46,42421.95,50,2200000
20221122,10:23:48,42422.25,150,2200000
20221122,10:23:51,42418.10,75,2200000
20221122,10:23:53,42416.60,75,2200000
20221122,10:23:54,42422.40,25,2200000
20221122,10:23:55,42422.40,25,2200000
20221122,10:23:57,42422.45,50,2200000
20221122,10:24:00,42420.00,100,2200000
20221122,10:24:02,42422.30,75,2200000
20221122,10:24:03,42416.70,150,2200000
20221122,10:24:04,42420.95,100,2200000
20221122,10:24:06,42423.40,200,2200000
20221122,10:24:08,42422.60,75,2200000
20221122,10:24:09,42422.55,125,2200000
20221122,10:24:11,42422.55,75,2200000
20221122,10:24:12,42420.00,250,2200000
20221122,10:24:15,42420.95,25,2200000
20221122,10:24:17,42423.95,150,2200000
20221122,10:24:19,42420.95,75,2200000
20221122,10:24:20,42423.40,75,2200000
20221122,10:24:23,42423.00,300,2200000
20221122,10:24:25,42418.00,325,2200000
20221122,10:24:26,42421.65,25,2200000
20221122,10:24:28,42422.60,200,2200000
20221122,10:24:29,42422.40,50,2200000
20221122,10:24:31,42421.15,125,2200000
20221122,10:24:32,42415.15,25,2200000
20221122,10:24:34,42415.05,125,2200000
20221122,10:24:35,42420.95,50,2200000
20221122,10:24:37,42421.00,225,2200000
20221122,10:24:38,42417.40,25,2200000
20221122,10:24:40,42421.00,100,2200000
20221122,10:24:41,42421.00,125,2200000
20221122,10:24:45,42421.00,25,2200000
20221122,10:24:52,42415.05,50,2200000
20221122,10:24:54,42420.60,75,2200000
20221122,10:24:55,42420.75,50,2200000
20221122,10:25:01,42420.85,75,2200000
20221122,10:25:03,42420.55,50,2200000
20221122,10:25:04,42419.70,50,2200000
20221122,10:25:05,42415.00,75,2200000
20221122,10:25:07,42415.00,200,2200000
20221122,10:25:09,42415.00,75,2200000
20221122,10:25:12,42415.05,50,2200000
20221122,10:25:13,42414.40,175,2200000
20221122,10:25:15,42412.80,100,2200000
20221122,10:25:16,42412.25,50,2200000
20221122,10:25:17,42412.85,275,2200000
20221122,10:25:19,42412.05,25,2200000
20221122,10:25:20,42412.00,25,2200000
20221122,10:25:23,42415.85,100,2200000
20221122,10:25:25,42412.00,25,2200000
20221122,10:25:26,42411.10,100,2200000
20221122,10:25:28,42412.05,150,2200000
20221122,10:25:29,42412.70,75,2200000
20221122,10:25:31,42412.70,50,2200000
20221122,10:25:32,42412.00,25,2200000
20221122,10:25:34,42415.00,25,2200000
20221122,10:25:40,42415.00,75,2200000
20221122,10:25:41,42416.90,50,2200000
20221122,10:25:43,42416.90,75,2200000
20221122,10:25:44,42415.50,100,2200000
20221122,10:25:51,42417.85,50,2200000
20221122,10:25:52,42415.35,25,2200000
20221122,10:25:54,42415.35,50,2200000
20221122,10:25:55,42415.50,25,2200000
20221122,10:25:58,42411.00,25,2200000
20221122,10:26:02,42418.20,25,2200000
20221122,10:26:04,42415.00,50,2200000
20221122,10:26:05,42412.20,75,2200000
20221122,10:26:11,42416.45,25,2200000
20221122,10:26:14,42412.05,300,2200000
20221122,10:26:16,42410.90,450,2200000
20221122,10:26:18,42415.95,75,2200000
20221122,10:26:19,42414.05,100,2200000
20221122,10:26:21,42416.00,25,2200000
20221122,10:26:24,42419.00,25,2200000
20221122,10:26:25,42419.00,25,2200000
20221122,10:26:27,42419.00,100,2200000
20221122,10:26:30,42420.75,75,2200000
20221122,10:26:32,42415.10,200,2200000
20221122,10:26:43,42415.10,50,2200000
20221122,10:26:44,42415.10,25,2200250
20221122,10:26:46,42418.55,75,2200250
20221122,10:26:54,42418.55,50,2200250
20221122,10:26:55,42420.00,50,2200250
20221122,10:26:57,42420.00,50,2200250
20221122,10:26:58,42421.00,50,2200250
20221122,10:27:03,42421.00,25,2200250
20221122,10:27:06,42421.00,50,2200250
20221122,10:27:08,42417.00,75,2200250
20221122,10:27:09,42422.00,175,2200250
20221122,10:27:11,42417.05,100,2200250
20221122,10:27:12,42423.00,75,2200250
20221122,10:27:16,42424.00,25,2200250
20221122,10:27:18,42424.00,50,2200250
20221122,10:27:19,42424.70,25,2200250
20221122,10:27:20,42424.70,25,2200250
20221122,10:27:23,42424.95,75,2200250
20221122,10:27:25,42424.70,25,2200250
20221122,10:27:28,42424.95,50,2200250
20221122,10:27:29,42424.95,100,2200250
20221122,10:27:31,42426.70,125,2200250
20221122,10:27:33,42425.95,25,2200250
20221122,10:27:34,42424.90,175,2200250
20221122,10:27:36,42424.30,25,2200250
20221122,10:27:39,42421.00,25,2200250
20221122,10:27:42,42424.30,75,2200250
20221122,10:27:44,42424.90,100,2200250
20221122,10:27:51,42424.90,125,2200250
20221122,10:27:53,42424.95,75,2200250
20221122,10:27:54,42424.95,100,2200250
20221122,10:27:58,42421.00,150,2200250
20221122,10:28:05,42421.00,150,2200250
20221122,10:28:07,42418.00,75,2200250
20221122,10:28:09,42416.05,175,2200250
20221122,10:28:10,42416.05,50,2200250
20221122,10:28:12,42417.35,200,2200250
20221122,10:28:13,42412.35,200,2200250
20221122,10:28:15,42412.35,25,2200250
20221122,10:28:18,42412.35,50,2200250
20221122,10:28:19,42416.35,25,2200250
20221122,10:28:22,42416.35,50,2200250
20221122,10:28:30,42411.95,50,2200250
20221122,10:28:31,42411.95,25,2200250
20221122,10:28:33,42411.95,25,2200250
20221122,10:28:34,42414.00,300,2200250
20221122,10:28:38,42414.00,50,2200250
20221122,10:28:42,42414.00,25,2200250
20221122,10:28:44,42414.00,25,2200250
20221122,10:28:48,42415.00,150,2200250
20221122,10:28:50,42414.90,25,2200250
20221122,10:28:52,42416.35,25,2200250
20221122,10:28:53,42416.35,50,2200250
20221122,10:28:55,42416.95,25,2200250
20221122,10:28:57,42416.95,25,2200250
20221122,10:29:02,42419.90,250,2200250
20221122,10:29:05,42419.90,50,2200250
20221122,10:29:07,42415.65,50,2200250
20221122,10:29:11,42419.90,25,2200250
20221122,10:29:13,42419.40,100,2200250
20221122,10:29:14,42419.90,175,2200250
20221122,10:29:16,42415.65,25,2200250
20221122,10:29:17,42419.90,175,2200250
20221122,10:29:19,42416.00,50,2200250
20221122,10:29:20,42416.00,25,2200250
20221122,10:29:22,42419.75,25,2200250
20221122,10:29:23,42419.30,50,2200250
20221122,10:29:26,42418.45,175,2200250
20221122,10:29:28,42415.00,125,2200250
20221122,10:29:29,42415.00,25,2200250
20221122,10:29:31,42415.00,50,2200250
20221122,10:29:42,42414.05,75,2200250
20221122,10:29:44,42414.45,25,2200250
20221122,10:29:47,42414.00,25,2198600
20221122,10:29:54,42413.95,75,2198600
20221122,10:29:55,42414.00,25,2198600
20221122,10:29:57,42414.00,50,2198600
20221122,10:29:58,42414.50,25,2198600
20221122,10:30:00,42414.90,25,2198600
20221122,10:30:02,42412.45,25,2198600
20221122,10:30:03,42418.85,450,2198600
20221122,10:30:05,42412.40,75,2198600
20221122,10:30:06,42412.40,50,2198600
20221122,10:30:14,42414.55,75,2198600
20221122,10:30:15,42412.40,25,2198600
20221122,10:30:17,42413.95,25,2198600
20221122,10:30:18,42413.95,50,2198600
20221122,10:30:20,42410.05,25,2198600
20221122,10:30:24,42410.00,100,2198600
20221122,10:30:26,42410.00,50,2198600
20221122,10:30:28,42411.40,50,2198600
20221122,10:30:29,42409.30,575,2198600
20221122,10:30:32,42409.00,25,2198600
20221122,10:30:39,42413.65,350,2198600
20221122,10:30:40,42413.20,25,2198600
20221122,10:30:42,42415.90,375,2198600
20221122,10:30:46,42412.90,75,2198600
20221122,10:30:48,42411.25,50,2198600
20221122,10:30:51,42411.75,75,2198600
20221122,10:30:52,42411.75,175,2198600
20221122,10:30:54,42411.75,50,2198600
20221122,10:31:00,42409.30,50,2198600
20221122,10:31:02,42410.00,25,2198600
20221122,10:31:03,42409.30,375,2198600
20221122,10:31:04,42411.70,75,2198600
20221122,10:31:06,42411.75,300,2198600
20221122,10:31:08,42411.75,75,2198600
20221122,10:31:09,42409.30,25,2198600
20221122,10:31:14,42412.40,250,2198600
20221122,10:31:17,42412.40,50,2198600
20221122,10:31:18,42412.40,25,2198600
20221122,10:31:21,42409.30,50,2198600
20221122,10:31:25,42409.25,25,2198600
20221122,10:31:27,42413.15,150,2198600
20221122,10:31:28,42413.30,200,2198600
20221122,10:31:30,42410.00,150,2198600
20221122,10:31:31,42410.00,200,2198600
20221122,10:31:33,42412.80,25,2198600
20221122,10:31:34,42410.00,450,2198600
20221122,10:31:36,42407.00,450,2198600
20221122,10:31:38,42406.10,100,2198600
20221122,10:31:39,42405.95,50,2198600
20221122,10:31:41,42405.15,75,2198600
20221122,10:31:44,42405.45,25,2198600
20221122,10:31:45,42408.95,150,2198600
20221122,10:31:47,42409.65,100,2198600
20221122,10:31:48,42406.35,525,2198600
20221122,10:31:50,42409.90,75,2198600
20221122,10:31:53,42409.90,50,2198600
20221122,10:31:56,42407.85,125,2198600
20221122,10:31:59,42411.80,100,2198600
20221122,10:32:00,42411.35,75,2198600
20221122,10:32:02,42405.70,600,2198600
20221122,10:32:03,42406.80,75,2198600
20221122,10:32:05,42406.80,50,2198600
20221122,10:32:06,42407.65,50,2198600
20221122,10:32:09,42411.90,25,2198600
20221122,10:32:10,42410.00,75,2198600
20221122,10:32:13,42412.00,25,2198600
20221122,10:32:17,42408.35,75,2198600
20221122,10:32:20,42413.45,225,2198600
20221122,10:32:23,42413.45,25,2198600
20221122,10:32:25,42411.00,25,2198600
20221122,10:32:26,42413.90,100,2198600
20221122,10:32:28,42413.95,150,2198600
20221122,10:32:30,42408.65,100,2198600
20221122,10:32:32,42408.65,25,2198600
20221122,10:32:35,42414.85,50,2198600
20221122,10:32:38,42414.50,25,2198600
20221122,10:32:39,42410.00,25,2198600
20221122,10:32:41,42410.00,50,2198600
20221122,10:32:42,42410.00,25,2198600
20221122,10:32:44,42410.60,50,2196725
20221122,10:32:45,42410.60,75,2196725
20221122,10:32:46,42408.40,100,2196725
20221122,10:32:49,42408.00,125,2196725
20221122,10:32:51,42405.00,100,2196725
20221122,10:32:53,42408.05,100,2196725
20221122,10:32:54,42403.75,275,2196725
20221122,10:32:57,42403.50,50,2196725
20221122,10:32:59,42403.20,75,2196725
20221122,10:33:01,42403.60,200,2196725
20221122,10:33:03,42403.40,25,2196725
20221122,10:33:04,42404.25,25,2196725
20221122,10:33:06,42404.45,75,2196725
20221122,10:33:09,42406.40,75,2196725
20221122,10:33:11,42406.40,125,2196725
20221122,10:33:12,42410.00,75,2196725
20221122,10:33:15,42410.00,75,2196725
20221122,10:33:16,42406.25,200,2196725
20221122,10:33:18,42406.25,25,2196725
20221122,10:33:19,42404.45,50,2196725
20221122,10:33:26,42404.45,25,2196725
20221122,10:33:29,42403.50,400,2196725
20221122,10:33:32,42406.00,125,2196725
20221122,10:33:33,42404.45,25,2196725
20221122,10:33:39,42404.75,50,2196725
20221122,10:33:41,42404.75,50,2196725
20221122,10:33:44,42407.80,325,2196725
20221122,10:33:45,42408.00,50,2196725
20221122,10:33:52,42405.35,25,2196725
20221122,10:33:53,42405.30,175,2196725
20221122,10:33:55,42409.95,50,2196725
20221122,10:33:56,42405.25,25,2196725
20221122,10:33:57,42410.65,125,2196725
20221122,10:33:59,42410.90,25,2196725
20221122,10:34:02,42407.45,200,2196725
20221122,10:34:04,42406.80,50,2196725
20221122,10:34:05,42410.05,100,2196725
20221122,10:34:06,42407.35,25,2196725
20221122,10:34:08,42406.90,50,2196725
20221122,10:34:09,42407.60,25,2196725
20221122,10:34:11,42412.90,25,2196725
20221122,10:34:12,42412.90,25,2196725
20221122,10:34:14,42408.00,200,2196725
20221122,10:34:15,42408.00,100,2196725
20221122,10:34:17,42408.00,50,2196725
20221122,10:34:20,42408.00,550,2196725
20221122,10:34:21,42408.00,25,2196725
20221122,10:34:23,42408.00,50,2196725
20221122,10:34:24,42411.00,25,2196725
20221122,10:34:30,42413.00,550,2196725
20221122,10:34:32,42413.00,50,2196725
20221122,10:34:33,42411.95,75,2196725
20221122,10:34:37,42411.95,25,2196725
20221122,10:34:43,42412.00,225,2196725
20221122,10:34:51,42408.00,1500,2196725
20221122,10:34:52,42406.00,1675,2196725
20221122,10:34:54,42407.25,275,2196725
20221122,10:34:55,42404.55,125,2196725
20221122,10:34:57,42407.40,75,2196725
20221122,10:34:58,42409.90,225,2196725
20221122,10:35:01,42406.85,1625,2196725
20221122,10:35:03,42402.75,150,2196725
20221122,10:35:04,42408.50,175,2196725
20221122,10:35:07,42403.65,25,2196725
20221122,10:35:08,42403.70,25,2196725
20221122,10:35:11,42408.80,350,2196725
20221122,10:35:13,42407.85,125,2196725
20221122,10:35:14,42405.00,875,2196725
20221122,10:35:17,42407.45,75,2196725
20221122,10:35:19,42407.00,25,2196725
20221122,10:35:21,42402.60,2800,2196725
20221122,10:35:22,42405.05,250,2196725
20221122,10:35:24,42405.05,100,2196725
20221122,10:35:26,42405.05,475,2196725
20221122,10:35:27,42405.05,600,2196725
20221122,10:35:29,42404.40,75,2196725
20221122,10:35:32,42405.00,325,2196725
20221122,10:35:33,42407.95,100,2196725
20221122,10:35:35,42407.40,75,2196725
20221122,10:35:37,42408.65,75,2196725
20221122,10:35:38,42410.85,200,2196725
20221122,10:35:40,42406.65,575,2196725
20221122,10:35:41,42404.55,950,2196725
20221122,10:35:43,42404.05,100,2196725
20221122,10:35:44,42402.70,900,2196725
20221122,10:35:46,42406.65,675,2198550
20221122,10:35:48,42404.85,975,2198550
20221122,10:35:49,42405.00,25,2198550
20221122,10:35:51,42403.15,300,2198550
20221122,10:35:52,42403.15,500,2198550
20221122,10:35:54,42403.15,50,2198550
20221122,10:35:55,42403.30,150,2198550
20221122,10:35:57,42403.45,225,2198550
20221122,10:36:01,42403.45,75,2198550
20221122,10:36:02,42402.15,225,2198550
20221122,10:36:04,42402.15,575,2198550
20221122,10:36:05,42406.00,375,2198550
20221122,10:36:09,42405.00,150,2198550
20221122,10:36:10,42405.00,250,2198550
20221122,10:36:13,42405.70,25,2198550
20221122,10:36:15,42405.00,225,2198550
20221122,10:36:16,42407.45,150,2198550
20221122,10:36:18,42407.45,25,2198550
20221122,10:36:22,42407.40,525,2198550
20221122,10:36:24,42408.40,125,2198550
20221122,10:36:26,42406.00,25,2198550
20221122,10:36:27,42408.35,50,2198550
20221122,10:36:31,42409.40,225,2198550
20221122,10:36:32,42409.10,25,2198550
20221122,10:36:37,42409.10,25,2198550
20221122,10:36:38,42405.00,350,2198550
20221122,10:36:45,42405.25,50,2198550
20221122,10:36:49,42408.90,75,2198550
20221122,10:36:51,42406.00,150,2198550
20221122,10:36:54,42407.90,25,2198550
20221122,10:36:57,42406.35,225,2198550
20221122,10:37:00,42409.00,75,2198550
20221122,10:37:04,42407.05,25,2198550
20221122,10:37:07,42410.00,25,2198550
20221122,10:37:09,42410.00,50,2198550
20221122,10:37:10,42410.00,75,2198550
20221122,10:37:12,42410.00,75,2198550
20221122,10:37:13,42408.25,125,2198550
20221122,10:37:15,42406.95,800,2198550
20221122,10:37:16,42406.95,25,2198550
20221122,10:37:19,42406.05,200,2198550
20221122,10:37:22,42409.60,225,2198550
20221122,10:37:25,42409.60,25,2198550
20221122,10:37:26,42406.55,75,2198550
20221122,10:37:28,42406.55,500,2198550
20221122,10:37:29,42406.55,50,2198550
20221122,10:37:31,42407.70,75,2198550
20221122,10:37:32,42411.15,25,2198550
20221122,10:37:34,42409.60,100,2198550
20221122,10:37:35,42407.10,50,2198550
20221122,10:37:37,42407.10,550,2198550
20221122,10:37:38,42407.10,25,2198550
20221122,10:37:40,42407.10,50,2198550
20221122,10:37:44,42408.75,350,2198550
20221122,10:37:46,42408.75,500,2198550
20221122,10:37:47,42405.55,75,2198550
20221122,10:37:49,42409.40,325,2198550
20221122,10:37:51,42409.40,25,2198550
20221122,10:37:57,42409.60,25,2198550
20221122,10:37:58,42409.60,50,2198550
20221122,10:38:00,42409.60,125,2198550
20221122,10:38:01,42407.25,250,2198550
20221122,10:38:03,42406.50,950,2198550
20221122,10:38:05,42409.60,25,2198550
20221122,10:38:06,42406.40,900,2198550
20221122,10:38:09,42406.15,200,2198550
20221122,10:38:10,42406.15,50,2198550
20221122,10:38:21,42406.25,50,2198550
20221122,10:38:22,42406.25,25,2198550
20221122,10:38:24,42406.50,25,2198550
20221122,10:38:25,42406.50,25,2198550
20221122,10:38:26,42410.10,50,2198550
20221122,10:38:28,42406.20,200,2198550
20221122,10:38:30,42407.00,75,2198550
20221122,10:38:34,42406.00,75,2198550
20221122,10:38:36,42408.05,25,2198550
20221122,10:38:45,42407.80,100,2201300
20221122,10:38:48,42406.00,50,2201300
20221122,10:38:51,42405.40,100,2201300
20221122,10:38:54,42408.85,125,2201300
20221122,10:38:55,42406.75,75,2201300
20221122,10:38:57,42406.75,50,2201300
20221122,10:38:58,42409.95,25,2201300
20221122,10:39:00,42409.95,100,2201300
20221122,10:39:01,42408.95,125,2201300
20221122,10:39:03,42408.40,125,2201300
20221122,10:39:06,42408.20,200,2201300
20221122,10:39:08,42408.10,25,2201300
20221122,10:39:09,42410.00,125,2201300
20221122,10:39:11,42410.00,175,2201300
20221122,10:39:12,42408.95,150,2201300
20221122,10:39:14,42411.90,100,2201300
20221122,10:39:15,42408.95,25,2201300
20221122,10:39:18,42408.95,500,2201300
20221122,10:39:20,42408.95,50,2201300
20221122,10:39:21,42408.95,450,2201300
20221122,10:39:23,42406.65,25,2201300
20221122,10:39:26,42406.65,25,2201300
20221122,10:39:27,42407.70,25,2201300
20221122,10:39:29,42407.95,25,2201300
20221122,10:39:30,42405.45,200,2201300
20221122,10:39:32,42405.45,525,2201300
20221122,10:39:34,42406.65,75,2201300
20221122,10:39:35,42408.00,75,2201300
20221122,10:39:38,42408.00,25,2201300
20221122,10:39:40,42410.65,25,2201300
20221122,10:39:41,42408.00,100,2201300
20221122,10:39:44,42408.00,25,2201300
20221122,10:39:47,42408.00,25,2201300
20221122,10:39:49,42408.00,75,2201300
20221122,10:39:51,42410.90,75,2201300
20221122,10:39:54,42411.50,250,2201300
20221122,10:39:58,42408.05,150,2201300
20221122,10:40:02,42410.85,200,2201300
20221122,10:40:05,42408.05,25,2201300
20221122,10:40:07,42408.00,25,2201300
20221122,10:40:09,42408.00,75,2201300
20221122,10:40:11,42409.85,125,2201300
20221122,10:40:12,42409.85,50,2201300
20221122,10:40:15,42409.85,25,2201300
20221122,10:40:18,42407.20,300,2201300
20221122,10:40:21,42406.65,125,2201300
20221122,10:40:22,42406.65,25,2201300
20221122,10:40:26,42406.65,25,2201300
20221122,10:40:27,42406.65,25,2201300
20221122,10:40:32,42406.65,50,2201300
20221122,10:40:34,42407.35,25,2201300
20221122,10:40:35,42407.35,25,2201300
20221122,10:40:38,42408.95,100,2201300
20221122,10:40:40,42408.50,550,2201300
20221122,10:40:41,42406.00,425,2201300
20221122,10:40:43,42407.50,100,2201300
20221122,10:40:45,42408.85,25,2201300
20221122,10:40:46,42412.25,375,2201300
20221122,10:40:48,42412.25,500,2201300
20221122,10:40:49,42412.25,50,2201300
20221122,10:40:51,42411.15,150,2201300
20221122,10:40:54,42411.15,50,2201300
20221122,10:40:59,42410.05,25,2201300
20221122,10:41:01,42409.60,50,2201300
20221122,10:41:02,42409.40,150,2201300
20221122,10:41:04,42409.30,100,2201300
20221122,10:41:05,42412.85,250,2201300
20221122,10:41:07,42412.80,25,2201300
20221122,10:41:09,42407.80,150,2201300
20221122,10:41:12,42407.80,25,2201300
20221122,10:41:15,42408.00,150,2201300
20221122,10:41:18,42411.90,25,2201300
20221122,10:41:24,42411.90,25,2201300
20221122,10:41:27,42408.30,225,2201300
20221122,10:41:31,42410.95,25,2201300
20221122,10:41:34,42407.40,350,2201300
20221122,10:41:36,42410.00,300,2201300
