20221122,09:15:02,42661.80,1,839125
20221122,09:15:02,42677.60,200,839125
20221122,09:15:03,42649.15,550,839125
20221122,09:15:04,42640.20,50,839125
20221122,09:15:06,42614.10,225,839125
20221122,09:15:07,42613.60,75,839125
20221122,09:15:09,42632.60,175,839125
20221122,09:15:10,42635.15,125,839125
20221122,09:15:12,42630.00,325,839125
20221122,09:15:13,42636.15,25,839125
20221122,09:15:15,42643.10,50,839125
20221122,09:15:17,42631.25,125,839125
20221122,09:15:20,42636.30,50,839125
20221122,09:15:21,42637.15,275,839125
20221122,09:15:24,42640.00,325,839125
20221122,09:15:26,42640.00,125,839125
20221122,09:15:28,42638.10,200,839125
20221122,09:15:29,42640.00,100,839125
20221122,09:15:31,42634.95,125,839125
20221122,09:15:32,42622.65,50,839125
20221122,09:15:34,42621.85,25,839125
20221122,09:15:36,42627.60,250,839125
20221122,09:15:37,42636.20,225,839125
20221122,09:15:39,42636.80,575,839125
20221122,09:15:40,42637.85,25,839125
20221122,09:15:42,42640.00,75,839125
20221122,09:15:44,42643.10,100,839125
20221122,09:15:45,42641.45,50,839125
20221122,09:15:47,42643.15,150,839125
20221122,09:15:48,42644.00,175,839125
20221122,09:15:50,42642.30,75,839125
20221122,09:15:52,42636.90,275,839125
20221122,09:15:53,42628.10,1600,839125
20221122,09:15:55,42633.75,450,839125
20221122,09:15:56,42640.95,25,839125
20221122,09:15:58,42636.10,150,839125
20221122,09:16:00,42637.40,200,839125
20221122,09:16:01,42635.35,75,839125
20221122,09:16:03,42635.00,50,839125
20221122,09:16:04,42637.45,200,839125
20221122,09:16:06,42631.15,250,839125
20221122,09:16:11,42642.75,100,839125
20221122,09:16:12,42632.20,125,839125
20221122,09:16:15,42634.70,50,839125
20221122,09:16:17,42638.45,100,839125
20221122,09:16:18,42637.05,25,839125
20221122,09:16:20,42635.60,375,839125
20221122,09:16:21,42638.45,150,839125
20221122,09:16:25,42639.00,50,839125
20221122,09:16:26,42640.00,125,839125
20221122,09:16:28,42633.40,125,839125
20221122,09:16:29,42641.45,325,839125
20221122,09:16:31,42642.25,150,839125
20221122,09:16:32,42642.10,175,839125
20221122,09:16:34,42645.70,725,839125
20221122,09:16:36,42647.10,325,839125
20221122,09:16:37,42640.90,125,839125
20221122,09:16:39,42639.95,800,839125
20221122,09:16:40,42640.95,150,839125
20221122,09:16:43,42640.65,975,839125
20221122,09:16:46,42635.05,75,839125
20221122,09:16:48,42635.90,550,839125
20221122,09:16:49,42631.80,25,839125
20221122,09:16:51,42634.45,50,839125
20221122,09:16:52,42628.15,125,839125
20221122,09:16:54,42627.60,575,839125
20221122,09:16:56,42631.00,75,839125
20221122,09:16:57,42624.90,50,839125
20221122,09:16:59,42623.70,25,839125
20221122,09:17:00,42619.65,600,839125
20221122,09:17:02,42616.10,50,839125
20221122,09:17:03,42622.95,75,839125
20221122,09:17:05,42628.40,100,839125
20221122,09:17:06,42619.95,25,839125
20221122,09:17:08,42619.95,25,839125
20221122,09:17:11,42617.70,275,839125
20221122,09:17:13,42628.40,175,839125
20221122,09:17:14,42631.00,175,839125
20221122,09:17:16,42635.05,125,839125
20221122,09:17:17,42630.00,225,839125
20221122,09:17:19,42632.55,125,839125
20221122,09:17:20,42625.90,225,839125
20221122,09:17:22,42633.00,25,839125
20221122,09:17:23,42634.00,50,839125
20221122,09:17:25,42628.55,75,839125
20221122,09:17:27,42627.00,125,839125
20221122,09:17:28,42626.95,550,839125
20221122,09:17:30,42629.95,150,839125
20221122,09:17:31,42631.00,25,839125
20221122,09:17:33,42631.65,50,839125
20221122,09:17:35,42628.70,125,839125
20221122,09:17:36,42633.75,100,846675
20221122,09:17:38,42635.45,25,846675
20221122,09:17:41,42626.25,100,846675
20221122,09:17:42,42631.65,125,846675
20221122,09:17:45,42630.00,50,846675
20221122,09:17:52,42625.20,25,846675
20221122,09:17:55,42626.65,25,846675
20221122,09:17:58,42628.00,50,846675
20221122,09:18:00,42622.35,150,846675
20221122,09:18:01,42629.30,50,846675
20221122,09:18:03,42625.00,50,846675
20221122,09:18:04,42624.60,25,846675
20221122,09:18:06,42629.00,275,846675
20221122,09:18:07,42625.20,175,846675
20221122,09:18:09,42625.20,50,846675
20221122,09:18:12,42621.15,50,846675
20221122,09:18:14,42621.65,25,846675
20221122,09:18:15,42626.20,175,846675
20221122,09:18:17,42627.70,100,846675
20221122,09:18:18,42626.75,25,846675
20221122,09:18:20,42625.00,350,846675
20221122,09:18:22,42625.00,150,846675
20221122,09:18:23,42625.00,300,846675
20221122,09:18:25,42629.85,1275,846675
20221122,09:18:26,42626.85,100,846675
20221122,09:18:28,42630.00,550,846675
20221122,09:18:29,42630.00,350,846675
20221122,09:18:31,42630.05,450,846675
20221122,09:18:33,42631.05,300,846675
20221122,09:18:34,42632.00,100,846675
20221122,09:18:36,42638.85,500,846675
20221122,09:18:37,42640.00,450,846675
20221122,09:18:39,42638.30,150,846675
20221122,09:18:40,42640.00,350,846675
20221122,09:18:42,42639.10,75,846675
20221122,09:18:44,42639.85,125,846675
20221122,09:18:45,42640.00,200,846675
20221122,09:18:48,42644.25,125,846675
20221122,09:18:50,42643.90,350,846675
20221122,09:18:51,42641.00,625,846675
20221122,09:18:53,42642.00,75,846675
20221122,09:18:54,42641.15,250,846675
20221122,09:18:56,42636.65,350,846675
20221122,09:18:58,42637.25,25,846675
20221122,09:18:59,42639.35,175,846675
20221122,09:19:01,42635.10,325,846675
20221122,09:19:02,42637.85,25,846675
20221122,09:19:04,42638.65,50,846675
20221122,09:19:06,42636.75,25,846675
20221122,09:19:07,42639.70,75,846675
20221122,09:19:09,42639.90,50,846675
20221122,09:19:10,42642.00,100,846675
20221122,09:19:13,42643.60,125,846675
20221122,09:19:15,42644.45,75,846675
20221122,09:19:16,42644.50,100,846675
20221122,09:19:18,42644.40,250,846675
20221122,09:19:20,42641.50,50,846675
20221122,09:19:24,42646.70,200,846675
20221122,09:19:26,42646.70,50,846675
20221122,09:19:28,42645.60,25,846675
20221122,09:19:29,42642.80,25,846675
20221122,09:19:31,42639.70,250,846675
20221122,09:19:33,42631.50,200,846675
20221122,09:19:39,42636.35,25,846675
20221122,09:19:41,42636.60,25,846675
20221122,09:19:43,42644.80,50,846675
20221122,09:19:44,42643.00,100,846675
20221122,09:19:46,42643.00,75,846675
20221122,09:19:50,42637.85,100,846675
20221122,09:19:53,42639.15,50,846675
20221122,09:19:55,42638.85,125,846675
20221122,09:19:56,42633.45,150,846675
20221122,09:19:58,42638.95,50,846675
20221122,09:20:00,42638.05,350,846675
20221122,09:20:01,42638.35,25,846675
20221122,09:20:03,42641.90,75,846675
20221122,09:20:05,42638.20,25,846675
20221122,09:20:06,42639.75,25,846675
20221122,09:20:08,42639.15,125,846675
20221122,09:20:10,42632.25,225,846675
20221122,09:20:11,42632.50,25,846675
20221122,09:20:13,42630.05,250,846675
20221122,09:20:15,42629.50,150,846675
20221122,09:20:16,42641.95,50,846675
20221122,09:20:18,42634.10,225,846675
20221122,09:20:20,42634.70,50,846675
20221122,09:20:21,42636.65,50,846675
20221122,09:20:23,42636.65,50,846675
20221122,09:20:24,42635.00,25,846675
20221122,09:20:26,42629.30,150,846675
20221122,09:20:30,42630.60,125,846675
20221122,09:20:32,42631.65,150,846675
20221122,09:20:34,42630.00,175,846675
20221122,09:20:35,42630.20,25,846675
20221122,09:20:37,42629.35,250,846675
20221122,09:20:38,42629.35,50,855400
20221122,09:20:40,42630.00,25,855400
20221122,09:20:42,42630.60,25,855400
20221122,09:20:43,42624.15,575,855400
20221122,09:20:45,42624.25,75,855400
20221122,09:20:46,42624.45,50,855400
20221122,09:20:49,42624.45,325,855400
20221122,09:20:51,42624.65,200,855400
20221122,09:20:53,42630.00,25,855400
20221122,09:20:57,42622.95,100,855400
20221122,09:20:59,42623.20,75,855400
20221122,09:21:01,42620.00,300,855400
20221122,09:21:02,42616.40,175,855400
20221122,09:21:04,42623.05,25,855400
20221122,09:21:06,42616.40,75,855400
20221122,09:21:07,42616.40,250,855400
20221122,09:21:09,42616.00,200,855400
20221122,09:21:10,42616.05,75,855400
20221122,09:21:12,42615.05,75,855400
20221122,09:21:17,42615.00,150,855400
20221122,09:21:18,42615.05,300,855400
20221122,09:21:20,42615.00,475,855400
20221122,09:21:22,42609.40,325,855400
20221122,09:21:23,42609.40,100,855400
20221122,09:21:25,42613.15,100,855400
20221122,09:21:28,42615.00,75,855400
20221122,09:21:31,42615.00,75,855400
20221122,09:21:33,42619.60,75,855400
20221122,09:21:35,42619.60,50,855400
20221122,09:21:36,42625.60,150,855400
20221122,09:21:39,42625.20,100,855400
20221122,09:21:41,42624.95,50,855400
20221122,09:21:44,42625.00,75,855400
20221122,09:21:46,42618.65,100,855400
20221122,09:21:47,42615.10,25,855400
20221122,09:21:50,42615.10,75,855400
20221122,09:21:52,42612.75,50,855400
20221122,09:21:53,42608.90,25,855400
20221122,09:21:55,42608.80,50,855400
20221122,09:22:00,42609.05,50,855400
20221122,09:22:02,42610.30,50,855400
20221122,09:22:03,42609.00,50,855400
20221122,09:22:05,42612.00,100,855400
20221122,09:22:07,42605.70,175,855400
20221122,09:22:08,42614.90,75,855400
20221122,09:22:10,42615.10,175,855400
20221122,09:22:11,42615.65,175,855400
20221122,09:22:13,42613.65,50,855400
20221122,09:22:15,42613.65,25,855400
20221122,09:22:16,42610.65,25,855400
20221122,09:22:18,42611.55,25,855400
20221122,09:22:20,42611.85,125,855400
20221122,09:22:23,42614.55,75,855400
20221122,09:22:24,42612.70,25,855400
20221122,09:22:26,42609.85,100,855400
20221122,09:22:28,42604.60,100,855400
20221122,09:22:31,42604.60,225,855400
20221122,09:22:33,42606.25,75,855400
20221122,09:22:34,42607.05,100,855400
20221122,09:22:36,42607.25,75,855400
20221122,09:22:37,42610.00,50,855400
20221122,09:22:39,42610.00,25,855400
20221122,09:22:41,42612.95,50,855400
20221122,09:22:42,42610.05,300,855400
20221122,09:22:44,42612.95,75,855400
20221122,09:22:46,42612.45,50,855400
20221122,09:22:47,42611.95,250,855400
20221122,09:22:49,42616.90,350,855400
20221122,09:22:51,42616.85,25,855400
20221122,09:22:55,42616.10,25,855400
20221122,09:22:58,42612.15,25,855400
20221122,09:23:00,42612.05,225,855400
20221122,09:23:02,42610.00,150,855400
20221122,09:23:03,42615.00,75,855400
20221122,09:23:05,42615.00,25,855400
20221122,09:23:06,42610.80,25,855400
20221122,09:23:08,42610.85,75,855400
20221122,09:23:10,42611.65,50,855400
20221122,09:23:11,42611.65,100,855400
20221122,09:23:13,42611.60,50,855400
20221122,09:23:14,42611.65,50,855400
20221122,09:23:16,42610.65,25,855400
20221122,09:23:17,42610.65,75,855400
20221122,09:23:20,42611.15,200,855400
20221122,09:23:24,42612.25,75,855400
20221122,09:23:25,42610.05,175,855400
20221122,09:23:27,42610.00,475,855400
20221122,09:23:30,42610.30,25,855400
20221122,09:23:32,42610.30,75,855400
20221122,09:23:34,42613.60,100,855400
20221122,09:23:38,42613.85,100,861975
20221122,09:23:45,42614.95,50,861975
20221122,09:23:47,42615.00,100,861975
20221122,09:23:48,42610.00,200,861975
20221122,09:23:50,42610.00,25,861975
20221122,09:23:51,42610.00,25,861975
20221122,09:23:55,42610.00,25,861975
20221122,09:23:56,42607.55,100,861975
20221122,09:23:59,42610.00,25,861975
20221122,09:24:01,42610.00,175,861975
20221122,09:24:03,42610.00,25,861975
20221122,09:24:04,42610.00,100,861975
20221122,09:24:08,42608.00,175,861975
20221122,09:24:09,42608.05,50,861975
20221122,09:24:13,42608.00,50,861975
20221122,09:24:16,42610.00,100,861975
20221122,09:24:17,42608.95,75,861975
20221122,09:24:20,42609.95,75,861975
20221122,09:24:24,42613.00,25,861975
20221122,09:24:25,42612.10,25,861975
20221122,09:24:30,42612.10,50,861975
20221122,09:24:35,42615.00,25,861975
20221122,09:24:40,42615.00,75,861975
20221122,09:24:42,42610.10,400,861975
20221122,09:24:45,42610.10,100,861975
20221122,09:24:48,42616.90,300,861975
20221122,09:24:51,42616.90,25,861975
20221122,09:24:52,42610.15,125,861975
20221122,09:24:54,42608.05,50,861975
20221122,09:24:56,42608.10,125,861975
20221122,09:24:59,42607.70,125,861975
20221122,09:25:00,42607.70,50,861975
20221122,09:25:02,42611.00,25,861975
20221122,09:25:04,42610.95,25,861975
20221122,09:25:07,42611.00,50,861975
20221122,09:25:11,42611.00,25,861975
20221122,09:25:14,42611.00,125,861975
20221122,09:25:16,42611.00,75,861975
20221122,09:25:19,42609.55,200,861975
20221122,09:25:21,42605.00,125,861975
20221122,09:25:22,42605.00,50,861975
20221122,09:25:26,42605.00,25,861975
20221122,09:25:27,42605.00,50,861975
20221122,09:25:29,42601.05,75,861975
20221122,09:25:32,42601.05,25,861975
20221122,09:25:33,42601.05,100,861975
20221122,09:25:35,42600.10,150,861975
20221122,09:25:37,42600.10,50,861975
20221122,09:25:38,42600.00,175,861975
20221122,09:25:40,42600.00,100,861975
20221122,09:25:41,42600.00,75,861975
20221122,09:25:43,42600.00,225,861975
20221122,09:25:45,42600.00,225,861975
20221122,09:25:46,42597.00,25,861975
20221122,09:25:48,42597.00,25,861975
20221122,09:25:49,42600.00,25,861975
20221122,09:25:53,42597.60,50,861975
20221122,09:25:54,42596.05,100,861975
20221122,09:25:56,42596.05,25,861975
20221122,09:25:57,42599.95,100,861975
20221122,09:25:59,42598.05,25,861975
20221122,09:26:01,42600.00,50,861975
20221122,09:26:02,42600.00,25,861975
20221122,09:26:04,42600.00,50,861975
20221122,09:26:08,42598.00,100,861975
20221122,09:26:10,42598.00,50,861975
20221122,09:26:13,42595.25,525,861975
20221122,09:26:15,42596.00,75,861975
20221122,09:26:16,42595.30,50,861975
20221122,09:26:19,42595.40,250,861975
20221122,09:26:21,42595.30,25,861975
20221122,09:26:22,42595.30,25,861975
20221122,09:26:24,42595.30,25,861975
20221122,09:26:25,42596.00,100,861975
20221122,09:26:27,42596.00,525,861975
20221122,09:26:28,42596.00,300,861975
20221122,09:26:30,42598.55,150,861975
20221122,09:26:31,42598.30,625,861975
20221122,09:26:33,42598.80,150,861975
20221122,09:26:35,42599.55,50,861975
20221122,09:26:36,42600.00,225,861975
20221122,09:26:38,42601.40,450,861975
20221122,09:26:39,42601.70,150,865125
20221122,09:26:41,42601.00,550,865125
20221122,09:26:42,42601.55,225,865125
20221122,09:26:44,42602.05,25,865125
20221122,09:26:45,42601.00,425,865125
20221122,09:26:47,42601.15,125,865125
20221122,09:26:48,42600.00,500,865125
20221122,09:26:50,42599.35,125,865125
20221122,09:26:51,42596.60,50,865125
20221122,09:26:53,42596.35,125,865125
20221122,09:26:56,42598.60,75,865125
20221122,09:26:57,42598.55,75,865125
20221122,09:26:59,42595.45,25,865125
20221122,09:27:00,42596.85,175,865125
20221122,09:27:02,42597.55,25,865125
20221122,09:27:03,42595.40,50,865125
20221122,09:27:05,42596.60,100,865125
20221122,09:27:06,42595.00,25,865125
20221122,09:27:08,42595.00,150,865125
20221122,09:27:11,42591.35,125,865125
20221122,09:27:12,42591.30,75,865125
20221122,09:27:15,42595.00,25,865125
20221122,09:27:18,42595.00,25,865125
20221122,09:27:20,42593.25,100,865125
20221122,09:27:22,42593.20,75,865125
20221122,09:27:23,42595.00,125,865125
20221122,09:27:25,42595.00,300,865125
20221122,09:27:27,42596.20,75,865125
20221122,09:27:30,42596.60,25,865125
20221122,09:27:35,42594.00,50,865125
20221122,09:27:36,42596.20,25,865125
20221122,09:27:38,42597.40,100,865125
20221122,09:27:41,42593.75,100,865125
20221122,09:27:43,42593.75,75,865125
20221122,09:27:44,42593.85,25,865125
20221122,09:27:49,42595.05,275,865125
20221122,09:27:51,42597.00,375,865125
20221122,09:27:52,42597.10,25,865125
20221122,09:27:55,42597.00,575,865125
20221122,09:27:57,42597.95,50,865125
20221122,09:27:59,42600.00,125,865125
20221122,09:28:00,42600.80,1000,865125
20221122,09:28:02,42600.80,325,865125
20221122,09:28:03,42600.85,125,865125
20221122,09:28:08,42601.85,25,865125
20221122,09:28:10,42601.85,100,865125
20221122,09:28:11,42601.85,50,865125
20221122,09:28:13,42601.85,50,865125
20221122,09:28:14,42601.95,75,865125
20221122,09:28:16,42603.25,50,865125
20221122,09:28:17,42603.25,125,865125
20221122,09:28:20,42603.25,25,865125
20221122,09:28:22,42609.45,25,865125
20221122,09:28:24,42609.45,75,865125
20221122,09:28:25,42605.25,25,865125
20221122,09:28:30,42609.25,375,865125
20221122,09:28:32,42613.00,25,865125
20221122,09:28:38,42613.00,50,865125
20221122,09:28:40,42609.85,50,865125
20221122,09:28:43,42611.75,25,865125
20221122,09:28:46,42606.50,75,865125
20221122,09:28:47,42613.65,125,865125
20221122,09:28:49,42606.70,75,865125
20221122,09:28:53,42606.70,75,865125
20221122,09:28:55,42608.90,50,865125
20221122,09:28:57,42613.55,75,865125
20221122,09:28:58,42616.80,50,865125
20221122,09:29:00,42610.20,125,865125
20221122,09:29:01,42616.90,25,865125
20221122,09:29:03,42616.90,50,865125
20221122,09:29:04,42613.60,25,865125
20221122,09:29:06,42617.00,25,865125
20221122,09:29:08,42615.95,650,865125
20221122,09:29:09,42616.20,25,865125
20221122,09:29:12,42620.00,25,865125
20221122,09:29:14,42620.00,25,865125
20221122,09:29:16,42620.00,25,865125
20221122,09:29:17,42620.00,100,865125
20221122,09:29:19,42619.60,25,865125
20221122,09:29:22,42616.35,225,865125
20221122,09:29:23,42619.00,50,865125
20221122,09:29:25,42623.80,75,865125
20221122,09:29:27,42625.35,25,865125
20221122,09:29:30,42625.00,100,865125
20221122,09:29:31,42625.00,75,865125
20221122,09:29:33,42621.30,125,865125
20221122,09:29:36,42622.85,50,865125
20221122,09:29:38,42622.95,150,868850
20221122,09:29:39,42627.00,225,868850
20221122,09:29:41,42624.05,50,868850
20221122,09:29:44,42622.95,50,868850
20221122,09:29:46,42621.00,250,868850
20221122,09:29:47,42620.00,100,868850
20221122,09:29:49,42614.30,75,868850
20221122,09:29:51,42622.55,50,868850
20221122,09:29:52,42621.80,125,868850
20221122,09:29:54,42622.05,100,868850
20221122,09:29:55,42617.30,25,868850
20221122,09:29:57,42621.15,100,868850
20221122,09:29:58,42621.20,25,868850
20221122,09:30:02,42620.00,75,868850
20221122,09:30:03,42624.00,25,868850
20221122,09:30:05,42627.00,25,868850
20221122,09:30:07,42625.10,100,868850
20221122,09:30:08,42627.70,75,868850
20221122,09:30:10,42627.00,25,868850
20221122,09:30:11,42623.70,75,868850
20221122,09:30:13,42624.00,25,868850
20221122,09:30:15,42627.00,50,868850
20221122,09:30:16,42625.75,75,868850
20221122,09:30:18,42622.90,50,868850
20221122,09:30:20,42624.45,75,868850
20221122,09:30:21,42626.90,175,868850
20221122,09:30:23,42629.00,100,868850
20221122,09:30:26,42623.15,100,868850
20221122,09:30:28,42627.00,50,868850
20221122,09:30:29,42628.00,25,868850
20221122,09:30:31,42627.50,75,868850
20221122,09:30:32,42628.00,75,868850
20221122,09:30:34,42628.10,175,868850
20221122,09:30:36,42629.00,75,868850
20221122,09:30:37,42631.00,575,868850
20221122,09:30:39,42628.25,75,868850
20221122,09:30:44,42628.25,25,868850
20221122,09:30:47,42630.20,50,868850
20221122,09:30:49,42628.20,50,868850
20221122,09:30:50,42628.20,150,868850
20221122,09:30:52,42628.20,50,868850
20221122,09:30:55,42631.00,25,868850
20221122,09:30:57,42633.00,50,868850
20221122,09:30:58,42634.60,50,868850
20221122,09:31:01,42634.75,100,868850
20221122,09:31:03,42635.45,50,868850
20221122,09:31:04,42634.40,75,868850
20221122,09:31:06,42635.75,125,868850
20221122,09:31:08,42633.00,150,868850
20221122,09:31:09,42635.90,525,868850
20221122,09:31:12,42631.90,125,868850
20221122,09:31:14,42628.50,75,868850
20221122,09:31:15,42628.10,100,868850
20221122,09:31:17,42628.10,50,868850
20221122,09:31:18,42630.40,75,868850
20221122,09:31:20,42628.15,125,868850
20221122,09:31:21,42628.10,25,868850
20221122,09:31:24,42629.00,50,868850
20221122,09:31:26,42631.00,75,868850
20221122,09:31:28,42629.40,75,868850
20221122,09:31:29,42633.85,25,868850
20221122,09:31:31,42632.60,25,868850
20221122,09:31:34,42632.60,50,868850
20221122,09:31:35,42628.55,25,868850
20221122,09:31:37,42633.50,100,868850
20221122,09:31:38,42630.00,325,868850
20221122,09:31:40,42628.25,75,868850
20221122,09:31:45,42628.25,25,868850
20221122,09:31:48,42631.90,25,868850
20221122,09:31:49,42631.90,75,868850
20221122,09:31:51,42629.90,100,868850
20221122,09:31:54,42628.10,125,868850
20221122,09:31:55,42628.00,75,868850
20221122,09:31:58,42628.95,25,868850
20221122,09:31:59,42625.05,500,868850
20221122,09:32:01,42625.15,375,868850
20221122,09:32:02,42625.10,50,868850
20221122,09:32:04,42625.10,50,868850
20221122,09:32:05,42625.00,100,868850
20221122,09:32:07,42622.35,25,868850
20221122,09:32:13,42627.60,225,868850
20221122,09:32:14,42631.25,25,868850
20221122,09:32:16,42628.50,50,868850
20221122,09:32:17,42628.15,100,868850
20221122,09:32:19,42631.20,75,868850
20221122,09:32:20,42631.15,25,868850
20221122,09:32:22,42629.80,50,868850
20221122,09:32:23,42629.80,75,868850
20221122,09:32:25,42631.15,25,868850
20221122,09:32:27,42632.75,50,868850
20221122,09:32:31,42631.25,50,868850
20221122,09:32:33,42633.50,125,868850
20221122,09:32:36,42631.00,25,868850
20221122,09:32:40,42633.70,25,872775
20221122,09:32:42,42630.05,75,872775
20221122,09:32:44,42630.05,25,872775
20221122,09:32:45,42630.05,50,872775
20221122,09:32:47,42626.70,325,872775
20221122,09:32:48,42626.70,50,872775
20221122,09:32:50,42631.10,50,872775
20221122,09:32:56,42626.80,50,872775
20221122,09:32:58,42626.80,75,872775
20221122,09:33:01,42633.80,75,872775
20221122,09:33:06,42628.75,25,872775
20221122,09:33:07,42632.80,525,872775
20221122,09:33:09,42627.25,100,872775
20221122,09:33:12,42629.90,75,872775
20221122,09:33:14,42628.55,50,872775
20221122,09:33:17,42628.55,75,872775
20221122,09:33:19,42629.95,75,872775
20221122,09:33:20,42632.00,125,872775
20221122,09:33:22,42632.45,150,872775
20221122,09:33:23,42629.80,125,872775
20221122,09:33:25,42633.80,25,872775
20221122,09:33:32,42629.85,75,872775
20221122,09:33:33,42633.00,50,872775
20221122,09:33:35,42630.05,75,872775
20221122,09:33:36,42630.20,225,872775
20221122,09:33:38,42630.05,175,872775
20221122,09:33:40,42628.70,250,872775
20221122,09:33:41,42628.65,50,872775
20221122,09:33:46,42628.65,125,872775
20221122,09:33:51,42627.55,175,872775
20221122,09:33:53,42627.55,25,872775
20221122,09:33:56,42634.00,75,872775
20221122,09:33:58,42631.60,25,872775
20221122,09:33:59,42632.70,125,872775
20221122,09:34:01,42632.60,175,872775
20221122,09:34:02,42634.00,50,872775
20221122,09:34:04,42637.00,100,872775
20221122,09:34:06,42634.10,25,872775
20221122,09:34:11,42638.00,50,872775
20221122,09:34:12,42640.05,425,872775
20221122,09:34:14,42643.25,150,872775
20221122,09:34:16,42638.30,175,872775
20221122,09:34:17,42640.35,25,872775
20221122,09:34:19,42644.55,375,872775
20221122,09:34:24,42640.75,25,872775
20221122,09:34:27,42640.25,100,872775
20221122,09:34:29,42640.25,50,872775
20221122,09:34:35,42639.30,50,872775
20221122,09:34:36,42642.55,50,872775
20221122,09:34:38,42642.55,25,872775
20221122,09:34:41,42640.40,50,872775
20221122,09:34:44,42641.40,100,872775
20221122,09:34:46,42641.40,25,872775
20221122,09:34:51,42644.00,50,872775
20221122,09:34:52,42642.20,50,872775
20221122,09:34:54,42641.65,50,872775
20221122,09:34:55,42644.00,25,872775
20221122,09:34:57,42645.00,50,872775
20221122,09:34:59,42644.80,125,872775
20221122,09:35:00,42646.10,225,872775
20221122,09:35:02,42645.90,75,872775
20221122,09:35:03,42642.50,200,872775
20221122,09:35:05,42645.05,25,872775
20221122,09:35:07,42642.50,25,872775
20221122,09:35:08,42641.15,25,872775
20221122,09:35:12,42648.00,50,872775
20221122,09:35:13,42648.50,150,872775
20221122,09:35:15,42648.50,75,872775
20221122,09:35:16,42650.00,75,872775
20221122,09:35:18,42646.40,50,872775
20221122,09:35:20,42649.45,100,872775
20221122,09:35:21,42650.00,75,872775
20221122,09:35:23,42650.00,125,872775
20221122,09:35:24,42650.00,25,872775
20221122,09:35:26,42650.00,25,872775
20221122,09:35:28,42649.50,350,872775
20221122,09:35:29,42649.50,125,872775
20221122,09:35:31,42650.00,25,872775
20221122,09:35:33,42647.20,250,872775
20221122,09:35:34,42647.20,25,872775
20221122,09:35:36,42647.20,25,872775
20221122,09:35:38,42649.80,25,872775
20221122,09:35:41,42649.90,25,878700
20221122,09:35:42,42649.90,50,878700
20221122,09:35:44,42650.00,175,878700
20221122,09:35:46,42650.00,50,878700
20221122,09:35:49,42650.00,75,878700
20221122,09:35:51,42651.00,75,878700
20221122,09:35:52,42650.00,75,878700
20221122,09:35:54,42647.20,75,878700
20221122,09:35:57,42647.20,75,878700
20221122,09:35:59,42648.80,50,878700
20221122,09:36:01,42644.75,50,878700
20221122,09:36:02,42647.00,275,878700
20221122,09:36:04,42647.00,75,878700
20221122,09:36:05,42644.90,150,878700
20221122,09:36:07,42644.85,25,878700
20221122,09:36:09,42649.00,25,878700
20221122,09:36:10,42644.85,150,878700
20221122,09:36:12,42644.85,75,878700
20221122,09:36:13,42648.55,25,878700
20221122,09:36:15,42644.85,25,878700
20221122,09:36:17,42648.95,25,878700
20221122,09:36:18,42648.00,50,878700
20221122,09:36:20,42645.10,25,878700
20221122,09:36:25,42643.70,200,878700
20221122,09:36:27,42639.20,1150,878700
20221122,09:36:32,42637.60,275,878700
20221122,09:36:33,42636.75,75,878700
20221122,09:36:37,42642.00,175,878700
20221122,09:36:38,42637.30,50,878700
20221122,09:36:40,42637.05,75,878700
20221122,09:36:42,42637.05,25,878700
20221122,09:36:43,42643.75,25,878700
20221122,09:36:45,42643.75,25,878700
20221122,09:36:48,42637.60,50,878700
20221122,09:36:50,42643.85,25,878700
20221122,09:36:55,42643.85,75,878700
20221122,09:37:01,42641.35,50,878700
20221122,09:37:04,42641.35,50,878700
20221122,09:37:08,42641.35,25,878700
20221122,09:37:09,42641.35,50,878700
20221122,09:37:11,42641.40,175,878700
20221122,09:37:14,42644.00,50,878700
20221122,09:37:16,42644.00,100,878700
20221122,09:37:21,42644.00,25,878700
20221122,09:37:23,42645.00,50,878700
20221122,09:37:24,42645.00,75,878700
20221122,09:37:26,42645.25,125,878700
20221122,09:37:27,42648.00,75,878700
20221122,09:37:29,42648.00,100,878700
20221122,09:37:31,42648.00,25,878700
20221122,09:37:32,42648.00,100,878700
20221122,09:37:34,42649.00,25,878700
20221122,09:37:35,42650.00,175,878700
20221122,09:37:37,42649.60,250,878700
20221122,09:37:39,42652.80,150,878700
20221122,09:37:40,42652.45,50,878700
20221122,09:37:42,42652.40,125,878700
20221122,09:37:43,42652.40,25,878700
20221122,09:37:45,42652.90,150,878700
20221122,09:37:47,42651.50,50,878700
20221122,09:37:48,42652.30,350,878700
20221122,09:37:50,42652.55,25,878700
20221122,09:37:51,42654.30,100,878700
20221122,09:37:53,42654.60,100,878700
20221122,09:37:55,42654.60,50,878700
20221122,09:37:56,42654.60,25,878700
20221122,09:37:58,42655.25,375,878700
20221122,09:38:00,42655.20,25,878700
20221122,09:38:01,42650.15,325,878700
20221122,09:38:06,42651.15,325,878700
20221122,09:38:07,42651.40,25,878700
20221122,09:38:09,42651.40,25,878700
20221122,09:38:10,42651.00,25,878700
20221122,09:38:12,42652.45,50,878700
20221122,09:38:15,42652.45,25,878700
20221122,09:38:17,42651.00,25,878700
20221122,09:38:23,42650.20,100,878700
20221122,09:38:25,42650.90,25,878700
20221122,09:38:26,42654.30,50,878700
20221122,09:38:33,42648.00,225,878700
20221122,09:38:36,42648.90,50,878700
20221122,09:38:38,42648.90,50,878700
20221122,09:38:44,42648.90,25,884425
20221122,09:38:46,42647.75,25,884425
20221122,09:38:48,42650.00,50,884425
20221122,09:38:49,42651.15,75,884425
20221122,09:38:51,42648.30,125,884425
20221122,09:38:53,42648.30,75,884425
20221122,09:38:54,42648.30,25,884425
20221122,09:38:58,42650.40,25,884425
20221122,09:38:59,42649.70,25,884425
20221122,09:39:01,42649.40,25,884425
20221122,09:39:03,42648.65,25,884425
20221122,09:39:04,42650.00,125,884425
20221122,09:39:06,42649.85,25,884425
20221122,09:39:07,42650.00,150,884425
20221122,09:39:09,42650.00,50,884425
20221122,09:39:12,42649.35,75,884425
20221122,09:39:14,42649.40,25,884425
20221122,09:39:16,42648.95,125,884425
20221122,09:39:17,42647.85,25,884425
20221122,09:39:19,42647.55,25,884425
20221122,09:39:21,42648.65,200,884425
20221122,09:39:22,42648.60,200,884425
20221122,09:39:24,42647.50,100,884425
20221122,09:39:25,42646.95,150,884425
20221122,09:39:27,42644.05,175,884425
20221122,09:39:29,42644.85,25,884425
20221122,09:39:31,42645.15,100,884425
20221122,09:39:32,42645.65,75,884425
20221122,09:39:34,42645.20,100,884425
20221122,09:39:36,42644.95,100,884425
20221122,09:39:39,42645.00,75,884425
20221122,09:39:41,42647.40,25,884425
20221122,09:39:45,42649.00,25,884425
20221122,09:39:49,42646.75,25,884425
20221122,09:39:50,42646.95,100,884425
20221122,09:39:52,42643.15,100,884425
20221122,09:39:55,42646.10,125,884425
20221122,09:39:57,42645.40,100,884425
20221122,09:39:58,42645.40,50,884425
20221122,09:40:00,42644.05,25,884425
20221122,09:40:01,42645.45,150,884425
20221122,09:40:03,42643.00,275,884425
20221122,09:40:05,42643.00,50,884425
20221122,09:40:06,42643.85,50,884425
20221122,09:40:08,42641.40,225,884425
20221122,09:40:09,42640.00,50,884425
20221122,09:40:11,42639.95,50,884425
20221122,09:40:14,42636.70,75,884425
20221122,09:40:17,42639.95,25,884425
20221122,09:40:19,42642.15,50,884425
20221122,09:40:21,42642.15,75,884425
20221122,09:40:22,42638.30,100,884425
20221122,09:40:32,42643.00,25,884425
20221122,09:40:33,42643.15,25,884425
20221122,09:40:35,42643.15,50,884425
20221122,09:40:41,42644.05,275,884425
20221122,09:40:43,42649.00,175,884425
20221122,09:40:44,42650.00,225,884425
20221122,09:40:46,42648.95,100,884425
20221122,09:40:47,42649.35,125,884425
20221122,09:40:49,42649.40,175,884425
20221122,09:40:50,42649.50,150,884425
20221122,09:40:55,42653.95,25,884425
20221122,09:40:57,42653.65,75,884425
20221122,09:40:58,42654.80,75,884425
20221122,09:41:02,42653.00,50,884425
20221122,09:41:03,42653.00,50,884425
20221122,09:41:06,42650.20,100,884425
20221122,09:41:08,42648.25,100,884425
20221122,09:41:09,42650.55,150,884425
20221122,09:41:13,42650.25,25,884425
20221122,09:41:14,42650.25,25,884425
20221122,09:41:16,42648.50,25,884425
20221122,09:41:17,42647.40,25,884425
20221122,09:41:19,42643.15,100,884425
20221122,09:41:20,42645.80,25,884425
20221122,09:41:22,42646.80,50,884425
20221122,09:41:23,42646.80,25,884425
20221122,09:41:25,42646.65,25,884425
20221122,09:41:31,42642.05,25,884425
20221122,09:41:32,42642.05,50,884425
20221122,09:41:34,42644.60,600,884425
20221122,09:41:38,42640.00,75,884425
20221122,09:41:43,42638.20,25,889750
20221122,09:41:44,42638.20,525,889750
20221122,09:41:47,42636.25,125,889750
20221122,09:41:49,42641.30,50,889750
20221122,09:41:52,42640.55,25,889750
20221122,09:41:55,42637.20,100,889750
20221122,09:41:56,42637.20,75,889750
20221122,09:41:58,42640.00,25,889750
20221122,09:42:01,42636.00,25,889750
20221122,09:42:02,42636.00,125,889750
20221122,09:42:04,42636.00,25,889750
20221122,09:42:05,42636.00,25,889750
20221122,09:42:07,42638.95,75,889750
20221122,09:42:08,42640.55,50,889750
20221122,09:42:10,42637.10,25,889750
20221122,09:42:12,42637.05,50,889750
20221122,09:42:13,42637.05,25,889750
20221122,09:42:16,42635.00,125,889750
20221122,09:42:19,42635.00,75,889750
20221122,09:42:21,42635.00,150,889750
20221122,09:42:22,42630.90,25,889750
20221122,09:42:27,42636.80,275,889750
20221122,09:42:30,42636.80,25,889750
20221122,09:42:32,42636.80,50,889750
20221122,09:42:33,42636.80,50,889750
20221122,09:42:40,42631.75,175,889750
20221122,09:42:41,42631.95,100,889750
20221122,09:42:44,42631.95,50,889750
20221122,09:42:46,42632.90,175,889750
20221122,09:42:57,42633.35,25,889750
20221122,09:43:00,42633.35,50,889750
20221122,09:43:02,42633.35,50,889750
20221122,09:43:06,42640.00,25,889750
20221122,09:43:14,42639.00,25,889750
20221122,09:43:15,42639.00,150,889750
20221122,09:43:20,42640.00,25,889750
20221122,09:43:29,42637.00,75,889750
20221122,09:43:36,42637.25,50,889750
20221122,09:43:42,42637.00,25,889750
20221122,09:43:44,42636.80,50,889750
20221122,09:43:46,42633.40,100,889750
20221122,09:43:49,42634.50,25,889750
20221122,09:43:54,42640.00,75,889750
20221122,09:43:59,42637.75,225,889750
20221122,09:44:03,42642.00,25,889750
20221122,09:44:05,42644.10,25,889750
20221122,09:44:10,42643.05,50,889750
20221122,09:44:11,42642.90,25,889750
20221122,09:44:13,42642.65,50,889750
20221122,09:44:14,42642.50,75,889750
20221122,09:44:15,42643.55,150,889750
20221122,09:44:19,42641.10,325,889750
20221122,09:44:20,42641.15,75,889750
20221122,09:44:23,42637.30,25,889750
20221122,09:44:24,42641.00,25,889750
20221122,09:44:26,42641.00,25,889750
20221122,09:44:28,42640.40,100,889750
20221122,09:44:29,42641.00,75,889750
20221122,09:44:31,42637.35,150,889750
20221122,09:44:32,42641.70,100,889750
20221122,09:44:36,42642.90,75,889750
20221122,09:44:39,42643.95,25,889750
20221122,09:44:40,42643.25,100,893575
20221122,09:44:42,42642.55,25,893575
20221122,09:44:44,42642.70,100,893575
20221122,09:44:47,42643.05,100,893575
20221122,09:44:48,42643.60,125,893575
20221122,09:44:50,42641.45,175,893575
20221122,09:44:52,42641.70,100,893575
20221122,09:44:53,42637.40,50,893575
20221122,09:44:55,42642.00,25,893575
20221122,09:44:56,42642.80,25,893575
20221122,09:44:58,42644.00,275,893575
20221122,09:45:00,42645.75,150,893575
20221122,09:45:01,42649.00,450,893575
20221122,09:45:03,42649.45,25,893575
20221122,09:45:05,42651.85,600,893575
20221122,09:45:06,42650.60,150,893575
20221122,09:45:08,42649.90,225,893575
20221122,09:45:09,42650.55,125,893575
20221122,09:45:11,42649.75,200,893575
20221122,09:45:13,42649.70,125,893575
20221122,09:45:14,42648.15,175,893575
20221122,09:45:16,42644.65,25,893575
20221122,09:45:18,42646.55,75,893575
20221122,09:45:21,42646.65,150,893575
20221122,09:45:22,42646.35,200,893575
20221122,09:45:26,42647.95,50,893575
20221122,09:45:27,42648.35,125,893575
20221122,09:45:29,42644.15,100,893575
20221122,09:45:30,42647.55,50,893575
20221122,09:45:32,42646.30,75,893575
20221122,09:45:34,42646.35,50,893575
20221122,09:45:35,42645.55,75,893575
20221122,09:45:37,42646.95,200,893575
20221122,09:45:39,42646.35,300,893575
20221122,09:45:40,42645.25,150,893575
20221122,09:45:42,42644.40,225,893575
20221122,09:45:44,42644.60,75,893575
20221122,09:45:45,42645.55,100,893575
20221122,09:45:47,42644.60,25,893575
20221122,09:45:48,42646.00,50,893575
20221122,09:45:50,42645.30,50,893575
20221122,09:45:52,42644.60,100,893575
20221122,09:45:53,42641.70,150,893575
20221122,09:45:55,42647.40,275,893575
20221122,09:45:57,42647.55,125,893575
20221122,09:45:58,42649.50,125,893575
20221122,09:46:00,42649.05,150,893575
20221122,09:46:02,42647.85,125,893575
20221122,09:46:03,42650.00,225,893575
20221122,09:46:05,42648.60,300,893575
20221122,09:46:07,42649.25,550,893575
20221122,09:46:10,42650.55,100,893575
20221122,09:46:11,42647.50,125,893575
20221122,09:46:13,42649.00,75,893575
20221122,09:46:15,42649.05,75,893575
20221122,09:46:16,42648.35,150,893575
20221122,09:46:18,42647.05,75,893575
20221122,09:46:21,42645.55,50,893575
20221122,09:46:23,42647.75,100,893575
20221122,09:46:24,42649.70,175,893575
20221122,09:46:26,42648.00,150,893575
20221122,09:46:29,42647.95,175,893575
20221122,09:46:31,42648.00,100,893575
20221122,09:46:32,42646.45,150,893575
20221122,09:46:34,42650.10,50,893575
20221122,09:46:35,42646.45,25,893575
20221122,09:46:37,42649.95,50,893575
20221122,09:46:38,42649.50,25,893575
20221122,09:46:40,42650.10,100,893575
20221122,09:46:41,42646.45,50,893575
20221122,09:46:43,42647.25,50,893575
20221122,09:46:44,42647.60,150,893575
20221122,09:46:46,42645.60,300,893575
20221122,09:46:47,42648.55,75,893575
20221122,09:46:49,42645.45,400,893575
20221122,09:46:50,42645.35,75,893575
20221122,09:46:52,42642.05,125,893575
20221122,09:46:54,42645.85,250,893575
20221122,09:46:55,42641.05,75,893575
20221122,09:46:57,42641.05,175,893575
20221122,09:46:58,42640.00,375,893575
20221122,09:47:00,42637.60,100,893575
20221122,09:47:01,42638.55,25,893575
20221122,09:47:03,42638.60,225,893575
20221122,09:47:04,42640.00,25,893575
20221122,09:47:06,42636.60,100,893575
20221122,09:47:07,42636.60,100,893575
20221122,09:47:09,42635.05,75,893575
20221122,09:47:11,42635.15,150,893575
20221122,09:47:12,42640.00,125,893575
20221122,09:47:14,42635.10,125,893575
20221122,09:47:15,42640.00,50,893575
20221122,09:47:16,42635.10,25,893575
20221122,09:47:18,42640.00,75,893575
20221122,09:47:21,42635.50,200,893575
20221122,09:47:23,42640.00,125,893575
20221122,09:47:24,42635.85,150,893575
20221122,09:47:26,42635.60,725,893575
20221122,09:47:27,42640.00,150,893575
20221122,09:47:29,42640.00,75,893575
20221122,09:47:31,42640.00,75,893575
20221122,09:47:32,42638.60,125,893575
20221122,09:47:34,42640.00,200,893575
20221122,09:47:36,42640.00,325,893575
20221122,09:47:37,42636.25,275,893575
20221122,09:47:39,42640.00,150,893575
20221122,09:47:40,42635.90,50,893575
20221122,09:47:42,42640.00,100,893575
20221122,09:47:44,42636.25,100,907075
20221122,09:47:45,42640.00,25,907075
20221122,09:47:47,42640.00,150,907075
20221122,09:47:49,42639.10,100,907075
20221122,09:47:50,42639.05,150,907075
20221122,09:47:52,42639.10,200,907075
20221122,09:47:53,42640.00,350,907075
20221122,09:47:55,42639.05,275,907075
20221122,09:47:57,42639.05,75,907075
20221122,09:47:58,42634.30,100,907075
20221122,09:48:00,42632.60,75,907075
20221122,09:48:01,42634.30,100,907075
20221122,09:48:03,42632.55,50,907075
20221122,09:48:05,42631.00,25,907075
20221122,09:48:06,42631.00,150,907075
20221122,09:48:08,42632.55,125,907075
20221122,09:48:10,42635.50,175,907075
20221122,09:48:11,42640.00,600,907075
20221122,09:48:13,42639.05,300,907075
20221122,09:48:15,42637.00,275,907075
20221122,09:48:16,42635.70,175,907075
20221122,09:48:18,42639.00,250,907075
20221122,09:48:20,42633.95,50,907075
20221122,09:48:21,42639.35,150,907075
20221122,09:48:23,42635.10,50,907075
20221122,09:48:24,42637.00,25,907075
20221122,09:48:27,42637.00,75,907075
20221122,09:48:29,42632.70,25,907075
20221122,09:48:31,42632.75,100,907075
20221122,09:48:32,42630.75,25,907075
20221122,09:48:34,42635.50,50,907075
20221122,09:48:35,42638.30,175,907075
20221122,09:48:37,42633.20,350,907075
20221122,09:48:38,42633.20,25,907075
20221122,09:48:40,42632.50,300,907075
20221122,09:48:43,42632.90,150,907075
20221122,09:48:45,42632.90,75,907075
20221122,09:48:46,42632.90,150,907075
20221122,09:48:48,42632.90,25,907075
20221122,09:48:49,42632.85,175,907075
20221122,09:48:51,42632.85,100,907075
20221122,09:48:52,42635.05,100,907075
20221122,09:48:54,42635.05,50,907075
20221122,09:48:56,42632.70,150,907075
20221122,09:48:57,42634.00,175,907075
20221122,09:48:59,42634.00,50,907075
20221122,09:49:00,42637.85,50,907075
20221122,09:49:02,42630.30,25,907075
20221122,09:49:03,42630.85,100,907075
20221122,09:49:05,42630.95,75,907075
20221122,09:49:07,42638.00,75,907075
20221122,09:49:08,42631.20,25,907075
20221122,09:49:10,42634.00,150,907075
20221122,09:49:11,42630.10,50,907075
20221122,09:49:13,42635.75,125,907075
20221122,09:49:16,42632.80,75,907075
20221122,09:49:18,42632.05,25,907075
20221122,09:49:19,42637.95,75,907075
20221122,09:49:21,42632.90,150,907075
20221122,09:49:22,42637.90,100,907075
20221122,09:49:24,42632.90,50,907075
20221122,09:49:25,42632.95,150,907075
20221122,09:49:27,42633.05,200,907075
20221122,09:49:28,42633.90,200,907075
20221122,09:49:30,42633.80,175,907075
20221122,09:49:32,42634.75,125,907075
20221122,09:49:35,42634.75,250,907075
20221122,09:49:36,42634.75,25,907075
20221122,09:49:38,42640.85,25,907075
20221122,09:49:41,42635.15,200,907075
20221122,09:49:44,42637.65,325,907075
20221122,09:49:45,42643.95,150,907075
20221122,09:49:47,42643.95,25,907075
20221122,09:49:49,42639.40,200,907075
20221122,09:49:50,42637.40,200,907075
20221122,09:49:51,42636.55,75,907075
20221122,09:49:53,42637.85,125,907075
20221122,09:49:54,42641.25,150,907075
20221122,09:49:56,42637.60,50,907075
20221122,09:49:57,42644.60,75,907075
20221122,09:49:59,42638.00,25,907075
20221122,09:50:02,42639.00,150,907075
20221122,09:50:03,42637.55,25,907075
20221122,09:50:04,42645.00,175,907075
20221122,09:50:06,42638.00,100,907075
20221122,09:50:07,42637.30,300,907075
20221122,09:50:09,42636.70,425,907075
20221122,09:50:10,42637.40,225,907075
20221122,09:50:12,42637.10,75,907075
20221122,09:50:13,42637.20,125,907075
20221122,09:50:15,42637.25,50,907075
20221122,09:50:16,42642.00,75,907075
20221122,09:50:17,42636.65,25,907075
20221122,09:50:19,42644.75,175,907075
20221122,09:50:20,42635.00,275,907075
20221122,09:50:22,42642.00,200,907075
20221122,09:50:23,42634.00,150,907075
20221122,09:50:25,42637.30,275,907075
20221122,09:50:27,42634.60,175,907075
20221122,09:50:28,42639.95,125,907075
20221122,09:50:30,42633.75,50,907075
20221122,09:50:33,42633.55,75,907075
20221122,09:50:35,42633.50,125,907075
20221122,09:50:38,42635.40,75,907075
20221122,09:50:40,42635.75,75,907075
20221122,09:50:42,42638.00,25,907075
20221122,09:50:45,42638.00,25,918450
20221122,09:50:48,42635.45,150,918450
20221122,09:50:49,42636.50,75,918450
20221122,09:50:52,42643.05,25,918450
20221122,09:50:54,42636.80,25,918450
20221122,09:51:00,42642.75,25,918450
20221122,09:51:03,42642.75,50,918450
20221122,09:51:04,42635.30,50,918450
20221122,09:51:06,42633.95,25,918450
20221122,09:51:12,42633.95,200,918450
20221122,09:51:14,42634.15,175,918450
20221122,09:51:15,42634.35,125,918450
20221122,09:51:17,42634.35,50,918450
20221122,09:51:18,42634.35,50,918450
20221122,09:51:20,42634.80,75,918450
20221122,09:51:23,42635.30,25,918450
20221122,09:51:25,42637.05,50,918450
20221122,09:51:26,42637.05,25,918450
20221122,09:51:28,42637.05,25,918450
20221122,09:51:29,42640.00,25,918450
20221122,09:51:31,42637.20,125,918450
20221122,09:51:32,42638.55,125,918450
20221122,09:51:38,42638.60,25,918450
20221122,09:51:39,42638.60,25,918450
20221122,09:51:42,42637.00,125,918450
20221122,09:51:44,42634.90,50,918450
20221122,09:51:47,42635.20,75,918450
20221122,09:51:50,42639.00,25,918450
20221122,09:51:53,42638.35,25,918450
20221122,09:51:57,42637.90,75,918450
20221122,09:52:00,42637.90,75,918450
20221122,09:52:02,42638.00,50,918450
20221122,09:52:04,42641.35,50,918450
20221122,09:52:05,42635.00,100,918450
20221122,09:52:07,42640.05,75,918450
20221122,09:52:08,42634.15,50,918450
20221122,09:52:11,42634.15,125,918450
20221122,09:52:13,42637.45,25,918450
20221122,09:52:14,42632.00,75,918450
20221122,09:52:16,42632.00,50,918450
20221122,09:52:18,42633.35,125,918450
20221122,09:52:19,42633.85,50,918450
20221122,09:52:21,42639.60,25,918450
20221122,09:52:22,42634.80,25,918450
20221122,09:52:31,42639.80,375,918450
20221122,09:52:40,42635.05,25,918450
20221122,09:52:45,42635.00,75,918450
20221122,09:52:47,42631.95,600,918450
20221122,09:52:49,42630.00,250,918450
20221122,09:52:50,42629.00,50,918450
20221122,09:52:52,42633.20,25,918450
20221122,09:52:53,42629.60,75,918450
20221122,09:52:55,42628.75,125,918450
20221122,09:52:58,42632.00,50,918450
20221122,09:53:00,42632.00,75,918450
20221122,09:53:02,42630.90,450,918450
20221122,09:53:03,42632.00,100,918450
20221122,09:53:05,42630.00,75,918450
20221122,09:53:07,42629.00,175,918450
20221122,09:53:13,42629.70,200,918450
20221122,09:53:15,42631.00,125,918450
20221122,09:53:16,42631.00,150,918450
20221122,09:53:23,42631.30,175,918450
20221122,09:53:24,42634.60,25,918450
20221122,09:53:26,42634.45,75,918450
20221122,09:53:29,42634.45,75,918450
20221122,09:53:32,42634.45,75,918450
20221122,09:53:34,42629.75,100,918450
20221122,09:53:37,42636.20,25,918450
20221122,09:53:40,42636.00,25,918450
20221122,09:53:42,42631.45,125,918450
20221122,09:53:43,42631.55,75,922775
20221122,09:53:48,42636.05,25,922775
20221122,09:53:51,42634.45,125,922775
20221122,09:53:53,42630.20,100,922775
20221122,09:53:54,42630.65,25,922775
20221122,09:53:56,42633.55,300,922775
20221122,09:53:58,42633.35,225,922775
20221122,09:54:02,42633.15,75,922775
20221122,09:54:04,42633.10,25,922775
20221122,09:54:06,42634.90,25,922775
20221122,09:54:09,42634.45,100,922775
20221122,09:54:10,42634.25,125,922775
20221122,09:54:12,42634.25,75,922775
20221122,09:54:14,42634.25,25,922775
20221122,09:54:15,42632.65,100,922775
20221122,09:54:17,42627.45,125,922775
20221122,09:54:18,42627.45,25,922775
20221122,09:54:27,42628.30,100,922775
20221122,09:54:29,42628.30,200,922775
20221122,09:54:30,42627.40,25,922775
20221122,09:54:32,42634.95,25,922775
20221122,09:54:33,42627.40,25,922775
20221122,09:54:35,42627.55,125,922775
20221122,09:54:39,42630.95,25,922775
20221122,09:54:41,42631.05,125,922775
20221122,09:54:43,42629.90,125,922775
20221122,09:54:44,42634.30,50,922775
20221122,09:54:46,42633.20,75,922775
20221122,09:54:47,42627.20,250,922775
20221122,09:54:49,42627.25,125,922775
20221122,09:54:54,42634.30,25,922775
20221122,09:54:57,42629.35,200,922775
20221122,09:55:11,42629.35,50,922775
20221122,09:55:13,42627.15,75,922775
20221122,09:55:14,42631.90,25,922775
20221122,09:55:16,42627.15,50,922775
20221122,09:55:17,42631.90,50,922775
20221122,09:55:19,42627.15,50,922775
20221122,09:55:20,42631.15,25,922775
20221122,09:55:23,42630.20,25,922775
20221122,09:55:25,42630.20,75,922775
20221122,09:55:26,42625.45,75,922775
20221122,09:55:30,42627.00,25,922775
20221122,09:55:31,42623.10,300,922775
20221122,09:55:34,42627.00,525,922775
20221122,09:55:36,42623.10,25,922775
20221122,09:55:39,42625.05,75,922775
20221122,09:55:41,42625.05,100,922775
20221122,09:55:50,42629.85,50,922775
20221122,09:55:54,42629.85,75,922775
20221122,09:55:59,42629.65,125,922775
20221122,09:56:07,42625.00,25,922775
20221122,09:56:08,42623.15,25,922775
20221122,09:56:10,42623.15,50,922775
20221122,09:56:11,42623.15,150,922775
20221122,09:56:14,42625.00,50,922775
20221122,09:56:20,42625.00,75,922775
20221122,09:56:21,42621.45,100,922775
20221122,09:56:23,42625.00,100,922775
20221122,09:56:24,42625.00,75,922775
20221122,09:56:25,42623.50,25,922775
20221122,09:56:32,42621.25,150,922775
20221122,09:56:33,42623.50,25,922775
20221122,09:56:37,42624.90,50,922775
20221122,09:56:39,42624.90,50,922775
20221122,09:56:42,42621.75,75,922775
20221122,09:56:45,42621.75,75,926975
20221122,09:56:46,42621.30,25,926975
20221122,09:56:49,42621.60,25,926975
20221122,09:56:50,42621.55,200,926975
20221122,09:56:53,42625.00,125,926975
20221122,09:56:55,42628.00,50,926975
20221122,09:56:57,42628.40,25,926975
20221122,09:56:58,42628.85,125,926975
20221122,09:57:00,42625.20,125,926975
20221122,09:57:01,42624.90,75,926975
20221122,09:57:03,42625.50,50,926975
20221122,09:57:06,42628.70,450,926975
20221122,09:57:07,42628.70,50,926975
20221122,09:57:09,42628.45,100,926975
20221122,09:57:10,42629.85,25,926975
20221122,09:57:12,42629.40,250,926975
20221122,09:57:13,42634.60,50,926975
20221122,09:57:15,42634.70,25,926975
20221122,09:57:16,42635.00,50,926975
20221122,09:57:18,42635.95,75,926975
20221122,09:57:19,42632.20,175,926975
20221122,09:57:21,42631.95,250,926975
20221122,09:57:23,42631.65,250,926975
20221122,09:57:24,42632.20,150,926975
20221122,09:57:26,42635.00,200,926975
20221122,09:57:27,42634.75,400,926975
20221122,09:57:29,42635.40,50,926975
20221122,09:57:30,42632.15,150,926975
20221122,09:57:32,42634.45,125,926975
20221122,09:57:33,42634.40,50,926975
20221122,09:57:35,42638.55,50,926975
20221122,09:57:36,42638.55,50,926975
20221122,09:57:38,42631.05,125,926975
20221122,09:57:39,42630.00,25,926975
20221122,09:57:44,42630.00,175,926975
20221122,09:57:46,42630.00,25,926975
20221122,09:57:47,42627.95,25,926975
20221122,09:57:49,42628.60,125,926975
20221122,09:57:55,42623.50,25,926975
20221122,09:57:56,42627.95,175,926975
20221122,09:58:01,42629.60,300,926975
20221122,09:58:04,42629.70,25,926975
20221122,09:58:06,42629.70,50,926975
20221122,09:58:09,42626.60,25,926975
20221122,09:58:15,42633.60,25,926975
20221122,09:58:21,42627.85,175,926975
20221122,09:58:24,42633.60,50,926975
20221122,09:58:26,42629.05,275,926975
20221122,09:58:33,42637.20,100,926975
20221122,09:58:36,42630.55,75,926975
20221122,09:58:37,42630.55,50,926975
20221122,09:58:39,42629.90,100,926975
20221122,09:58:44,42624.85,50,926975
20221122,09:58:45,42631.85,25,926975
20221122,09:58:47,42626.90,50,926975
20221122,09:58:50,42626.90,75,926975
20221122,09:58:52,42635.30,50,926975
20221122,09:58:55,42629.35,25,926975
20221122,09:58:56,42629.35,25,926975
20221122,09:59:01,42626.25,100,926975
20221122,09:59:02,42634.25,25,926975
20221122,09:59:05,42633.05,75,926975
20221122,09:59:08,42633.05,25,926975
20221122,09:59:14,42633.05,25,926975
20221122,09:59:19,42634.55,75,926975
20221122,09:59:21,42626.50,50,926975
20221122,09:59:22,42634.20,25,926975
20221122,09:59:33,42626.10,25,926975
20221122,09:59:34,42626.10,75,926975
20221122,09:59:36,42626.45,25,926975
20221122,09:59:39,42632.45,25,926975
20221122,09:59:48,42632.45,50,931925
20221122,09:59:51,42632.45,25,931925
20221122,09:59:52,42626.55,25,931925
20221122,09:59:54,42626.45,25,931925
20221122,09:59:55,42626.00,100,931925
20221122,10:00:03,42626.00,75,931925
20221122,10:00:07,42626.55,25,931925
20221122,10:00:11,42626.05,25,931925
20221122,10:00:15,42626.05,75,931925
20221122,10:00:16,42626.05,25,931925
20221122,10:00:18,42626.05,75,931925
20221122,10:00:21,42626.05,25,931925
20221122,10:00:23,42626.05,25,931925
20221122,10:00:24,42630.00,50,931925
20221122,10:00:27,42627.25,50,931925
20221122,10:00:31,42627.95,275,931925
20221122,10:00:32,42627.95,100,931925
20221122,10:00:45,42627.95,50,931925
20221122,10:00:46,42627.95,50,931925
20221122,10:00:48,42627.95,25,931925
20221122,10:00:51,42628.80,50,931925
20221122,10:01:01,42631.80,100,931925
20221122,10:01:03,42632.90,50,931925
20221122,10:01:04,42629.00,25,931925
20221122,10:01:06,42629.00,25,931925
20221122,10:01:07,42633.00,25,931925
20221122,10:01:14,42633.00,25,931925
20221122,10:01:15,42634.00,100,931925
20221122,10:01:17,42637.40,50,931925
20221122,10:01:18,42638.55,75,931925
20221122,10:01:22,42639.00,25,931925
20221122,10:01:23,42639.00,50,931925
20221122,10:01:25,42640.85,150,931925
20221122,10:01:26,42637.00,300,931925
20221122,10:01:28,42640.65,50,931925
20221122,10:01:30,42638.60,75,931925
20221122,10:01:31,42638.55,350,931925
20221122,10:01:34,42642.00,125,931925
20221122,10:01:38,42642.00,50,931925
20221122,10:01:39,42640.20,50,931925
20221122,10:01:43,42640.45,50,931925
20221122,10:01:44,42638.65,125,931925
20221122,10:01:46,42642.00,100,931925
20221122,10:01:47,42643.00,50,931925
20221122,10:01:50,42643.00,25,931925
20221122,10:01:52,42644.30,75,931925
20221122,10:01:55,42639.05,50,931925
20221122,10:01:57,42635.10,675,931925
20221122,10:01:59,42632.65,425,931925
20221122,10:02:00,42632.65,75,931925
20221122,10:02:02,42635.50,25,931925
20221122,10:02:03,42641.75,200,931925
20221122,10:02:08,42643.00,25,931925
20221122,10:02:14,42643.00,50,931925
20221122,10:02:17,42641.00,100,931925
20221122,10:02:19,42640.45,100,931925
20221122,10:02:21,42634.00,150,931925
20221122,10:02:22,42634.10,75,931925
20221122,10:02:24,42634.15,25,931925
20221122,10:02:25,42634.70,25,931925
20221122,10:02:29,42634.05,150,931925
20221122,10:02:33,42637.00,125,931925
20221122,10:02:35,42641.80,25,931925
20221122,10:02:38,42635.30,50,931925
20221122,10:02:39,42635.30,50,931925
20221122,10:02:41,42634.10,125,931925
20221122,10:02:44,42634.10,100,931925
20221122,10:02:45,42636.50,25,936375
20221122,10:02:47,42639.40,50,936375
20221122,10:02:48,42640.30,100,936375
20221122,10:02:54,42635.10,25,936375
20221122,10:02:57,42639.00,50,936375
20221122,10:02:58,42634.10,100,936375
20221122,10:03:00,42630.05,275,936375
20221122,10:03:01,42630.05,50,936375
20221122,10:03:03,42638.25,75,936375
20221122,10:03:12,42634.60,250,936375
20221122,10:03:17,42639.50,25,936375
20221122,10:03:20,42639.50,25,936375
20221122,10:03:26,42634.60,50,936375
20221122,10:03:27,42630.30,100,936375
20221122,10:03:30,42630.30,75,936375
20221122,10:03:38,42631.10,125,936375
20221122,10:03:39,42631.10,50,936375
20221122,10:03:41,42635.40,25,936375
20221122,10:03:42,42633.30,100,936375
20221122,10:03:49,42630.00,75,936375
20221122,10:03:50,42630.00,25,936375
20221122,10:03:52,42630.00,25,936375
20221122,10:03:53,42630.00,25,936375
20221122,10:03:56,42622.25,700,936375
20221122,10:04:01,42624.60,25,936375
20221122,10:04:02,42624.60,25,936375
20221122,10:04:04,42625.00,75,936375
20221122,10:04:05,42625.00,150,936375
20221122,10:04:10,42625.00,150,936375
20221122,10:04:13,42621.90,25,936375
20221122,10:04:23,42620.35,100,936375
20221122,10:04:25,42621.05,100,936375
20221122,10:04:34,42624.70,25,936375
20221122,10:04:37,42625.00,50,936375
20221122,10:04:39,42625.00,25,936375
20221122,10:04:40,42625.00,50,936375
20221122,10:04:42,42625.00,25,936375
20221122,10:04:45,42625.00,25,936375
20221122,10:04:46,42621.10,75,936375
20221122,10:04:50,42622.05,25,936375
20221122,10:04:53,42625.00,25,936375
20221122,10:04:55,42625.00,200,936375
20221122,10:04:59,42625.00,25,936375
20221122,10:05:04,42625.00,25,936375
20221122,10:05:06,42625.00,25,936375
20221122,10:05:07,42623.05,25,936375
20221122,10:05:10,42625.00,175,936375
20221122,10:05:11,42625.00,50,936375
20221122,10:05:12,42624.00,50,936375
20221122,10:05:14,42624.25,150,936375
20221122,10:05:17,42624.00,25,936375
20221122,10:05:21,42625.00,50,936375
20221122,10:05:22,42625.00,25,936375
20221122,10:05:24,42623.30,125,936375
20221122,10:05:27,42623.30,25,936375
20221122,10:05:31,42625.00,50,936375
20221122,10:05:32,42625.00,25,936375
20221122,10:05:35,42625.00,50,936375
20221122,10:05:36,42625.00,100,936375
20221122,10:05:38,42624.95,50,936375
20221122,10:05:40,42624.95,50,936375
20221122,10:05:44,42624.95,50,936375
20221122,10:05:45,42624.95,75,939825
20221122,10:05:47,42624.90,25,939825
20221122,10:05:48,42625.00,25,939825
20221122,10:05:52,42625.00,25,939825
20221122,10:05:54,42625.00,100,939825
20221122,10:05:55,42625.00,125,939825
20221122,10:05:57,42622.00,25,939825
20221122,10:05:59,42620.55,25,939825
20221122,10:06:00,42620.55,25,939825
20221122,10:06:06,42620.00,50,939825
20221122,10:06:09,42623.95,150,939825
20221122,10:06:15,42622.15,50,939825
20221122,10:06:23,42622.15,75,939825
20221122,10:06:24,42625.00,25,939825
20221122,10:06:27,42624.20,75,939825
20221122,10:06:31,42624.20,200,939825
20221122,10:06:35,42627.00,25,939825
20221122,10:06:37,42627.00,25,939825
20221122,10:06:38,42627.45,75,939825
20221122,10:06:40,42628.25,75,939825
20221122,10:06:44,42628.25,25,939825
20221122,10:06:46,42627.85,25,939825
20221122,10:06:50,42630.00,25,939825
20221122,10:06:52,42630.00,75,939825
20221122,10:06:55,42622.10,75,939825
20221122,10:07:00,42627.80,75,939825
20221122,10:07:03,42621.05,25,939825
20221122,10:07:04,42621.05,50,939825
20221122,10:07:06,42621.00,100,939825
20221122,10:07:07,42620.15,125,939825
20221122,10:07:09,42620.00,75,939825
20221122,10:07:17,42625.00,275,939825
20221122,10:07:19,42622.10,50,939825
20221122,10:07:21,42620.85,50,939825
20221122,10:07:25,42621.90,75,939825
20221122,10:07:32,42621.90,50,939825
20221122,10:07:34,42621.55,50,939825
20221122,10:07:35,42621.55,50,939825
20221122,10:07:37,42621.55,125,939825
20221122,10:07:38,42621.55,25,939825
20221122,10:07:40,42627.00,250,939825
20221122,10:07:50,42620.25,150,939825
20221122,10:07:56,42620.40,25,939825
20221122,10:07:57,42625.75,25,939825
20221122,10:08:05,42625.75,75,939825
20221122,10:08:11,42624.95,25,939825
20221122,10:08:14,42624.95,25,939825
20221122,10:08:20,42624.95,50,939825
20221122,10:08:26,42619.15,450,939825
20221122,10:08:27,42618.00,50,939825
20221122,10:08:29,42618.45,25,939825
20221122,10:08:34,42619.15,150,939825
20221122,10:08:45,42619.15,25,939825
20221122,10:08:48,42615.10,100,942275
20221122,10:08:49,42615.10,50,942275
20221122,10:08:53,42615.85,25,942275
20221122,10:08:57,42618.00,50,942275
20221122,10:09:03,42618.00,275,942275
20221122,10:09:07,42617.75,25,942275
20221122,10:09:08,42617.10,75,942275
20221122,10:09:18,42617.10,400,942275
20221122,10:09:19,42614.35,100,942275
20221122,10:09:21,42614.00,25,942275
20221122,10:09:22,42620.00,150,942275
20221122,10:09:33,42616.05,100,942275
20221122,10:09:36,42614.55,25,942275
20221122,10:09:38,42614.55,25,942275
20221122,10:09:41,42622.20,150,942275
20221122,10:09:46,42622.20,50,942275
20221122,10:09:49,42619.00,25,942275
20221122,10:09:54,42618.65,25,942275
20221122,10:09:57,42618.65,25,942275
20221122,10:10:00,42618.85,25,942275
20221122,10:10:01,42619.80,200,942275
20221122,10:10:03,42624.95,25,942275
20221122,10:10:05,42620.25,25,942275
20221122,10:10:06,42625.00,25,942275
20221122,10:10:11,42621.95,25,942275
20221122,10:10:14,42621.95,50,942275
20221122,10:10:16,42621.95,50,942275
20221122,10:10:19,42625.00,25,942275
20221122,10:10:30,42620.00,75,942275
20221122,10:10:31,42621.00,525,942275
20221122,10:10:33,42621.00,25,942275
20221122,10:10:36,42619.00,25,942275
20221122,10:10:42,42620.60,75,942275
20221122,10:10:44,42619.65,50,942275
20221122,10:10:45,42620.00,75,942275
20221122,10:10:49,42614.20,25,942275
20221122,10:10:53,42612.05,25,942275
20221122,10:10:56,42614.15,25,942275
20221122,10:10:58,42612.05,50,942275
20221122,10:10:59,42612.05,100,942275
20221122,10:11:01,42612.05,75,942275
20221122,10:11:03,42612.05,25,942275
20221122,10:11:04,42612.45,25,942275
20221122,10:11:07,42608.45,50,942275
20221122,10:11:14,42608.45,25,942275
20221122,10:11:16,42608.45,75,942275
20221122,10:11:19,42608.55,25,942275
20221122,10:11:21,42610.00,25,942275
20221122,10:11:27,42614.20,50,942275
20221122,10:11:29,42612.00,25,942275
20221122,10:11:30,42610.05,100,942275
20221122,10:11:38,42612.00,25,942275
20221122,10:11:39,42610.30,25,942275
20221122,10:11:44,42610.55,150,942275
20221122,10:11:46,42613.10,25,942275
20221122,10:11:47,42612.35,25,942275
20221122,10:11:49,42613.85,75,943600
20221122,10:11:51,42612.00,75,943600
20221122,10:11:52,42612.55,50,943600
20221122,10:11:54,42615.10,100,943600
20221122,10:11:55,42614.10,25,943600
20221122,10:11:58,42614.10,125,943600
20221122,10:12:00,42616.65,475,943600
20221122,10:12:01,42618.55,50,943600
20221122,10:12:14,42618.55,50,943600
20221122,10:12:26,42618.55,25,943600
20221122,10:12:28,42618.55,75,943600
20221122,10:12:31,42624.00,25,943600
20221122,10:12:37,42625.00,25,943600
20221122,10:12:40,42625.00,25,943600
20221122,10:12:42,42626.80,25,943600
20221122,10:12:43,42626.80,75,943600
20221122,10:12:45,42626.90,50,943600
20221122,10:12:48,42626.85,25,943600
20221122,10:12:54,42626.60,25,943600
20221122,10:12:57,42626.60,75,943600
20221122,10:13:00,42626.60,25,943600
20221122,10:13:02,42629.00,100,943600
20221122,10:13:05,42629.95,25,943600
20221122,10:13:09,42630.00,50,943600
20221122,10:13:11,42630.00,25,943600
20221122,10:13:12,42625.95,200,943600
20221122,10:13:15,42626.20,75,943600
20221122,10:13:20,42625.65,25,943600
20221122,10:13:23,42630.00,75,943600
20221122,10:13:24,42627.40,50,943600
20221122,10:13:26,42627.40,75,943600
20221122,10:13:29,42627.35,50,943600
20221122,10:13:34,42630.00,25,943600
20221122,10:13:35,42634.15,125,943600
20221122,10:13:37,42634.15,100,943600
20221122,10:13:45,42634.50,125,943600
20221122,10:13:49,42627.90,25,943600
20221122,10:13:50,42627.90,25,943600
20221122,10:13:53,42630.00,25,943600
20221122,10:13:55,42630.00,75,943600
20221122,10:14:03,42627.10,50,943600
20221122,10:14:04,42627.10,100,943600
20221122,10:14:08,42625.65,75,943600
20221122,10:14:09,42625.65,100,943600
20221122,10:14:11,42629.95,75,943600
20221122,10:14:17,42628.25,75,943600
20221122,10:14:18,42628.25,25,943600
20221122,10:14:24,42628.25,75,943600
20221122,10:14:31,42628.25,275,943600
20221122,10:14:33,42628.25,25,943600
20221122,10:14:45,42630.95,75,943600
20221122,10:14:56,42625.55,300,945875
20221122,10:14:58,42625.55,75,945875
20221122,10:15:10,42625.55,50,945875
20221122,10:15:11,42625.55,100,945875
20221122,10:15:14,42625.55,25,945875
20221122,10:15:17,42627.40,25,945875
20221122,10:15:22,42627.40,50,945875
20221122,10:15:24,42631.00,25,945875
20221122,10:15:25,42632.00,25,945875
20221122,10:15:27,42632.00,25,945875
20221122,10:15:35,42630.45,100,945875
20221122,10:15:38,42630.45,25,945875
20221122,10:15:39,42630.35,150,945875
20221122,10:15:41,42628.25,200,945875
20221122,10:15:44,42635.30,25,945875
20221122,10:15:47,42635.30,50,945875
20221122,10:15:51,42630.10,100,945875
20221122,10:15:53,42632.00,125,945875
20221122,10:15:56,42632.00,25,945875
20221122,10:16:00,42632.00,50,945875
20221122,10:16:03,42632.00,25,945875
20221122,10:16:09,42628.00,25,945875
20221122,10:16:11,42628.00,25,945875
20221122,10:16:12,42628.00,25,945875
20221122,10:16:14,42628.00,25,945875
20221122,10:16:21,42628.00,75,945875
20221122,10:16:22,42632.00,75,945875
20221122,10:16:24,42632.00,50,945875
20221122,10:16:36,42632.00,50,945875
20221122,10:16:38,42627.40,50,945875
20221122,10:16:45,42626.20,25,945875
20221122,10:16:49,42626.20,50,945875
20221122,10:16:55,42622.30,200,945875
20221122,10:16:59,42624.25,50,945875
20221122,10:17:02,42624.25,75,945875
20221122,10:17:04,42624.25,50,945875
20221122,10:17:05,42623.65,25,945875
20221122,10:17:12,42624.45,25,945875
20221122,10:17:13,42624.40,25,945875
20221122,10:17:15,42624.30,125,945875
20221122,10:17:16,42624.40,50,945875
20221122,10:17:20,42624.40,25,945875
20221122,10:17:22,42624.40,25,945875
20221122,10:17:26,42624.40,50,945875
20221122,10:17:29,42627.00,100,945875
20221122,10:17:31,42625.25,100,945875
20221122,10:17:34,42625.00,25,945875
20221122,10:17:39,42627.00,75,945875
20221122,10:17:42,42625.25,25,945875
20221122,10:17:51,42625.25,50,948375
20221122,10:17:53,42627.60,25,948375
20221122,10:17:54,42628.70,25,948375
20221122,10:17:59,42632.70,175,948375
20221122,10:18:02,42632.70,25,948375
20221122,10:18:04,42632.70,50,948375
20221122,10:18:05,42625.95,75,948375
20221122,10:18:13,42625.95,200,948375
20221122,10:18:16,42627.65,125,948375
20221122,10:18:28,42627.65,100,948375
20221122,10:18:40,42628.00,25,948375
20221122,10:18:41,42628.60,75,948375
20221122,10:18:43,42628.00,50,948375
20221122,10:18:44,42628.00,50,948375
20221122,10:18:47,42628.10,25,948375
20221122,10:18:50,42628.45,50,948375
20221122,10:18:52,42628.60,50,948375
20221122,10:18:54,42628.60,125,948375
20221122,10:18:55,42628.75,75,948375
20221122,10:19:00,42628.65,75,948375
20221122,10:19:03,42629.00,200,948375
20221122,10:19:04,42629.05,175,948375
20221122,10:19:06,42635.90,325,948375
20221122,10:19:17,42637.00,200,948375
20221122,10:19:19,42637.00,50,948375
20221122,10:19:26,42637.00,50,948375
20221122,10:19:29,42633.90,75,948375
20221122,10:19:31,42633.90,50,948375
20221122,10:19:32,42640.00,50,948375
20221122,10:19:37,42632.20,125,948375
20221122,10:19:39,42627.50,1025,948375
20221122,10:19:43,42627.50,50,948375
20221122,10:19:45,42627.50,25,948375
20221122,10:19:48,42629.75,25,948375
20221122,10:19:49,42629.75,25,948375
20221122,10:19:51,42635.00,75,948375
20221122,10:19:56,42635.00,100,948375
20221122,10:20:03,42635.00,50,948375
20221122,10:20:06,42635.00,75,948375
20221122,10:20:08,42635.00,25,948375
20221122,10:20:09,42635.00,75,948375
20221122,10:20:12,42630.60,50,948375
20221122,10:20:18,42630.60,25,948375
20221122,10:20:20,42630.60,75,948375
20221122,10:20:22,42630.60,25,948375
20221122,10:20:25,42630.60,25,948375
20221122,10:20:28,42631.60,25,948375
20221122,10:20:31,42631.55,25,948375
20221122,10:20:32,42631.55,50,948375
20221122,10:20:34,42631.55,50,948375
20221122,10:20:35,42631.55,25,948375
20221122,10:20:40,42631.55,150,948375
20221122,10:20:41,42631.55,25,948375
20221122,10:20:43,42634.50,25,948375
20221122,10:20:44,42634.50,25,948375
20221122,10:20:46,42634.50,25,948375
20221122,10:20:47,42634.30,25,948375
20221122,10:20:49,42631.55,50,948375
20221122,10:20:50,42630.70,100,950825
20221122,10:20:52,42630.75,25,950825
20221122,10:20:54,42631.85,25,950825
20221122,10:20:58,42631.85,50,950825
20221122,10:20:59,42633.15,25,950825
20221122,10:21:00,42633.15,125,950825
20221122,10:21:02,42635.00,50,950825
20221122,10:21:03,42635.00,25,950825
20221122,10:21:05,42634.05,50,950825
20221122,10:21:06,42634.05,25,950825
20221122,10:21:09,42634.05,50,950825
20221122,10:21:10,42637.50,75,950825
20221122,10:21:12,42632.45,50,950825
20221122,10:21:15,42631.55,100,950825
20221122,10:21:16,42632.00,50,950825
20221122,10:21:18,42634.30,25,950825
20221122,10:21:21,42632.05,50,950825
20221122,10:21:22,42632.00,100,950825
20221122,10:21:24,42630.40,50,950825
20221122,10:21:27,42630.05,50,950825
20221122,10:21:28,42630.00,50,950825
20221122,10:21:30,42630.05,50,950825
20221122,10:21:31,42630.05,25,950825
20221122,10:21:33,42630.05,25,950825
20221122,10:21:34,42630.05,100,950825
20221122,10:21:37,42630.05,25,950825
20221122,10:21:39,42630.05,25,950825
20221122,10:21:40,42632.00,25,950825
20221122,10:21:46,42630.00,125,950825
20221122,10:21:52,42632.00,75,950825
20221122,10:21:58,42632.00,150,950825
20221122,10:22:00,42625.60,100,950825
20221122,10:22:06,42630.00,50,950825
20221122,10:22:09,42626.15,50,950825
20221122,10:22:11,42626.15,75,950825
20221122,10:22:14,42626.15,25,950825
20221122,10:22:15,42627.10,275,950825
20221122,10:22:17,42633.55,50,950825
20221122,10:22:21,42627.45,25,950825
20221122,10:22:23,42627.45,75,950825
20221122,10:22:24,42630.00,25,950825
20221122,10:22:28,42629.05,50,950825
20221122,10:22:35,42631.45,100,950825
20221122,10:22:36,42631.50,50,950825
20221122,10:22:38,42632.25,25,950825
20221122,10:22:39,42631.55,25,950825
20221122,10:22:43,42632.45,325,950825
20221122,10:22:47,42632.45,50,950825
20221122,10:22:48,42633.30,50,950825
20221122,10:22:52,42633.35,25,950825
20221122,10:22:53,42632.00,50,950825
20221122,10:22:56,42632.00,25,950825
20221122,10:22:59,42632.00,50,950825
20221122,10:23:01,42631.55,75,950825
20221122,10:23:02,42631.35,25,950825
20221122,10:23:07,42628.00,225,950825
20221122,10:23:08,42628.30,175,950825
20221122,10:23:11,42628.30,75,950825
20221122,10:23:17,42633.00,50,950825
20221122,10:23:24,42633.00,100,950825
20221122,10:23:27,42629.90,100,950825
20221122,10:23:29,42629.90,25,950825
20221122,10:23:33,42631.40,25,950825
20221122,10:23:35,42631.35,75,950825
20221122,10:23:36,42631.35,50,950825
20221122,10:23:38,42632.60,25,950825
20221122,10:23:39,42632.60,50,950825
20221122,10:23:41,42631.20,75,950825
20221122,10:23:42,42631.40,75,950825
20221122,10:23:44,42632.65,75,950825
20221122,10:23:46,42632.65,25,950825
20221122,10:23:48,42631.40,250,950825
20221122,10:23:50,42633.80,75,954800
20221122,10:23:53,42633.80,25,954800
20221122,10:23:58,42635.00,25,954800
20221122,10:23:59,42634.60,25,954800
20221122,10:24:00,42634.60,50,954800
20221122,10:24:03,42634.60,75,954800
20221122,10:24:05,42637.00,50,954800
20221122,10:24:11,42637.00,75,954800
20221122,10:24:12,42637.00,75,954800
20221122,10:24:17,42637.00,25,954800
20221122,10:24:21,42637.00,25,954800
20221122,10:24:25,42637.00,50,954800
20221122,10:24:26,42635.00,75,954800
20221122,10:24:28,42630.70,50,954800
20221122,10:24:31,42635.00,25,954800
20221122,10:24:37,42635.00,50,954800
20221122,10:24:38,42635.00,25,954800
20221122,10:24:40,42635.00,75,954800
20221122,10:24:41,42635.00,75,954800
20221122,10:24:47,42632.40,50,954800
20221122,10:24:51,42632.00,50,954800
20221122,10:24:54,42632.00,50,954800
20221122,10:24:59,42635.00,25,954800
20221122,10:25:03,42635.00,25,954800
20221122,10:25:05,42635.00,50,954800
20221122,10:25:09,42629.75,25,954800
20221122,10:25:12,42629.75,25,954800
20221122,10:25:15,42633.15,50,954800
20221122,10:25:17,42627.15,125,954800
20221122,10:25:23,42627.55,75,954800
20221122,10:25:28,42632.90,25,954800
20221122,10:25:29,42632.90,50,954800
20221122,10:25:40,42632.90,175,954800
20221122,10:25:41,42632.90,25,954800
20221122,10:25:43,42632.90,75,954800
20221122,10:25:44,42627.50,50,954800
20221122,10:25:45,42627.50,50,954800
20221122,10:25:52,42633.45,50,954800
20221122,10:25:54,42633.45,50,954800
20221122,10:25:58,42634.35,25,954800
20221122,10:26:05,42635.00,100,954800
20221122,10:26:07,42633.00,50,954800
20221122,10:26:11,42635.65,50,954800
20221122,10:26:14,42630.40,25,954800
20221122,10:26:18,42630.40,50,954800
20221122,10:26:19,42635.90,125,954800
20221122,10:26:21,42633.00,25,954800
20221122,10:26:22,42636.85,50,954800
20221122,10:26:25,42636.85,50,954800
20221122,10:26:27,42636.85,25,954800
20221122,10:26:29,42634.05,50,954800
20221122,10:26:30,42634.05,50,954800
20221122,10:26:32,42634.75,25,954800
20221122,10:26:33,42633.35,25,954800
20221122,10:26:38,42632.40,75,954800
20221122,10:26:40,42632.50,75,954800
20221122,10:26:41,42632.50,100,954800
20221122,10:26:43,42632.55,175,954800
20221122,10:26:44,42632.30,100,954800
20221122,10:26:46,42632.30,25,954800
20221122,10:26:47,42632.30,50,954800
20221122,10:26:49,42632.45,125,954800
20221122,10:26:50,42632.00,100,957600
20221122,10:26:52,42632.80,25,957600
20221122,10:26:54,42632.80,50,957600
20221122,10:26:57,42638.55,225,957600
20221122,10:26:58,42637.90,25,957600
20221122,10:27:01,42637.65,75,957600
20221122,10:27:03,42637.55,100,957600
20221122,10:27:04,42637.55,25,957600
20221122,10:27:06,42637.40,75,957600
20221122,10:27:08,42637.40,50,957600
20221122,10:27:09,42636.90,25,957600
20221122,10:27:11,42637.00,25,957600
20221122,10:27:16,42635.00,150,957600
20221122,10:27:18,42635.00,50,957600
20221122,10:27:22,42637.00,25,957600
20221122,10:27:23,42637.30,25,957600
20221122,10:27:25,42637.00,350,957600
20221122,10:27:26,42639.00,125,957600
20221122,10:27:28,42636.20,50,957600
20221122,10:27:29,42636.75,125,957600
20221122,10:27:39,42640.00,50,957600
20221122,10:27:40,42640.80,50,957600
20221122,10:27:42,42639.50,75,957600
20221122,10:27:48,42637.60,250,957600
20221122,10:27:50,42637.65,175,957600
20221122,10:27:51,42636.45,25,957600
20221122,10:27:53,42637.45,50,957600
20221122,10:27:54,42637.45,50,957600
20221122,10:27:56,42635.00,100,957600
20221122,10:27:58,42635.05,25,957600
20221122,10:28:01,42635.00,175,957600
20221122,10:28:02,42635.00,25,957600
20221122,10:28:04,42635.00,100,957600
20221122,10:28:05,42635.00,150,957600
20221122,10:28:10,42636.15,50,957600
20221122,10:28:12,42632.00,25,957600
20221122,10:28:13,42637.35,175,957600
20221122,10:28:15,42637.35,25,957600
20221122,10:28:16,42632.00,25,957600
20221122,10:28:18,42632.00,75,957600
20221122,10:28:24,42630.00,25,957600
20221122,10:28:26,42630.00,100,957600
20221122,10:28:30,42630.00,25,957600
20221122,10:28:32,42630.00,25,957600
20221122,10:28:33,42630.00,25,957600
20221122,10:28:36,42629.05,50,957600
20221122,10:28:39,42632.35,25,957600
20221122,10:28:42,42632.35,25,957600
20221122,10:28:44,42630.00,100,957600
20221122,10:28:48,42629.50,300,957600
20221122,10:28:50,42630.05,25,957600
20221122,10:28:52,42636.30,25,957600
20221122,10:28:53,42636.30,50,957600
20221122,10:29:05,42636.30,50,957600
20221122,10:29:07,42631.95,25,957600
20221122,10:29:08,42631.95,25,957600
20221122,10:29:10,42631.90,25,957600
20221122,10:29:14,42632.00,50,957600
20221122,10:29:17,42632.00,75,957600
20221122,10:29:19,42629.20,575,957600
20221122,10:29:20,42628.70,50,957600
20221122,10:29:25,42630.95,125,957600
20221122,10:29:29,42630.05,50,957600
20221122,10:29:31,42626.70,100,957600
20221122,10:29:33,42626.80,25,957600
20221122,10:29:37,42626.70,50,957600
20221122,10:29:42,42626.70,50,957600
20221122,10:29:45,42633.30,75,957600
20221122,10:29:54,42633.30,50,961550
20221122,10:29:55,42628.35,50,961550
20221122,10:29:57,42625.70,100,961550
20221122,10:29:59,42632.05,100,961550
20221122,10:30:03,42629.45,25,961550
20221122,10:30:05,42629.45,25,961550
20221122,10:30:06,42629.45,50,961550
20221122,10:30:08,42626.40,25,961550
20221122,10:30:12,42629.40,50,961550
20221122,10:30:14,42629.50,100,961550
20221122,10:30:17,42625.00,75,961550
20221122,10:30:23,42625.05,50,961550
20221122,10:30:24,42625.00,25,961550
20221122,10:30:26,42623.00,50,961550
20221122,10:30:28,42626.35,125,961550
20221122,10:30:29,42625.05,75,961550
20221122,10:30:31,42625.30,50,961550
20221122,10:30:32,42627.10,25,961550
20221122,10:30:39,42628.65,75,961550
20221122,10:30:40,42632.90,25,961550
20221122,10:30:42,42626.45,200,961550
20221122,10:30:45,42626.05,25,961550
20221122,10:30:54,42626.05,50,961550
20221122,10:31:02,42624.50,75,961550
20221122,10:31:03,42623.10,125,961550
20221122,10:31:04,42626.05,125,961550
20221122,10:31:06,42626.05,50,961550
20221122,10:31:08,42628.95,25,961550
20221122,10:31:11,42625.10,100,961550
20221122,10:31:12,42623.95,50,961550
20221122,10:31:17,42623.95,50,961550
20221122,10:31:18,42623.95,25,961550
20221122,10:31:21,42623.95,25,961550
20221122,10:31:22,42624.35,375,961550
20221122,10:31:24,42629.00,25,961550
20221122,10:31:30,42629.00,50,961550
20221122,10:31:33,42629.00,25,961550
20221122,10:31:34,42624.50,50,961550
20221122,10:31:36,42622.65,150,961550
20221122,10:31:38,42623.65,25,961550
20221122,10:31:39,42621.05,25,961550
20221122,10:31:41,42621.00,100,961550
20221122,10:31:42,42624.30,25,961550
20221122,10:31:44,42621.60,25,961550
20221122,10:31:47,42621.20,50,961550
20221122,10:31:48,42621.50,50,961550
20221122,10:31:50,42624.30,25,961550
20221122,10:31:51,42629.45,125,961550
20221122,10:31:53,42629.45,50,961550
20221122,10:31:54,42622.95,25,961550
20221122,10:32:02,42622.95,25,961550
20221122,10:32:05,42623.65,75,961550
20221122,10:32:09,42627.80,25,961550
20221122,10:32:12,42624.65,25,961550
20221122,10:32:13,42627.80,50,961550
20221122,10:32:16,42627.80,25,961550
20221122,10:32:17,42627.80,50,961550
20221122,10:32:19,42623.00,150,961550
20221122,10:32:20,42623.00,25,961550
20221122,10:32:22,42627.75,25,961550
20221122,10:32:23,42627.80,75,961550
20221122,10:32:26,42627.80,50,961550
20221122,10:32:28,42627.00,50,961550
20221122,10:32:30,42627.00,75,961550
20221122,10:32:31,42627.40,50,961550
20221122,10:32:32,42627.40,25,961550
20221122,10:32:41,42627.40,25,961550
20221122,10:32:44,42627.80,50,961550
20221122,10:32:45,42625.15,100,961550
20221122,10:32:47,42627.75,25,961550
20221122,10:32:48,42625.15,50,961550
20221122,10:32:49,42622.00,50,961550
20221122,10:32:51,42621.10,50,961550
20221122,10:32:53,42626.00,150,964675
20221122,10:32:56,42626.80,50,964675
20221122,10:33:03,42623.60,25,964675
20221122,10:33:04,42623.60,50,964675
20221122,10:33:07,42620.10,75,964675
20221122,10:33:15,42620.10,25,964675
20221122,10:33:16,42620.10,50,964675
20221122,10:33:26,42620.10,25,964675
20221122,10:33:29,42620.10,50,964675
20221122,10:33:32,42623.40,25,964675
20221122,10:33:33,42623.40,25,964675
20221122,10:33:35,42620.10,25,964675
20221122,10:33:38,42620.05,25,964675
20221122,10:33:41,42620.05,50,964675
20221122,10:33:51,42623.45,25,964675
20221122,10:33:53,42623.45,75,964675
20221122,10:33:57,42623.45,25,964675
20221122,10:33:59,42623.80,175,964675
20221122,10:34:01,42623.10,100,964675
20221122,10:34:04,42623.80,50,964675
20221122,10:34:05,42623.85,100,964675
20221122,10:34:06,42624.85,125,964675
20221122,10:34:08,42622.30,175,964675
20221122,10:34:09,42625.95,50,964675
20221122,10:34:14,42626.00,50,964675
20221122,10:34:16,42623.05,25,964675
20221122,10:34:17,42623.05,75,964675
20221122,10:34:20,42626.00,575,964675
20221122,10:34:21,42623.30,100,964675
20221122,10:34:24,42626.00,25,964675
20221122,10:34:26,42626.00,25,964675
20221122,10:34:30,42626.00,500,964675
20221122,10:34:32,42626.75,75,964675
20221122,10:34:36,42625.55,75,964675
20221122,10:34:40,42626.00,50,964675
20221122,10:34:42,42623.30,25,964675
20221122,10:34:43,42623.30,25,964675
20221122,10:34:51,42623.30,525,964675
20221122,10:34:52,42620.60,100,964675
20221122,10:34:54,42617.45,225,964675
20221122,10:34:55,42620.00,50,964675
20221122,10:34:57,42621.20,25,964675
20221122,10:35:01,42621.20,525,964675
20221122,10:35:03,42621.20,50,964675
20221122,10:35:11,42621.20,50,964675
20221122,10:35:14,42621.20,550,964675
20221122,10:35:17,42621.20,50,964675
20221122,10:35:18,42620.00,125,964675
20221122,10:35:19,42620.00,75,964675
20221122,10:35:21,42620.00,500,964675
20221122,10:35:23,42618.00,100,964675
20221122,10:35:27,42618.65,550,964675
20221122,10:35:29,42618.75,75,964675
20221122,10:35:30,42618.45,50,964675
20221122,10:35:32,42620.00,100,964675
20221122,10:35:33,42620.00,100,964675
20221122,10:35:35,42620.00,300,964675
20221122,10:35:37,42625.00,175,964675
20221122,10:35:40,42625.00,550,964675
20221122,10:35:41,42625.00,50,964675
20221122,10:35:46,42625.00,500,964675
20221122,10:35:48,42625.00,50,964675
20221122,10:35:51,42619.20,25,964675
20221122,10:35:52,42620.65,575,972200
20221122,10:35:54,42620.65,75,972200
20221122,10:35:57,42618.40,200,972200
20221122,10:36:03,42618.40,25,972200
20221122,10:36:04,42618.40,525,972200
20221122,10:36:06,42618.40,50,972200
20221122,10:36:07,42619.80,25,972200
20221122,10:36:13,42617.80,250,972200
20221122,10:36:15,42618.05,100,972200
20221122,10:36:16,42620.00,100,972200
20221122,10:36:18,42620.00,25,972200
20221122,10:36:22,42620.00,500,972200
20221122,10:36:24,42622.00,175,972200
20221122,10:36:26,42621.95,25,972200
20221122,10:36:31,42622.65,50,972200
20221122,10:36:37,42622.55,75,972200
20221122,10:36:40,42622.80,250,972200
20221122,10:36:42,42622.95,100,972200
20221122,10:36:43,42622.95,25,972200
20221122,10:36:47,42619.25,25,972200
20221122,10:36:49,42622.80,100,972200
20221122,10:36:52,42622.80,25,972200
20221122,10:36:54,42622.80,25,972200
20221122,10:36:56,42622.15,250,972200
20221122,10:36:57,42622.10,25,972200
20221122,10:36:59,42620.80,75,972200
20221122,10:37:02,42621.40,25,972200
20221122,10:37:03,42624.40,25,972200
20221122,10:37:06,42624.90,25,972200
20221122,10:37:09,42624.90,75,972200
20221122,10:37:12,42625.05,75,972200
20221122,10:37:13,42624.20,375,972200
20221122,10:37:16,42623.95,50,972200
20221122,10:37:18,42625.05,25,972200
20221122,10:37:19,42620.65,100,972200
20221122,10:37:22,42624.90,100,972200
20221122,10:37:25,42624.90,25,972200
20221122,10:37:28,42624.90,500,972200
20221122,10:37:29,42625.00,75,972200
20221122,10:37:34,42622.40,75,972200
20221122,10:37:35,42626.00,25,972200
20221122,10:37:37,42622.40,600,972200
20221122,10:37:38,42622.40,25,972200
20221122,10:37:40,42625.65,100,972200
20221122,10:37:41,42622.40,25,972200
20221122,10:37:46,42625.60,525,972200
20221122,10:37:48,42620.35,100,972200
20221122,10:37:49,42623.60,25,972200
20221122,10:37:51,42620.90,25,972200
20221122,10:37:55,42626.00,50,972200
20221122,10:37:58,42626.50,25,972200
20221122,10:38:00,42626.50,25,972200
20221122,10:38:02,42623.45,75,972200
20221122,10:38:08,42625.30,50,972200
20221122,10:38:09,42621.95,25,972200
20221122,10:38:10,42626.10,100,972200
20221122,10:38:16,42621.75,125,972200
20221122,10:38:18,42623.50,25,972200
20221122,10:38:19,42622.10,25,972200
20221122,10:38:21,42623.50,100,972200
20221122,10:38:22,42622.20,100,972200
20221122,10:38:24,42622.20,25,972200
20221122,10:38:27,42620.90,25,972200
20221122,10:38:28,42623.50,100,972200
20221122,10:38:33,42620.35,25,972200
20221122,10:38:34,42620.30,125,972200
20221122,10:38:37,42622.75,25,972200
20221122,10:38:43,42620.30,50,972200
20221122,10:38:45,42620.10,225,972200
20221122,10:38:49,42620.60,25,972200
20221122,10:38:52,42623.05,25,972200
20221122,10:38:55,42621.70,75,977900
20221122,10:38:57,42623.50,225,977900
20221122,10:38:58,42622.20,25,977900
20221122,10:39:03,42623.20,100,977900
20221122,10:39:05,42623.20,25,977900
20221122,10:39:08,42623.55,50,977900
20221122,10:39:09,42623.55,50,977900
20221122,10:39:14,42624.25,150,977900
20221122,10:39:15,42624.90,25,977900
20221122,10:39:18,42624.90,500,977900
20221122,10:39:20,42624.90,50,977900
20221122,10:39:30,42620.55,650,977900
20221122,10:39:32,42621.75,550,977900
20221122,10:39:34,42621.75,25,977900
20221122,10:39:35,42624.35,75,977900
20221122,10:39:37,42624.40,25,977900
20221122,10:39:38,42624.45,25,977900
20221122,10:39:40,42621.05,25,977900
20221122,10:39:44,42621.05,25,977900
20221122,10:39:47,42621.05,25,977900
20221122,10:39:52,42625.10,25,977900
20221122,10:39:58,42625.00,75,977900
20221122,10:40:05,42622.05,75,977900
20221122,10:40:07,42623.50,25,977900
20221122,10:40:09,42623.50,50,977900
20221122,10:40:11,42624.70,25,977900
20221122,10:40:15,42624.70,25,977900
20221122,10:40:18,42622.15,25,977900
20221122,10:40:21,42622.15,25,977900
20221122,10:40:22,42622.15,25,977900
20221122,10:40:26,42622.15,25,977900
20221122,10:40:27,42624.70,175,977900
20221122,10:40:29,42624.85,50,977900
20221122,10:40:31,42620.75,25,977900
20221122,10:40:32,42624.00,75,977900
20221122,10:40:34,42623.35,25,977900
20221122,10:40:40,42622.30,525,977900
20221122,10:40:42,42622.30,50,977900
20221122,10:40:43,42624.35,50,977900
20221122,10:40:46,42624.55,300,977900
20221122,10:40:48,42624.55,500,977900
20221122,10:40:49,42624.55,50,977900
20221122,10:40:51,42624.30,25,977900
20221122,10:40:53,42622.60,25,977900
20221122,10:40:57,42626.00,375,977900
20221122,10:41:01,42626.00,25,977900
20221122,10:41:07,42626.00,25,977900
20221122,10:41:09,42626.00,50,977900
20221122,10:41:10,42626.00,50,977900
20221122,10:41:12,42626.00,100,977900
20221122,10:41:15,42626.00,25,977900
20221122,10:41:16,42625.00,25,977900
20221122,10:41:18,42623.45,50,977900
20221122,10:41:24,42623.45,25,977900
20221122,10:41:33,42625.30,50,977900
20221122,10:41:36,42625.30,50,977900
20221122,10:41:43,42622.95,50,977900
20221122,10:41:44,42624.20,175,977900
20221122,10:41:46,42622.80,100,977900
20221122,10:41:47,42622.40,25,977900
20221122,10:41:49,42622.40,100,977900
20221122,10:41:50,42624.75,100,977900
20221122,10:41:58,42622.15,50,983000
20221122,10:42:04,42624.90,100,983000
20221122,10:42:08,42624.10,25,983000
20221122,10:42:09,42624.10,50,983000
20221122,10:42:11,42624.00,25,983000
20221122,10:42:12,42626.00,25,983000
20221122,10:42:14,42626.00,50,983000
20221122,10:42:16,42626.05,25,983000
20221122,10:42:18,42628.00,25,983000
20221122,10:42:20,42628.05,425,983000
20221122,10:42:21,42628.05,50,983000
20221122,10:42:28,42627.60,50,983000
20221122,10:42:30,42628.80,275,983000
20221122,10:42:31,42628.10,25,983000
20221122,10:42:33,42628.95,175,983000
20221122,10:42:34,42628.20,50,983000
20221122,10:42:35,42628.10,125,983000
20221122,10:42:37,42628.05,25,983000
20221122,10:42:38,42629.00,50,983000
20221122,10:42:40,42629.00,100,983000
20221122,10:42:43,42629.00,25,983000
20221122,10:42:45,42629.00,25,983000
20221122,10:42:46,42629.00,25,983000
20221122,10:42:49,42632.00,200,983000
20221122,10:42:51,42631.90,200,983000
20221122,10:42:54,42631.75,75,983000
20221122,10:42:56,42631.85,25,983000
20221122,10:42:57,42630.05,25,983000
20221122,10:42:59,42630.05,150,983000
20221122,10:43:02,42632.60,100,983000
20221122,10:43:03,42631.85,125,983000
20221122,10:43:05,42632.60,50,983000
20221122,10:43:06,42632.55,550,983000
20221122,10:43:08,42631.15,200,983000
20221122,10:43:10,42632.45,75,983000
20221122,10:43:13,42632.45,50,983000
20221122,10:43:14,42632.45,25,983000
20221122,10:43:17,42633.00,275,983000
20221122,10:43:21,42633.00,25,983000
20221122,10:43:30,42629.30,75,983000
20221122,10:43:31,42629.30,50,983000
20221122,10:43:35,42639.00,1100,983000
20221122,10:43:38,42636.10,75,983000
20221122,10:43:39,42636.10,25,983000
20221122,10:43:43,42635.65,50,983000
20221122,10:43:44,42635.30,150,983000
20221122,10:43:46,42635.10,75,983000
20221122,10:43:47,42635.20,50,983000
20221122,10:43:50,42635.40,100,983000
20221122,10:43:52,42636.15,125,983000
20221122,10:43:54,42636.15,50,983000
20221122,10:43:57,42633.80,100,983000
20221122,10:44:00,42638.90,125,983000
20221122,10:44:02,42637.05,75,983000
20221122,10:44:03,42638.30,100,983000
20221122,10:44:05,42638.35,75,983000
20221122,10:44:08,42638.25,550,983000
20221122,10:44:10,42640.00,150,983000
20221122,10:44:13,42640.60,275,983000
20221122,10:44:14,42640.55,150,983000
20221122,10:44:16,42639.00,25,983000
20221122,10:44:18,42640.90,50,983000
20221122,10:44:21,42637.25,50,983000
20221122,10:44:24,42634.75,75,983000
20221122,10:44:28,42634.75,50,983000
20221122,10:44:30,42634.75,25,983000
20221122,10:44:34,42635.00,150,983000
20221122,10:44:36,42630.05,50,983000
20221122,10:44:38,42630.05,25,983000
20221122,10:44:39,42630.05,50,983000
20221122,10:44:41,42633.90,25,983000
20221122,10:44:42,42633.00,25,983000
20221122,10:44:44,42633.00,50,983000
20221122,10:44:47,42631.85,75,983000
20221122,10:44:50,42633.00,25,983000
20221122,10:44:51,42633.00,25,983000
20221122,10:44:56,42632.40,25,989575
20221122,10:45:00,42631.85,50,989575
20221122,10:45:02,42631.85,50,989575
20221122,10:45:03,42630.90,25,989575
20221122,10:45:08,42631.85,225,989575
20221122,10:45:11,42632.55,50,989575
20221122,10:45:12,42632.55,25,989575
20221122,10:45:14,42632.55,50,989575
20221122,10:45:21,42632.55,25,989575
20221122,10:45:24,42630.00,150,989575
20221122,10:45:27,42633.00,25,989575
20221122,10:45:29,42633.00,100,989575
20221122,10:45:31,42633.00,75,989575
20221122,10:45:35,42635.00,100,989575
20221122,10:45:39,42636.30,25,989575
20221122,10:45:40,42636.40,200,989575
20221122,10:45:42,42636.35,25,989575
20221122,10:45:43,42636.35,100,989575
20221122,10:45:45,42636.35,50,989575
20221122,10:45:46,42636.35,25,989575
20221122,10:45:50,42638.55,25,989575
20221122,10:45:54,42637.25,25,989575
20221122,10:45:56,42638.00,25,989575
20221122,10:45:57,42637.70,25,989575
20221122,10:45:59,42637.70,50,989575
20221122,10:46:00,42636.60,75,989575
20221122,10:46:02,42636.60,25,989575
20221122,10:46:04,42636.60,25,989575
20221122,10:46:05,42636.60,25,989575
20221122,10:46:10,42637.00,125,989575
20221122,10:46:14,42636.15,225,989575
20221122,10:46:16,42633.90,200,989575
20221122,10:46:17,42636.20,25,989575
20221122,10:46:19,42634.30,25,989575
20221122,10:46:20,42634.30,25,989575
20221122,10:46:28,42636.15,25,989575
20221122,10:46:29,42639.70,25,989575
20221122,10:46:32,42639.70,50,989575
20221122,10:46:34,42639.70,25,989575
20221122,10:46:36,42639.90,75,989575
20221122,10:46:37,42639.90,50,989575
20221122,10:46:39,42639.90,50,989575
20221122,10:46:40,42640.00,75,989575
20221122,10:46:42,42639.90,100,989575
20221122,10:46:43,42639.95,100,989575
20221122,10:46:45,42639.90,275,989575
20221122,10:46:46,42640.00,100,989575
20221122,10:46:48,42639.55,25,989575
20221122,10:46:49,42639.30,225,989575
20221122,10:46:53,42639.35,50,989575
20221122,10:46:54,42639.55,100,989575
20221122,10:47:02,42637.60,75,989575
20221122,10:47:03,42636.80,50,989575
20221122,10:47:05,42636.80,75,989575
20221122,10:47:06,42634.20,150,989575
20221122,10:47:09,42635.30,50,989575
20221122,10:47:11,42635.90,75,989575
20221122,10:47:12,42635.85,50,989575
20221122,10:47:15,42635.85,50,989575
20221122,10:47:17,42635.85,100,989575
20221122,10:47:18,42639.55,100,989575
20221122,10:47:23,42640.00,75,989575
20221122,10:47:24,42640.00,25,989575
20221122,10:47:26,42640.00,75,989575
20221122,10:47:28,42640.00,25,989575
20221122,10:47:29,42643.25,100,989575
20221122,10:47:31,42639.20,25,989575
20221122,10:47:38,42639.20,50,989575
20221122,10:47:41,42641.80,150,989575
20221122,10:47:47,42639.20,125,989575
20221122,10:47:49,42640.00,50,989575
20221122,10:47:50,42640.15,100,989575
20221122,10:47:52,42636.15,75,989575
20221122,10:47:53,42638.20,75,989575
20221122,10:47:54,42640.15,175,989575
20221122,10:47:56,42640.15,25,994050
20221122,10:47:57,42638.15,225,994050
20221122,10:48:02,42636.40,75,994050
20221122,10:48:07,42636.95,75,994050
20221122,10:48:09,42636.90,50,994050
20221122,10:48:11,42641.10,75,994050
20221122,10:48:13,42640.80,150,994050
20221122,10:48:14,42636.00,100,994050
20221122,10:48:16,42639.60,125,994050
20221122,10:48:19,42635.35,25,994050
20221122,10:48:23,42635.35,25,994050
20221122,10:48:30,42637.20,150,994050
20221122,10:48:34,42637.20,75,994050
20221122,10:48:42,42639.40,25,994050
20221122,10:48:46,42636.05,50,994050
20221122,10:48:47,42636.05,500,994050
20221122,10:48:49,42640.85,25,994050
20221122,10:48:50,42638.90,275,994050
20221122,10:48:52,42635.70,25,994050
20221122,10:48:53,42636.10,25,994050
20221122,10:48:56,42636.10,500,994050
20221122,10:48:57,42636.05,250,994050
20221122,10:48:59,42638.75,75,994050
20221122,10:49:00,42635.45,25,994050
20221122,10:49:03,42639.00,200,994050
20221122,10:49:05,42638.75,25,994050
20221122,10:49:06,42639.60,25,994050
20221122,10:49:08,42641.00,25,994050
20221122,10:49:09,42640.45,75,994050
20221122,10:49:11,42640.35,100,994050
20221122,10:49:15,42635.05,125,994050
20221122,10:49:19,42635.05,500,994050
20221122,10:49:21,42635.05,50,994050
20221122,10:49:23,42635.05,500,994050
20221122,10:49:25,42635.05,50,994050
20221122,10:49:26,42636.20,125,994050
20221122,10:49:27,42638.65,525,994050
20221122,10:49:29,42638.65,50,994050
20221122,10:49:31,42638.65,500,994050
20221122,10:49:33,42638.65,75,994050
20221122,10:49:34,42638.65,25,994050
20221122,10:49:37,42638.65,25,994050
20221122,10:49:38,42636.85,25,994050
20221122,10:49:39,42636.85,25,994050
20221122,10:49:43,42636.85,25,994050
20221122,10:49:44,42638.75,25,994050
20221122,10:49:47,42638.85,75,994050
20221122,10:49:50,42638.80,25,994050
20221122,10:49:53,42636.30,100,994050
20221122,10:49:54,42635.15,75,994050
20221122,10:49:59,42639.65,50,994050
20221122,10:50:00,42639.70,25,994050
20221122,10:50:03,42639.35,75,994050
20221122,10:50:05,42639.70,25,994050
20221122,10:50:06,42639.50,50,994050
20221122,10:50:11,42635.35,75,994050
20221122,10:50:12,42638.45,25,994050
20221122,10:50:14,42635.00,100,994050
20221122,10:50:15,42636.00,75,994050
20221122,10:50:17,42636.00,50,994050
20221122,10:50:18,42627.65,100,994050
20221122,10:50:25,42633.30,25,994050
20221122,10:50:27,42633.50,75,994050
20221122,10:50:28,42633.50,75,994050
20221122,10:50:30,42635.85,525,994050
20221122,10:50:31,42635.85,50,994050
20221122,10:50:39,42635.85,25,994050
20221122,10:50:41,42635.85,50,994050
20221122,10:50:47,42635.85,300,994050
20221122,10:50:49,42635.00,375,994050
20221122,10:50:51,42635.00,50,994050
20221122,10:50:54,42639.40,50,994050
20221122,10:50:56,42639.45,75,994050
20221122,10:50:57,42635.05,100,1001200
20221122,10:50:59,42635.05,500,1001200
20221122,10:51:00,42634.05,75,1001200
20221122,10:51:02,42635.10,150,1001200
20221122,10:51:04,42638.45,525,1001200
20221122,10:51:05,42638.45,50,1001200
20221122,10:51:08,42638.45,500,1001200
20221122,10:51:10,42638.45,50,1001200
20221122,10:51:11,42635.20,25,1001200
20221122,10:51:13,42635.20,500,1001200
20221122,10:51:14,42635.20,50,1001200
20221122,10:51:21,42632.55,550,1001200
20221122,10:51:22,42632.55,50,1001200
20221122,10:51:27,42632.55,125,1001200
20221122,10:51:30,42637.20,25,1001200
20221122,10:51:33,42637.20,525,1001200
20221122,10:51:35,42637.20,50,1001200
20221122,10:51:38,42637.20,25,1001200
20221122,10:51:40,42632.55,25,1001200
20221122,10:51:46,42635.00,50,1001200
20221122,10:51:54,42635.00,500,1001200
20221122,10:51:56,42635.00,50,1001200
20221122,10:51:58,42632.20,150,1001200
20221122,10:52:01,42632.20,25,1001200
20221122,10:52:05,42630.00,625,1001200
20221122,10:52:07,42630.00,50,1001200
20221122,10:52:09,42630.00,500,1001200
20221122,10:52:10,42632.00,75,1001200
20221122,10:52:12,42632.00,500,1001200
20221122,10:52:13,42630.25,25,1001200
20221122,10:52:15,42630.25,50,1001200
20221122,10:52:21,42630.25,25,1001200
20221122,10:52:22,42630.25,100,1001200
20221122,10:52:26,42630.20,50,1001200
20221122,10:52:27,42630.25,75,1001200
20221122,10:52:29,42630.35,250,1001200
20221122,10:52:30,42631.45,50,1001200
20221122,10:52:32,42633.00,25,1001200
20221122,10:52:34,42631.90,775,1001200
20221122,10:52:35,42634.60,75,1001200
20221122,10:52:39,42634.60,25,1001200
20221122,10:52:40,42632.60,100,1001200
20221122,10:52:42,42632.60,500,1001200
20221122,10:52:45,42632.65,150,1001200
20221122,10:52:53,42632.60,75,1001200
20221122,10:52:56,42631.60,75,1001200
20221122,10:53:02,42631.60,25,1001200
20221122,10:53:05,42629.85,75,1001200
20221122,10:53:07,42630.40,100,1001200
20221122,10:53:08,42630.40,75,1001200
20221122,10:53:10,42632.00,25,1001200
20221122,10:53:13,42632.00,500,1001200
20221122,10:53:14,42632.00,50,1001200
20221122,10:53:17,42631.00,25,1001200
20221122,10:53:23,42632.60,75,1001200
20221122,10:53:25,42633.50,100,1001200
20221122,10:53:33,42633.50,25,1001200
20221122,10:53:36,42633.50,25,1001200
20221122,10:53:41,42629.45,25,1001200
20221122,10:53:44,42629.45,25,1001200
20221122,10:53:46,42630.25,100,1001200
20221122,10:53:47,42630.25,25,1001200
20221122,10:53:50,42628.05,25,1001200
20221122,10:53:54,42630.25,25,1001200
20221122,10:53:58,42630.25,50,1010725
20221122,10:54:03,42625.55,25,1010725
20221122,10:54:09,42625.55,50,1010725
20221122,10:54:12,42625.55,50,1010725
20221122,10:54:19,42629.10,25,1010725
20221122,10:54:23,42629.10,25,1010725
20221122,10:54:26,42629.10,25,1010725
20221122,10:54:33,42629.10,25,1010725
20221122,10:54:36,42627.85,25,1010725
20221122,10:54:38,42629.00,25,1010725
20221122,10:54:41,42628.50,25,1010725
20221122,10:54:44,42628.50,25,1010725
20221122,10:54:45,42629.10,275,1010725
20221122,10:54:55,42629.10,50,1010725
20221122,10:54:58,42625.70,25,1010725
20221122,10:55:05,42629.00,25,1010725
20221122,10:55:06,42629.10,100,1010725
20221122,10:55:08,42629.10,75,1010725
20221122,10:55:16,42629.10,25,1010725
20221122,10:55:17,42626.30,75,1010725
20221122,10:55:22,42625.05,200,1010725
20221122,10:55:23,42625.30,150,1010725
20221122,10:55:28,42625.30,50,1010725
20221122,10:55:30,42627.50,25,1010725
20221122,10:55:38,42627.50,25,1010725
20221122,10:55:39,42627.50,25,1010725
20221122,10:55:42,42627.50,75,1010725
20221122,10:55:43,42625.50,25,1010725
20221122,10:55:46,42625.50,50,1010725
20221122,10:55:48,42625.00,50,1010725
20221122,10:55:51,42625.00,25,1010725
20221122,10:55:52,42627.20,100,1010725
20221122,10:56:03,42627.20,25,1010725
20221122,10:56:05,42625.05,75,1010725
20221122,10:56:06,42625.05,75,1010725
20221122,10:56:09,42625.05,25,1010725
20221122,10:56:13,42627.20,125,1010725
20221122,10:56:14,42627.20,125,1010725
20221122,10:56:16,42627.55,50,1010725
20221122,10:56:23,42626.25,50,1010725
20221122,10:56:33,42626.25,50,1010725
20221122,10:56:34,42629.10,50,1010725
20221122,10:56:36,42626.95,50,1010725
20221122,10:56:39,42626.95,25,1010725
20221122,10:56:42,42626.95,50,1010725
20221122,10:56:50,42627.10,25,1010725
20221122,10:56:53,42629.10,225,1010725
20221122,10:56:58,42627.20,325,1011900
20221122,10:57:03,42627.20,550,1011900
20221122,10:57:09,42625.35,25,1011900
20221122,10:57:10,42627.00,350,1011900
20221122,10:57:14,42627.00,25,1011900
20221122,10:57:15,42627.00,25,1011900
20221122,10:57:18,42627.20,25,1011900
20221122,10:57:23,42629.10,100,1011900
20221122,10:57:24,42629.10,150,1011900
20221122,10:57:26,42629.10,25,1011900
20221122,10:57:27,42629.10,25,1011900
20221122,10:57:30,42631.00,225,1011900
20221122,10:57:32,42627.15,25,1011900
20221122,10:57:35,42627.15,25,1011900
20221122,10:57:41,42631.35,150,1011900
20221122,10:57:45,42631.35,25,1011900
20221122,10:57:48,42627.20,25,1011900
20221122,10:57:51,42627.05,50,1011900
20221122,10:57:56,42627.05,25,1011900
20221122,10:57:57,42627.05,75,1011900
20221122,10:58:08,42627.05,50,1011900
20221122,10:58:09,42627.10,50,1011900
20221122,10:58:11,42627.00,225,1011900
20221122,10:58:12,42625.95,75,1011900
20221122,10:58:15,42625.95,25,1011900
20221122,10:58:21,42625.95,25,1011900
20221122,10:58:26,42627.15,125,1011900
20221122,10:58:33,42627.15,25,1011900
20221122,10:58:34,42630.00,125,1011900
20221122,10:58:37,42629.80,25,1011900
20221122,10:58:39,42627.05,100,1011900
20221122,10:58:43,42627.05,25,1011900
20221122,10:58:45,42627.05,25,1011900
20221122,10:58:51,42624.70,25,1011900
20221122,10:58:54,42624.70,50,1011900
20221122,10:58:57,42623.25,200,1011900
20221122,10:59:00,42624.10,25,1011900
20221122,10:59:05,42624.10,25,1011900
20221122,10:59:10,42624.10,25,1011900
20221122,10:59:12,42624.10,50,1011900
20221122,10:59:17,42624.05,25,1011900
20221122,10:59:19,42624.05,525,1011900
20221122,10:59:20,42624.05,50,1011900
20221122,10:59:21,42628.80,75,1011900
20221122,10:59:23,42624.90,25,1011900
20221122,10:59:32,42624.90,25,1011900
20221122,10:59:35,42624.90,500,1011900
20221122,10:59:36,42624.90,50,1011900
20221122,10:59:38,42626.85,25,1011900
20221122,10:59:39,42626.80,25,1011900
20221122,10:59:41,42626.80,25,1011900
20221122,10:59:42,42626.80,75,1011900
20221122,10:59:47,42626.80,25,1011900
20221122,10:59:51,42624.05,75,1011900
20221122,10:59:56,42624.05,500,1011900
20221122,10:59:57,42624.20,25,1011900
20221122,10:59:59,42626.80,125,1016325
20221122,11:00:02,42625.55,50,1016325
20221122,11:00:03,42626.80,100,1016325
20221122,11:00:05,42626.75,25,1016325
20221122,11:00:08,42627.10,50,1016325
20221122,11:00:09,42627.10,50,1016325
20221122,11:00:11,42627.10,50,1016325
20221122,11:00:13,42629.00,50,1016325
20221122,11:00:14,42629.00,25,1016325
20221122,11:00:16,42628.95,25,1016325
20221122,11:00:19,42632.00,100,1016325
20221122,11:00:20,42631.95,100,1016325
20221122,11:00:22,42629.55,75,1016325
20221122,11:00:23,42629.55,50,1016325
20221122,11:00:27,42631.85,100,1016325
20221122,11:00:31,42631.65,25,1016325
20221122,11:00:33,42631.65,25,1016325
20221122,11:00:36,42630.45,225,1016325
20221122,11:00:43,42630.75,25,1016325
20221122,11:00:44,42631.80,100,1016325
20221122,11:00:46,42629.85,25,1016325
20221122,11:00:47,42631.00,25,1016325
20221122,11:00:49,42627.50,25,1016325
20221122,11:00:53,42627.50,25,1016325
20221122,11:00:56,42627.50,100,1016325
20221122,11:00:58,42625.40,25,1016325
20221122,11:01:05,42625.40,50,1016325
20221122,11:01:09,42625.40,25,1016325
20221122,11:01:12,42625.40,50,1016325
20221122,11:01:22,42625.40,25,1016325
20221122,11:01:24,42626.00,75,1016325
20221122,11:01:25,42626.15,25,1016325
20221122,11:01:27,42626.15,25,1016325
20221122,11:01:32,42629.15,50,1016325
20221122,11:01:36,42627.35,50,1016325
20221122,11:01:39,42627.35,25,1016325
20221122,11:01:42,42627.35,50,1016325
20221122,11:01:44,42627.35,50,1016325
20221122,11:01:45,42630.15,75,1016325
20221122,11:01:48,42630.15,25,1016325
20221122,11:01:51,42627.35,300,1016325
20221122,11:01:52,42625.80,50,1016325
20221122,11:01:54,42618.60,575,1016325
20221122,11:01:55,42618.00,50,1016325
20221122,11:01:57,42618.05,25,1016325
20221122,11:01:58,42618.05,525,1016325
20221122,11:02:00,42618.05,50,1016325
20221122,11:02:01,42618.05,25,1016325
20221122,11:02:04,42618.00,25,1016325
20221122,11:02:06,42610.50,950,1016325
20221122,11:02:07,42610.45,75,1016325
20221122,11:02:09,42610.00,275,1016325
20221122,11:02:10,42608.85,25,1016325
20221122,11:02:12,42608.85,50,1016325
20221122,11:02:16,42608.85,500,1016325
20221122,11:02:18,42611.30,100,1016325
20221122,11:02:19,42611.35,25,1016325
20221122,11:02:21,42611.90,25,1016325
20221122,11:02:27,42612.20,75,1016325
20221122,11:02:30,42612.20,500,1016325
20221122,11:02:31,42612.20,50,1016325
20221122,11:02:34,42615.00,25,1016325
20221122,11:02:39,42613.85,25,1016325
20221122,11:02:41,42613.85,25,1016325
20221122,11:02:42,42620.95,1100,1016325
20221122,11:02:44,42620.95,50,1016325
20221122,11:02:50,42618.85,250,1016325
20221122,11:02:54,42618.75,50,1016325
20221122,11:02:59,42616.45,725,1022925
20221122,11:03:00,42615.85,175,1022925
20221122,11:03:05,42609.00,50,1022925
20221122,11:03:10,42609.00,25,1022925
20221122,11:03:12,42606.85,75,1022925
