20221122,09:15:00,18221.30,1,9621550
20221122,09:15:00,18231.10,1,9621550
20221122,09:15:00,18208.00,5850,9621550
20221122,09:15:00,18221.55,450,9621550
20221122,09:15:01,18220.90,2300,9621550
20221122,09:15:02,18224.10,2350,9621550
20221122,09:15:03,18214.75,2150,9621550
20221122,09:15:04,18211.55,5950,9621550
20221122,09:15:05,18211.10,28350,9621550
20221122,09:15:07,18201.55,10400,9621550
20221122,09:15:08,18199.90,3150,9621550
20221122,09:15:09,18195.65,2700,9621550
20221122,09:15:10,18200.00,650,9621550
20221122,09:15:11,18209.25,2050,9621550
20221122,09:15:12,18208.35,400,9621550
20221122,09:15:13,18206.35,1500,9621550
20221122,09:15:14,18204.00,1100,9621550
20221122,09:15:14,18204.00,150,9621550
20221122,09:15:15,18200.45,1250,9621550
20221122,09:15:17,18198.50,900,9621550
20221122,09:15:18,18200.00,2300,9621550
20221122,09:15:19,18202.55,1400,9621550
20221122,09:15:20,18204.55,1800,9621550
20221122,09:15:21,18205.00,1300,9621550
20221122,09:15:21,18206.15,150,9621550
20221122,09:15:23,18201.00,500,9621550
20221122,09:15:24,18196.25,2200,9621550
20221122,09:15:25,18200.00,550,9621550
20221122,09:15:26,18201.40,2100,9621550
20221122,09:15:27,18202.55,250,9621550
20221122,09:15:28,18203.05,800,9621550
20221122,09:15:30,18201.00,500,9621550
20221122,09:15:31,18199.40,1100,9621550
20221122,09:15:32,18195.60,750,9621550
20221122,09:15:33,18195.60,200,9621550
20221122,09:15:34,18193.00,2300,9621550
20221122,09:15:35,18198.15,200,9621550
20221122,09:15:36,18196.45,150,9621550
20221122,09:15:37,18199.90,1150,9621550
20221122,09:15:38,18200.00,250,9621550
20221122,09:15:39,18197.75,750,9621550
20221122,09:15:40,18199.65,400,9621550
20221122,09:15:41,18198.00,750,9621550
20221122,09:15:43,18200.00,1450,9621550
20221122,09:15:44,18200.00,800,9621550
20221122,09:15:45,18200.05,800,9621550
20221122,09:15:46,18200.65,250,9621550
20221122,09:15:47,18202.65,1000,9621550
20221122,09:15:48,18205.00,100,9621550
20221122,09:15:49,18205.00,250,9621550
20221122,09:15:50,18207.35,850,9621550
20221122,09:15:51,18203.75,650,9621550
20221122,09:15:52,18206.50,1150,9621550
20221122,09:15:53,18205.00,300,9621550
20221122,09:15:54,18207.00,1350,9621550
20221122,09:15:56,18207.95,1200,9621550
20221122,09:15:57,18202.50,400,9621550
20221122,09:15:58,18207.55,700,9621550
20221122,09:15:59,18205.00,350,9621550
20221122,09:16:00,18204.25,450,9621550
20221122,09:16:01,18202.65,850,9621550
20221122,09:16:03,18205.00,50,9621550
20221122,09:16:04,18202.50,150,9621550
20221122,09:16:05,18204.25,200,9621550
20221122,09:16:06,18202.60,1750,9621550
20221122,09:16:07,18204.25,50,9621550
20221122,09:16:08,18205.25,500,9621550
20221122,09:16:09,18202.60,300,9621550
20221122,09:16:10,18205.70,100,9621550
20221122,09:16:11,18205.95,200,9621550
20221122,09:16:12,18206.00,850,9621550
20221122,09:16:13,18204.75,1200,9621550
20221122,09:16:14,18204.75,500,9621550
20221122,09:16:16,18204.25,600,9621550
20221122,09:16:17,18202.70,250,9621550
20221122,09:16:18,18202.70,400,9621550
20221122,09:16:19,18204.95,1400,9621550
20221122,09:16:20,18205.00,650,9621550
20221122,09:16:22,18205.05,200,9621550
20221122,09:16:23,18205.00,250,9621550
20221122,09:16:24,18205.00,100,9621550
20221122,09:16:25,18205.50,150,9621550
20221122,09:16:26,18205.85,250,9621550
20221122,09:16:27,18205.05,500,9621550
20221122,09:16:28,18205.05,100,9621550
20221122,09:16:29,18206.00,1900,9621550
20221122,09:16:30,18205.00,700,9621550
20221122,09:16:31,18205.75,250,9621550
20221122,09:16:32,18205.55,300,9621550
20221122,09:16:33,18203.95,2100,9621550
20221122,09:16:34,18201.10,750,9621550
20221122,09:16:35,18198.30,1950,9621550
20221122,09:16:36,18198.00,850,9621550
20221122,09:16:37,18199.10,700,9621550
20221122,09:16:38,18197.40,100,9621550
20221122,09:16:39,18195.30,850,9621550
20221122,09:16:40,18197.00,150,9621550
20221122,09:16:41,18194.55,300,9621550
20221122,09:16:42,18195.80,350,9621550
20221122,09:16:43,18195.00,500,9621550
20221122,09:16:44,18194.60,550,9621550
20221122,09:16:45,18192.95,700,9621550
20221122,09:16:46,18193.90,700,9621550
20221122,09:16:47,18195.40,300,9621550
20221122,09:16:48,18195.15,600,9621550
20221122,09:16:49,18192.65,650,9621550
20221122,09:16:50,18194.75,450,9621550
20221122,09:16:51,18194.50,550,9621550
20221122,09:16:52,18192.80,550,9621550
20221122,09:16:53,18194.50,50,9621550
20221122,09:16:54,18192.50,800,9621550
20221122,09:16:55,18192.50,650,9621550
20221122,09:16:56,18192.50,1050,9621550
20221122,09:16:57,18190.05,950,9621550
20221122,09:16:58,18190.05,450,9621550
20221122,09:16:59,18190.90,150,9621550
20221122,09:17:00,18188.00,1750,9621550
20221122,09:17:01,18187.10,2900,9621550
20221122,09:17:02,18189.10,1400,9621550
20221122,09:17:03,18193.95,2850,9621550
20221122,09:17:04,18195.15,5150,9621550
20221122,09:17:05,18195.90,200,9621550
20221122,09:17:06,18191.85,700,9621550
20221122,09:17:07,18192.75,600,9621550
20221122,09:17:08,18192.15,500,9621550
20221122,09:17:09,18193.60,1050,9621550
20221122,09:17:10,18191.95,950,9621550
20221122,09:17:11,18192.15,150,9621550
20221122,09:17:12,18193.15,100,9621550
20221122,09:17:13,18195.00,4500,9621550
20221122,09:17:14,18195.65,850,9621550
20221122,09:17:15,18197.55,850,9621550
20221122,09:17:16,18195.45,300,9621550
20221122,09:17:17,18198.00,550,9621550
20221122,09:17:18,18199.00,250,9621550
20221122,09:17:19,18197.00,100,9621550
20221122,09:17:20,18198.20,200,9621550
20221122,09:17:21,18196.10,1400,9621550
20221122,09:17:22,18199.90,350,9621550
20221122,09:17:23,18199.15,50,9621550
20221122,09:17:24,18197.40,750,9621550
20221122,09:17:25,18198.20,150,9621550
20221122,09:17:26,18197.80,50,9621550
20221122,09:17:27,18197.75,50,9621550
20221122,09:17:28,18198.15,900,9650550
20221122,09:17:29,18198.00,450,9650550
20221122,09:17:31,18198.00,500,9650550
20221122,09:17:32,18196.30,1500,9650550
20221122,09:17:33,18196.75,150,9650550
20221122,09:17:34,18198.00,1750,9650550
20221122,09:17:35,18197.95,300,9650550
20221122,09:17:37,18198.00,200,9650550
20221122,09:17:38,18199.50,700,9650550
20221122,09:17:39,18199.65,2100,9650550
20221122,09:17:40,18196.80,1750,9650550
20221122,09:17:41,18200.00,550,9650550
20221122,09:17:42,18199.45,100,9650550
20221122,09:17:43,18198.15,100,9650550
20221122,09:17:44,18198.75,1050,9650550
20221122,09:17:45,18198.20,50,9650550
20221122,09:17:46,18195.10,500,9650550
20221122,09:17:47,18197.15,100,9650550
20221122,09:17:48,18195.00,450,9650550
20221122,09:17:50,18198.50,1100,9650550
20221122,09:17:52,18195.65,100,9650550
20221122,09:17:53,18195.65,50,9650550
20221122,09:17:55,18195.65,100,9650550
20221122,09:17:55,18195.00,200,9650550
20221122,09:17:56,18194.90,350,9650550
20221122,09:17:57,18195.10,900,9650550
20221122,09:17:58,18196.50,1100,9650550
20221122,09:17:59,18194.90,100,9650550
20221122,09:18:00,18194.90,200,9650550
20221122,09:18:02,18195.00,200,9650550
20221122,09:18:02,18194.95,750,9650550
20221122,09:18:03,18194.90,450,9650550
20221122,09:18:04,18195.90,300,9650550
20221122,09:18:05,18194.90,100,9650550
20221122,09:18:06,18194.90,250,9650550
20221122,09:18:08,18194.90,400,9650550
20221122,09:18:08,18195.50,100,9650550
20221122,09:18:09,18195.00,300,9650550
20221122,09:18:10,18194.50,250,9650550
20221122,09:18:11,18195.55,950,9650550
20221122,09:18:12,18194.70,450,9650550
20221122,09:18:14,18194.70,500,9650550
20221122,09:18:14,18194.70,200,9650550
20221122,09:18:15,18195.50,650,9650550
20221122,09:18:16,18195.55,750,9650550
20221122,09:18:17,18194.95,700,9650550
20221122,09:18:18,18196.00,100,9650550
20221122,09:18:19,18195.60,50,9650550
20221122,09:18:21,18195.50,200,9650550
20221122,09:18:22,18195.70,1000,9650550
20221122,09:18:23,18194.00,400,9650550
20221122,09:18:24,18194.00,100,9650550
20221122,09:18:25,18195.60,100,9650550
20221122,09:18:27,18193.90,1200,9650550
20221122,09:18:27,18196.35,100,9650550
20221122,09:18:28,18194.55,50,9650550
20221122,09:18:29,18194.75,400,9650550
20221122,09:18:30,18197.00,550,9650550
20221122,09:18:31,18194.80,250,9650550
20221122,09:18:32,18195.10,800,9650550
20221122,09:18:34,18196.95,50,9650550
20221122,09:18:35,18196.95,550,9650550
20221122,09:18:36,18197.90,250,9650550
20221122,09:18:37,18194.80,400,9650550
20221122,09:18:38,18196.70,300,9650550
20221122,09:18:40,18194.80,2050,9650550
20221122,09:18:40,18197.70,200,9650550
20221122,09:18:41,18197.50,250,9650550
20221122,09:18:42,18195.30,300,9650550
20221122,09:18:44,18196.85,150,9650550
20221122,09:18:46,18197.00,50,9650550
20221122,09:18:46,18197.65,50,9650550
20221122,09:18:47,18197.10,250,9650550
20221122,09:18:48,18197.90,200,9650550
20221122,09:18:49,18198.00,450,9650550
20221122,09:18:50,18199.85,250,9650550
20221122,09:18:52,18200.00,550,9650550
20221122,09:18:53,18196.45,550,9650550
20221122,09:18:54,18194.80,1050,9650550
20221122,09:18:55,18194.00,400,9650550
20221122,09:18:56,18191.10,1650,9650550
20221122,09:18:57,18190.50,400,9650550
20221122,09:18:59,18190.50,100,9650550
20221122,09:18:59,18190.80,50,9650550
20221122,09:19:00,18191.10,300,9650550
20221122,09:19:01,18192.05,100,9650550
20221122,09:19:02,18192.30,400,9650550
20221122,09:19:03,18190.50,100,9650550
20221122,09:19:05,18192.90,250,9650550
20221122,09:19:06,18192.90,50,9650550
20221122,09:19:07,18192.30,200,9650550
20221122,09:19:08,18193.30,250,9650550
20221122,09:19:09,18192.00,500,9650550
20221122,09:19:11,18191.00,100,9650550
20221122,09:19:13,18192.00,250,9650550
20221122,09:19:14,18191.00,100,9650550
20221122,09:19:15,18190.50,250,9650550
20221122,09:19:16,18192.00,150,9650550
20221122,09:19:17,18190.00,1000,9650550
20221122,09:19:18,18190.60,250,9650550
20221122,09:19:20,18192.40,400,9650550
20221122,09:19:21,18192.40,50,9650550
20221122,09:19:22,18192.40,200,9650550
20221122,09:19:23,18193.00,200,9650550
20221122,09:19:24,18195.00,1050,9650550
20221122,09:19:25,18197.15,350,9650550
20221122,09:19:26,18194.25,500,9650550
20221122,09:19:28,18194.45,50,9650550
20221122,09:19:29,18194.60,50,9650550
20221122,09:19:30,18194.45,100,9650550
20221122,09:19:31,18194.45,300,9650550
20221122,09:19:32,18193.00,300,9650550
20221122,09:19:33,18192.40,250,9650550
20221122,09:19:34,18192.45,350,9650550
20221122,09:19:36,18192.45,50,9650550
20221122,09:19:40,18194.45,300,9650550
20221122,09:19:41,18194.55,150,9650550
20221122,09:19:42,18195.95,50,9650550
20221122,09:19:43,18195.80,2200,9650550
20221122,09:19:45,18195.80,300,9650550
20221122,09:19:45,18195.85,50,9650550
20221122,09:19:48,18195.80,350,9650550
20221122,09:19:50,18193.70,350,9650550
20221122,09:19:50,18195.45,50,9650550
20221122,09:19:51,18193.10,100,9650550
20221122,09:19:52,18194.55,2050,9650550
20221122,09:19:53,18193.10,50,9650550
20221122,09:19:54,18191.95,100,9650550
20221122,09:19:55,18195.10,150,9650550
20221122,09:19:56,18193.10,100,9650550
20221122,09:19:57,18195.45,150,9650550
20221122,09:19:58,18193.25,900,9650550
20221122,09:19:59,18195.10,700,9650550
20221122,09:20:00,18195.00,2150,9650550
20221122,09:20:01,18196.65,300,9650550
20221122,09:20:02,18194.25,50,9650550
20221122,09:20:05,18195.75,550,9650550
20221122,09:20:06,18195.00,400,9650550
20221122,09:20:08,18193.00,550,9650550
20221122,09:20:09,18191.00,400,9650550
20221122,09:20:10,18191.00,350,9650550
20221122,09:20:11,18190.00,50,9650550
20221122,09:20:12,18189.10,2350,9650550
20221122,09:20:13,18188.00,500,9650550
20221122,09:20:14,18188.00,200,9650550
20221122,09:20:15,18191.25,750,9650550
20221122,09:20:16,18190.00,150,9650550
20221122,09:20:17,18186.55,850,9650550
20221122,09:20:18,18187.00,800,9650550
20221122,09:20:19,18189.65,350,9650550
20221122,09:20:20,18188.70,200,9650550
20221122,09:20:21,18188.15,50,9650550
20221122,09:20:22,18186.95,1950,9650550
20221122,09:20:23,18186.55,400,9650550
20221122,09:20:25,18186.05,250,9650550
20221122,09:20:26,18186.50,50,9650550
20221122,09:20:26,18186.25,50,9650550
20221122,09:20:27,18186.00,1750,9650550
20221122,09:20:28,18186.00,100,9666050
20221122,09:20:29,18185.60,1000,9666050
20221122,09:20:30,18185.60,450,9666050
20221122,09:20:31,18185.75,500,9666050
20221122,09:20:33,18186.00,500,9666050
20221122,09:20:34,18185.25,1100,9666050
20221122,09:20:34,18185.25,150,9666050
20221122,09:20:35,18185.00,400,9666050
20221122,09:20:36,18185.00,500,9666050
20221122,09:20:37,18185.00,250,9666050
20221122,09:20:39,18185.00,50,9666050
20221122,09:20:40,18185.00,700,9666050
20221122,09:20:41,18185.00,200,9666050
20221122,09:20:41,18186.25,50,9666050
20221122,09:20:42,18186.95,250,9666050
20221122,09:20:43,18185.00,150,9666050
20221122,09:20:45,18185.00,650,9666050
20221122,09:20:46,18184.10,2000,9666050
20221122,09:20:47,18185.65,750,9666050
20221122,09:20:48,18185.70,200,9666050
20221122,09:20:49,18186.00,350,9666050
20221122,09:20:51,18185.85,700,9666050
20221122,09:20:52,18188.50,100,9666050
20221122,09:20:53,18186.05,200,9666050
20221122,09:20:53,18186.95,50,9666050
20221122,09:20:54,18186.05,200,9666050
20221122,09:20:55,18185.70,100,9666050
20221122,09:20:56,18189.15,2050,9666050
20221122,09:20:57,18187.00,300,9666050
20221122,09:20:59,18184.70,650,9666050
20221122,09:21:00,18186.10,100,9666050
20221122,09:21:00,18186.10,50,9666050
20221122,09:21:01,18186.70,200,9666050
20221122,09:21:02,18186.50,400,9666050
20221122,09:21:03,18186.00,150,9666050
20221122,09:21:04,18186.00,100,9666050
20221122,09:21:06,18186.05,400,9666050
20221122,09:21:07,18186.05,900,9666050
20221122,09:21:08,18186.00,250,9666050
20221122,09:21:09,18185.70,150,9666050
20221122,09:21:10,18185.00,200,9666050
20221122,09:21:12,18185.00,300,9666050
20221122,09:21:13,18184.00,250,9666050
20221122,09:21:13,18184.00,100,9666050
20221122,09:21:14,18184.00,300,9666050
20221122,09:21:15,18184.00,500,9666050
20221122,09:21:16,18187.00,200,9666050
20221122,09:21:18,18187.15,500,9666050
20221122,09:21:19,18186.65,400,9666050
20221122,09:21:20,18184.00,850,9666050
20221122,09:21:20,18185.45,100,9666050
20221122,09:21:21,18184.00,300,9666050
20221122,09:21:22,18184.85,400,9666050
20221122,09:21:23,18184.60,250,9666050
20221122,09:21:24,18185.00,50,9666050
20221122,09:21:26,18186.00,100,9666050
20221122,09:21:27,18186.00,600,9666050
20221122,09:21:28,18184.90,100,9666050
20221122,09:21:29,18184.85,250,9666050
20221122,09:21:30,18184.95,150,9666050
20221122,09:21:32,18184.00,450,9666050
20221122,09:21:33,18184.05,50,9666050
20221122,09:21:34,18184.05,100,9666050
20221122,09:21:35,18184.85,250,9666050
20221122,09:21:37,18185.50,850,9666050
20221122,09:21:38,18184.15,450,9666050
20221122,09:21:39,18185.60,1050,9666050
20221122,09:21:39,18185.75,500,9666050
20221122,09:21:40,18185.45,200,9666050
20221122,09:21:41,18184.35,100,9666050
20221122,09:21:43,18184.95,250,9666050
20221122,09:21:44,18184.40,200,9666050
20221122,09:21:45,18184.00,800,9666050
20221122,09:21:45,18184.50,50,9666050
20221122,09:21:46,18182.10,1850,9666050
20221122,09:21:47,18183.45,50,9666050
20221122,09:21:48,18182.05,750,9666050
20221122,09:21:50,18182.00,1500,9666050
20221122,09:21:51,18181.05,900,9666050
20221122,09:21:51,18181.00,350,9666050
20221122,09:21:52,18180.00,650,9666050
20221122,09:21:53,18176.45,2800,9666050
20221122,09:21:54,18177.45,650,9666050
20221122,09:21:55,18179.95,150,9666050
20221122,09:21:56,18180.00,750,9666050
20221122,09:21:58,18177.85,1100,9666050
20221122,09:21:59,18178.05,100,9666050
20221122,09:22:00,18176.30,800,9666050
20221122,09:22:01,18176.10,200,9666050
20221122,09:22:02,18176.00,650,9666050
20221122,09:22:03,18175.50,750,9666050
20221122,09:22:04,18175.05,450,9666050
20221122,09:22:05,18172.50,4750,9666050
20221122,09:22:06,18173.80,250,9666050
20221122,09:22:07,18175.95,850,9666050
20221122,09:22:08,18176.40,1050,9666050
20221122,09:22:09,18177.70,800,9666050
20221122,09:22:10,18179.65,1050,9666050
20221122,09:22:11,18176.80,500,9666050
20221122,09:22:13,18176.95,250,9666050
20221122,09:22:14,18176.55,1250,9666050
20221122,09:22:15,18179.65,350,9666050
20221122,09:22:16,18179.85,50,9666050
20221122,09:22:17,18178.75,750,9666050
20221122,09:22:19,18179.00,150,9666050
20221122,09:22:20,18180.00,500,9666050
20221122,09:22:21,18177.25,850,9666050
20221122,09:22:22,18177.80,100,9666050
20221122,09:22:24,18178.10,200,9666050
20221122,09:22:25,18176.15,2450,9666050
20221122,09:22:26,18175.15,150,9666050
20221122,09:22:27,18175.00,150,9666050
20221122,09:22:29,18176.10,200,9666050
20221122,09:22:30,18175.80,350,9666050
20221122,09:22:31,18175.35,250,9666050
20221122,09:22:32,18175.40,150,9666050
20221122,09:22:32,18175.45,50,9666050
20221122,09:22:33,18176.50,1400,9666050
20221122,09:22:35,18176.55,2600,9666050
20221122,09:22:36,18177.00,50,9666050
20221122,09:22:37,18175.65,150,9666050
20221122,09:22:38,18176.95,400,9666050
20221122,09:22:39,18176.00,150,9666050
20221122,09:22:40,18177.00,700,9666050
20221122,09:22:43,18177.00,1400,9666050
20221122,09:22:43,18177.00,50,9666050
20221122,09:22:44,18177.00,150,9666050
20221122,09:22:46,18176.90,1350,9666050
20221122,09:22:47,18177.00,400,9666050
20221122,09:22:48,18176.00,100,9666050
20221122,09:22:49,18177.25,950,9666050
20221122,09:22:50,18176.80,200,9666050
20221122,09:22:52,18175.50,200,9666050
20221122,09:22:53,18175.50,200,9666050
20221122,09:22:54,18176.90,700,9666050
20221122,09:22:55,18177.00,400,9666050
20221122,09:22:56,18176.75,150,9666050
20221122,09:22:58,18176.60,200,9666050
20221122,09:22:59,18176.95,50,9666050
20221122,09:23:00,18176.65,100,9666050
20221122,09:23:00,18176.00,200,9666050
20221122,09:23:01,18175.75,50,9666050
20221122,09:23:02,18176.85,100,9666050
20221122,09:23:04,18176.85,200,9666050
20221122,09:23:05,18176.90,150,9666050
20221122,09:23:06,18177.00,400,9666050
20221122,09:23:07,18175.90,700,9666050
20221122,09:23:09,18176.95,150,9666050
20221122,09:23:11,18176.90,250,9666050
20221122,09:23:12,18176.85,150,9666050
20221122,09:23:12,18176.00,50,9666050
20221122,09:23:13,18178.00,700,9666050
20221122,09:23:16,18177.30,400,9666050
20221122,09:23:17,18177.85,850,9666050
20221122,09:23:18,18177.85,250,9666050
20221122,09:23:19,18178.00,350,9666050
20221122,09:23:21,18175.30,200,9666050
20221122,09:23:22,18175.65,250,9666050
20221122,09:23:23,18176.70,100,9666050
20221122,09:23:24,18175.35,300,9666050
20221122,09:23:26,18176.35,1200,9666050
20221122,09:23:27,18175.40,250,9666050
20221122,09:23:28,18174.95,2250,9666050
20221122,09:23:29,18174.05,800,9668950
20221122,09:23:30,18175.85,350,9668950
20221122,09:23:32,18175.85,50,9668950
20221122,09:23:33,18176.70,800,9668950
20221122,09:23:34,18175.55,50,9668950
20221122,09:23:34,18175.25,50,9668950
20221122,09:23:35,18175.95,350,9668950
20221122,09:23:37,18176.00,150,9668950
20221122,09:23:38,18175.65,100,9668950
20221122,09:23:39,18175.90,100,9668950
20221122,09:23:39,18175.90,50,9668950
20221122,09:23:40,18175.90,150,9668950
20221122,09:23:43,18175.95,300,9668950
20221122,09:23:44,18176.00,200,9668950
20221122,09:23:45,18175.90,50,9668950
20221122,09:23:46,18175.90,100,9668950
20221122,09:23:47,18176.70,150,9668950
20221122,09:23:49,18176.70,100,9668950
20221122,09:23:50,18175.70,1600,9668950
20221122,09:23:51,18177.00,150,9668950
20221122,09:23:52,18176.95,250,9668950
20221122,09:23:55,18176.75,50,9668950
20221122,09:23:56,18177.00,300,9668950
20221122,09:23:57,18176.20,100,9668950
20221122,09:23:57,18176.70,50,9668950
20221122,09:23:58,18177.00,50,9668950
20221122,09:23:59,18175.70,100,9668950
20221122,09:24:01,18176.60,100,9668950
20221122,09:24:02,18175.80,50,9668950
20221122,09:24:03,18175.55,3750,9668950
20221122,09:24:04,18175.00,150,9668950
20221122,09:24:06,18176.65,400,9668950
20221122,09:24:07,18175.70,100,9668950
20221122,09:24:08,18176.65,250,9668950
20221122,09:24:09,18176.45,50,9668950
20221122,09:24:10,18176.65,50,9668950
20221122,09:24:12,18176.20,150,9668950
20221122,09:24:13,18174.00,1200,9668950
20221122,09:24:14,18175.00,250,9668950
20221122,09:24:14,18175.00,300,9668950
20221122,09:24:15,18175.55,250,9668950
20221122,09:24:17,18175.55,100,9668950
20221122,09:24:18,18176.95,1800,9668950
20221122,09:24:19,18175.60,100,9668950
20221122,09:24:20,18176.55,50,9668950
20221122,09:24:21,18176.95,50,9668950
20221122,09:24:22,18175.70,50,9668950
20221122,09:24:24,18175.20,600,9668950
20221122,09:24:24,18176.00,50,9668950
20221122,09:24:26,18175.00,150,9668950
20221122,09:24:27,18175.20,100,9668950
20221122,09:24:28,18175.00,100,9668950
20221122,09:24:29,18175.00,300,9668950
20221122,09:24:30,18175.20,150,9668950
20221122,09:24:33,18175.00,100,9668950
20221122,09:24:34,18176.30,800,9668950
20221122,09:24:35,18176.90,50,9668950
20221122,09:24:37,18176.60,500,9668950
20221122,09:24:38,18175.05,150,9668950
20221122,09:24:39,18177.50,1000,9668950
20221122,09:24:40,18176.45,150,9668950
20221122,09:24:42,18176.70,50,9668950
20221122,09:24:44,18176.25,250,9668950
20221122,09:24:45,18176.70,1050,9668950
20221122,09:24:46,18176.70,100,9668950
20221122,09:24:47,18176.80,200,9668950
20221122,09:24:48,18176.95,1900,9668950
20221122,09:24:49,18176.70,300,9668950
20221122,09:24:51,18177.00,100,9668950
20221122,09:24:52,18176.95,550,9668950
20221122,09:24:53,18180.00,2150,9668950
20221122,09:24:54,18180.00,500,9668950
20221122,09:24:55,18178.00,500,9668950
20221122,09:24:55,18179.20,100,9668950
20221122,09:24:57,18178.40,100,9668950
20221122,09:24:59,18177.25,200,9668950
20221122,09:25:00,18177.40,1950,9668950
20221122,09:25:01,18177.80,650,9668950
20221122,09:25:01,18178.40,200,9668950
20221122,09:25:03,18177.40,550,9668950
20221122,09:25:04,18180.00,700,9668950
20221122,09:25:06,18180.00,100,9668950
20221122,09:25:07,18180.00,200,9668950
20221122,09:25:07,18180.00,100,9668950
20221122,09:25:09,18180.90,200,9668950
20221122,09:25:10,18180.00,300,9668950
20221122,09:25:11,18181.10,650,9668950
20221122,09:25:12,18181.10,150,9668950
20221122,09:25:13,18181.40,50,9668950
20221122,09:25:14,18180.10,250,9668950
20221122,09:25:17,18180.10,850,9668950
20221122,09:25:18,18180.30,500,9668950
20221122,09:25:19,18179.95,850,9668950
20221122,09:25:19,18180.00,200,9668950
20221122,09:25:20,18180.25,100,9668950
20221122,09:25:22,18179.10,100,9668950
20221122,09:25:23,18179.30,600,9668950
20221122,09:25:24,18179.00,2150,9668950
20221122,09:25:25,18178.75,950,9668950
20221122,09:25:26,18177.95,350,9668950
20221122,09:25:27,18177.00,200,9668950
20221122,09:25:27,18177.95,50,9668950
20221122,09:25:29,18176.70,800,9668950
20221122,09:25:30,18176.70,250,9668950
20221122,09:25:31,18176.70,150,9668950
20221122,09:25:32,18176.00,400,9668950
20221122,09:25:33,18174.00,750,9668950
20221122,09:25:34,18174.40,1050,9668950
20221122,09:25:35,18176.45,500,9668950
20221122,09:25:35,18176.35,150,9668950
20221122,09:25:37,18174.15,100,9668950
20221122,09:25:38,18174.40,100,9668950
20221122,09:25:39,18173.60,150,9668950
20221122,09:25:40,18174.95,250,9668950
20221122,09:25:41,18173.10,200,9668950
20221122,09:25:42,18172.00,1250,9668950
20221122,09:25:43,18172.00,2550,9668950
20221122,09:25:44,18172.00,650,9668950
20221122,09:25:45,18172.00,300,9668950
20221122,09:25:46,18171.55,100,9668950
20221122,09:25:47,18171.55,200,9668950
20221122,09:25:48,18171.55,350,9668950
20221122,09:25:49,18173.50,200,9668950
20221122,09:25:50,18173.55,950,9668950
20221122,09:25:51,18174.55,150,9668950
20221122,09:25:51,18174.95,100,9668950
20221122,09:25:53,18174.00,350,9668950
20221122,09:25:54,18172.00,400,9668950
20221122,09:25:55,18173.05,450,9668950
20221122,09:25:56,18172.00,200,9668950
20221122,09:25:56,18171.60,150,9668950
20221122,09:25:58,18174.45,50,9668950
20221122,09:25:59,18172.60,50,9668950
20221122,09:26:00,18175.00,250,9668950
20221122,09:26:01,18175.00,400,9668950
20221122,09:26:01,18175.00,350,9668950
20221122,09:26:02,18175.00,100,9668950
20221122,09:26:04,18172.75,200,9668950
20221122,09:26:05,18172.65,150,9668950
20221122,09:26:06,18174.70,200,9668950
20221122,09:26:07,18175.00,200,9668950
20221122,09:26:07,18175.00,50,9668950
20221122,09:26:08,18172.10,350,9668950
20221122,09:26:10,18173.00,750,9668950
20221122,09:26:11,18174.00,700,9668950
20221122,09:26:12,18172.10,300,9668950
20221122,09:26:13,18171.60,750,9668950
20221122,09:26:13,18172.05,200,9668950
20221122,09:26:15,18171.65,300,9668950
20221122,09:26:16,18172.05,50,9668950
20221122,09:26:17,18172.05,50,9668950
20221122,09:26:18,18172.05,200,9668950
20221122,09:26:19,18174.00,50,9668950
20221122,09:26:20,18172.10,150,9668950
20221122,09:26:20,18174.00,50,9668950
20221122,09:26:23,18172.10,50,9668950
20221122,09:26:24,18174.05,250,9668950
20221122,09:26:25,18172.10,100,9668950
20221122,09:26:26,18174.00,50,9668950
20221122,09:26:29,18172.50,100,9660250
20221122,09:26:30,18172.40,200,9660250
20221122,09:26:31,18172.70,100,9660250
20221122,09:26:32,18172.20,200,9660250
20221122,09:26:32,18172.20,100,9660250
20221122,09:26:34,18172.20,300,9660250
20221122,09:26:35,18174.00,100,9660250
20221122,09:26:36,18174.00,250,9660250
20221122,09:26:37,18172.20,300,9660250
20221122,09:26:38,18173.05,250,9660250
20221122,09:26:38,18172.20,50,9660250
20221122,09:26:40,18173.05,500,9660250
20221122,09:26:41,18172.45,150,9660250
20221122,09:26:42,18172.60,150,9660250
20221122,09:26:43,18173.05,450,9660250
20221122,09:26:44,18175.00,1950,9660250
20221122,09:26:44,18175.70,700,9660250
20221122,09:26:46,18175.00,400,9660250
20221122,09:26:47,18173.95,150,9660250
20221122,09:26:48,18175.80,100,9660250
20221122,09:26:49,18173.95,50,9660250
20221122,09:26:51,18174.65,450,9660250
20221122,09:26:52,18175.00,250,9660250
20221122,09:26:53,18174.45,200,9660250
20221122,09:26:54,18175.85,50,9660250
20221122,09:26:55,18173.95,100,9660250
20221122,09:26:56,18175.95,100,9660250
20221122,09:26:57,18173.95,50,9660250
20221122,09:26:58,18175.10,1550,9660250
20221122,09:26:59,18175.75,450,9660250
20221122,09:27:00,18175.15,400,9660250
20221122,09:27:01,18175.15,900,9660250
20221122,09:27:02,18175.30,300,9660250
20221122,09:27:03,18174.60,850,9660250
20221122,09:27:04,18173.00,400,9660250
20221122,09:27:05,18172.55,150,9660250
20221122,09:27:06,18174.15,350,9660250
20221122,09:27:07,18173.55,300,9660250
20221122,09:27:08,18173.60,100,9660250
20221122,09:27:09,18174.40,100,9660250
20221122,09:27:10,18173.70,100,9660250
20221122,09:27:12,18172.00,600,9660250
20221122,09:27:13,18173.70,450,9660250
20221122,09:27:14,18174.00,100,9660250
20221122,09:27:15,18174.00,200,9660250
20221122,09:27:16,18175.00,300,9660250
20221122,09:27:17,18172.55,1000,9660250
20221122,09:27:18,18172.60,550,9660250
20221122,09:27:19,18176.00,450,9660250
20221122,09:27:20,18176.90,150,9660250
20221122,09:27:21,18176.15,100,9660250
20221122,09:27:22,18176.20,150,9660250
20221122,09:27:23,18176.20,550,9660250
20221122,09:27:24,18176.80,250,9660250
20221122,09:27:25,18173.60,1200,9660250
20221122,09:27:26,18177.00,300,9660250
20221122,09:27:27,18176.25,50,9660250
20221122,09:27:28,18176.05,200,9660250
20221122,09:27:29,18177.00,850,9660250
20221122,09:27:30,18176.55,350,9660250
20221122,09:27:31,18179.10,50,9660250
20221122,09:27:33,18179.15,900,9660250
20221122,09:27:34,18176.95,850,9660250
20221122,09:27:35,18178.00,250,9660250
20221122,09:27:36,18178.00,150,9660250
20221122,09:27:37,18178.25,50,9660250
20221122,09:27:39,18176.25,650,9660250
20221122,09:27:40,18176.00,250,9660250
20221122,09:27:41,18174.85,300,9660250
20221122,09:27:42,18176.00,150,9660250
20221122,09:27:43,18176.00,50,9660250
20221122,09:27:44,18176.00,150,9660250
20221122,09:27:45,18176.60,250,9660250
20221122,09:27:46,18175.00,600,9660250
20221122,09:27:47,18176.20,1950,9660250
20221122,09:27:48,18176.05,250,9660250
20221122,09:27:49,18177.45,50,9660250
20221122,09:27:50,18177.60,600,9660250
20221122,09:27:51,18177.50,750,9660250
20221122,09:27:52,18177.55,350,9660250
20221122,09:27:53,18177.90,100,9660250
20221122,09:27:57,18177.55,100,9660250
20221122,09:27:58,18177.50,100,9660250
20221122,09:27:59,18177.45,500,9660250
20221122,09:28:00,18178.95,50,9660250
20221122,09:28:01,18179.00,150,9660250
20221122,09:28:02,18179.20,400,9660250
20221122,09:28:03,18179.20,300,9660250
20221122,09:28:04,18179.40,350,9660250
20221122,09:28:05,18180.00,100,9660250
20221122,09:28:06,18179.30,150,9660250
20221122,09:28:08,18181.70,200,9660250
20221122,09:28:09,18181.00,600,9660250
20221122,09:28:11,18181.15,50,9660250
20221122,09:28:12,18181.00,50,9660250
20221122,09:28:13,18181.00,550,9660250
20221122,09:28:14,18180.50,150,9660250
20221122,09:28:15,18181.00,50,9660250
20221122,09:28:16,18180.55,150,9660250
20221122,09:28:18,18181.05,950,9660250
20221122,09:28:19,18180.80,950,9660250
20221122,09:28:20,18180.80,150,9660250
20221122,09:28:21,18180.30,300,9660250
20221122,09:28:22,18179.80,450,9660250
20221122,09:28:23,18179.90,300,9660250
20221122,09:28:24,18179.70,200,9660250
20221122,09:28:25,18180.25,150,9660250
20221122,09:28:27,18179.80,250,9660250
20221122,09:28:28,18180.70,500,9660250
20221122,09:28:29,18180.70,50,9660250
20221122,09:28:31,18181.15,400,9660250
20221122,09:28:32,18181.65,200,9660250
20221122,09:28:33,18180.50,200,9660250
20221122,09:28:34,18181.75,450,9660250
20221122,09:28:35,18181.80,50,9660250
20221122,09:28:36,18181.00,300,9660250
20221122,09:28:38,18180.75,200,9660250
20221122,09:28:39,18181.00,450,9660250
20221122,09:28:41,18182.00,1150,9660250
20221122,09:28:42,18181.05,100,9660250
20221122,09:28:43,18181.40,50,9660250
20221122,09:28:45,18181.00,50,9660250
20221122,09:28:48,18181.35,250,9660250
20221122,09:28:49,18181.65,600,9660250
20221122,09:28:50,18181.75,400,9660250
20221122,09:28:51,18181.45,100,9660250
20221122,09:28:53,18181.80,100,9660250
20221122,09:28:54,18181.45,400,9660250
20221122,09:28:55,18181.40,50,9660250
20221122,09:28:56,18181.15,1400,9660250
20221122,09:28:57,18181.15,50,9660250
20221122,09:28:58,18181.15,100,9660250
20221122,09:28:59,18180.35,100,9660250
20221122,09:29:00,18180.00,50,9660250
20221122,09:29:01,18180.00,50,9660250
20221122,09:29:02,18181.70,350,9660250
20221122,09:29:03,18181.75,200,9660250
20221122,09:29:04,18180.10,200,9660250
20221122,09:29:05,18181.90,100,9660250
20221122,09:29:06,18180.55,100,9660250
20221122,09:29:07,18182.00,50,9660250
20221122,09:29:08,18182.00,150,9660250
20221122,09:29:10,18183.00,250,9660250
20221122,09:29:10,18183.45,50,9660250
20221122,09:29:11,18182.00,250,9660250
20221122,09:29:13,18183.00,150,9660250
20221122,09:29:15,18182.10,100,9660250
20221122,09:29:16,18184.00,50,9660250
20221122,09:29:18,18184.00,100,9660250
20221122,09:29:21,18184.00,200,9660250
20221122,09:29:22,18183.00,700,9660250
20221122,09:29:23,18182.95,800,9660250
20221122,09:29:24,18183.05,300,9660250
20221122,09:29:26,18182.00,400,9660250
20221122,09:29:27,18183.90,550,9660250
20221122,09:29:28,18184.00,50,9660250
20221122,09:29:29,18182.75,200,9660250
20221122,09:29:30,18183.10,1550,9673200
20221122,09:29:32,18181.00,900,9673200
20221122,09:29:33,18183.10,300,9673200
20221122,09:29:34,18183.50,100,9673200
20221122,09:29:37,18182.70,150,9673200
20221122,09:29:38,18183.35,100,9673200
20221122,09:29:41,18183.60,100,9673200
20221122,09:29:43,18183.00,100,9673200
20221122,09:29:44,18183.00,300,9673200
20221122,09:29:45,18183.00,150,9673200
20221122,09:29:46,18181.00,850,9673200
20221122,09:29:47,18181.75,350,9673200
20221122,09:29:49,18182.70,50,9673200
20221122,09:29:49,18181.00,100,9673200
20221122,09:29:52,18182.35,400,9673200
20221122,09:29:53,18182.50,200,9673200
20221122,09:29:55,18182.70,100,9673200
20221122,09:29:56,18181.85,250,9673200
20221122,09:29:57,18181.85,150,9673200
20221122,09:29:59,18181.00,50,9673200
20221122,09:30:01,18182.50,500,9673200
20221122,09:30:01,18181.20,50,9673200
20221122,09:30:02,18183.10,900,9673200
20221122,09:30:03,18183.00,500,9673200
20221122,09:30:04,18184.90,1250,9673200
20221122,09:30:06,18184.35,300,9673200
20221122,09:30:07,18184.10,350,9673200
20221122,09:30:08,18183.70,100,9673200
20221122,09:30:09,18184.60,200,9673200
20221122,09:30:10,18185.00,300,9673200
20221122,09:30:12,18185.00,250,9673200
20221122,09:30:13,18185.05,150,9673200
20221122,09:30:14,18185.05,50,9673200
20221122,09:30:15,18185.00,200,9673200
20221122,09:30:16,18185.25,4450,9673200
20221122,09:30:18,18185.05,1200,9673200
20221122,09:30:18,18185.15,100,9673200
20221122,09:30:19,18184.65,2400,9673200
20221122,09:30:20,18184.60,50,9673200
20221122,09:30:21,18184.35,900,9673200
20221122,09:30:22,18184.10,400,9673200
20221122,09:30:23,18184.15,250,9673200
20221122,09:30:24,18183.75,650,9673200
20221122,09:30:25,18183.60,1150,9673200
20221122,09:30:26,18183.40,250,9673200
20221122,09:30:27,18183.50,200,9673200
20221122,09:30:28,18183.90,2050,9673200
20221122,09:30:30,18183.30,400,9673200
20221122,09:30:30,18183.90,100,9673200
20221122,09:30:31,18183.05,50,9673200
20221122,09:30:32,18183.05,1950,9673200
20221122,09:30:33,18184.00,350,9673200
20221122,09:30:36,18184.00,250,9673200
20221122,09:30:38,18184.00,150,9673200
20221122,09:30:40,18186.00,400,9673200
20221122,09:30:41,18185.70,100,9673200
20221122,09:30:42,18186.10,150,9673200
20221122,09:30:43,18186.45,500,9673200
20221122,09:30:44,18185.55,800,9673200
20221122,09:30:45,18185.00,250,9673200
20221122,09:30:46,18185.60,200,9673200
20221122,09:30:48,18184.05,100,9673200
20221122,09:30:48,18184.95,750,9673200
20221122,09:30:50,18187.10,700,9673200
20221122,09:30:51,18185.05,800,9673200
20221122,09:30:52,18186.50,50,9673200
20221122,09:30:53,18186.95,650,9673200
20221122,09:30:54,18185.05,100,9673200
20221122,09:30:56,18186.25,150,9673200
20221122,09:30:57,18186.65,100,9673200
20221122,09:30:58,18186.90,150,9673200
20221122,09:30:59,18186.65,150,9673200
20221122,09:31:00,18186.15,150,9673200
20221122,09:31:02,18187.65,400,9673200
20221122,09:31:03,18187.85,450,9673200
20221122,09:31:04,18188.45,500,9673200
20221122,09:31:05,18188.45,3100,9673200
20221122,09:31:07,18188.45,250,9673200
20221122,09:31:07,18189.60,50,9673200
20221122,09:31:08,18189.10,150,9673200
20221122,09:31:09,18190.00,2950,9673200
20221122,09:31:10,18188.85,1000,9673200
20221122,09:31:11,18188.85,550,9673200
20221122,09:31:12,18187.15,1600,9673200
20221122,09:31:13,18188.15,300,9673200
20221122,09:31:14,18188.85,1450,9673200
20221122,09:31:16,18188.45,200,9673200
20221122,09:31:16,18188.30,50,9673200
20221122,09:31:17,18188.15,150,9673200
20221122,09:31:18,18187.10,350,9673200
20221122,09:31:19,18187.25,100,9673200
20221122,09:31:20,18187.20,2200,9673200
20221122,09:31:21,18187.05,300,9673200
20221122,09:31:23,18188.50,50,9673200
20221122,09:31:25,18189.75,850,9673200
20221122,09:31:26,18190.45,150,9673200
20221122,09:31:27,18190.65,50,9673200
20221122,09:31:28,18190.55,100,9673200
20221122,09:31:29,18190.50,200,9673200
20221122,09:31:31,18191.25,1100,9673200
20221122,09:31:32,18191.75,150,9673200
20221122,09:31:33,18192.00,750,9673200
20221122,09:31:34,18192.40,600,9673200
20221122,09:31:35,18192.05,450,9673200
20221122,09:31:36,18192.00,1000,9673200
20221122,09:31:38,18191.25,2150,9673200
20221122,09:31:39,18191.25,150,9673200
20221122,09:31:39,18190.70,50,9673200
20221122,09:31:40,18191.85,150,9673200
20221122,09:31:41,18190.15,200,9673200
20221122,09:31:42,18191.30,100,9673200
20221122,09:31:44,18191.55,400,9673200
20221122,09:31:45,18190.30,50,9673200
20221122,09:31:46,18190.25,150,9673200
20221122,09:31:50,18191.40,600,9673200
20221122,09:31:51,18191.40,50,9673200
20221122,09:31:52,18191.45,1050,9673200
20221122,09:31:53,18191.55,100,9673200
20221122,09:31:54,18191.15,500,9673200
20221122,09:31:55,18191.20,200,9673200
20221122,09:31:56,18191.50,50,9673200
20221122,09:31:58,18191.15,50,9673200
20221122,09:31:59,18191.15,100,9673200
20221122,09:32:00,18191.15,100,9673200
20221122,09:32:01,18191.50,100,9673200
20221122,09:32:02,18191.35,450,9673200
20221122,09:32:03,18191.50,350,9673200
20221122,09:32:04,18191.45,450,9673200
20221122,09:32:06,18192.00,1150,9673200
20221122,09:32:07,18191.75,50,9673200
20221122,09:32:08,18191.50,100,9673200
20221122,09:32:09,18192.05,200,9673200
20221122,09:32:12,18192.50,1250,9673200
20221122,09:32:13,18192.45,150,9673200
20221122,09:32:13,18192.30,150,9673200
20221122,09:32:14,18192.50,350,9673200
20221122,09:32:15,18192.50,150,9673200
20221122,09:32:16,18192.55,250,9673200
20221122,09:32:18,18192.60,50,9673200
20221122,09:32:19,18194.00,300,9673200
20221122,09:32:19,18194.35,1350,9673200
20221122,09:32:20,18195.00,300,9673200
20221122,09:32:21,18195.00,350,9673200
20221122,09:32:23,18196.65,750,9673200
20221122,09:32:24,18194.35,600,9673200
20221122,09:32:25,18194.95,1100,9673200
20221122,09:32:26,18197.00,450,9673200
20221122,09:32:26,18197.00,50,9673200
20221122,09:32:27,18195.15,150,9673200
20221122,09:32:28,18197.30,50,9673200
20221122,09:32:29,18195.10,100,9673200
20221122,09:32:30,18197.20,100,9673200
20221122,09:32:32,18198.00,350,9697850
20221122,09:32:33,18198.25,300,9697850
20221122,09:32:35,18197.50,550,9697850
20221122,09:32:36,18198.00,150,9697850
20221122,09:32:37,18197.85,150,9697850
20221122,09:32:38,18198.20,100,9697850
20221122,09:32:39,18198.30,150,9697850
20221122,09:32:40,18198.30,350,9697850
20221122,09:32:40,18198.45,100,9697850
20221122,09:32:41,18198.00,400,9697850
20221122,09:32:42,18197.00,250,9697850
20221122,09:32:43,18197.00,950,9697850
20221122,09:32:44,18196.15,250,9697850
20221122,09:32:46,18196.10,50,9697850
20221122,09:32:47,18195.50,100,9697850
20221122,09:32:47,18195.50,50,9697850
20221122,09:32:48,18195.05,550,9697850
20221122,09:32:49,18195.55,1950,9697850
20221122,09:32:50,18194.10,1550,9697850
20221122,09:32:52,18194.15,600,9697850
20221122,09:32:53,18194.00,350,9697850
20221122,09:32:53,18194.60,100,9697850
20221122,09:32:54,18194.80,300,9697850
20221122,09:32:55,18195.00,200,9697850
20221122,09:32:56,18195.25,100,9697850
20221122,09:32:58,18194.65,50,9697850
20221122,09:32:59,18195.25,150,9697850
20221122,09:33:00,18196.10,50,9697850
20221122,09:33:01,18197.10,550,9697850
20221122,09:33:02,18195.55,400,9697850
20221122,09:33:04,18197.35,250,9697850
20221122,09:33:05,18195.95,350,9697850
20221122,09:33:06,18197.65,100,9697850
20221122,09:33:06,18196.55,50,9697850
20221122,09:33:07,18197.75,200,9697850
20221122,09:33:08,18198.40,800,9697850
20221122,09:33:09,18198.00,650,9697850
20221122,09:33:11,18199.00,350,9697850
20221122,09:33:12,18199.00,150,9697850
20221122,09:33:12,18199.30,300,9697850
20221122,09:33:13,18197.30,100,9697850
20221122,09:33:14,18199.00,150,9697850
20221122,09:33:15,18199.00,150,9697850
20221122,09:33:16,18199.25,450,9697850
20221122,09:33:18,18199.45,250,9697850
20221122,09:33:19,18199.50,600,9697850
20221122,09:33:19,18199.55,150,9697850
20221122,09:33:20,18199.15,350,9697850
20221122,09:33:21,18199.25,1250,9697850
20221122,09:33:22,18201.55,2900,9697850
20221122,09:33:23,18200.95,300,9697850
20221122,09:33:24,18200.95,50,9697850
20221122,09:33:26,18200.90,350,9697850
20221122,09:33:27,18200.00,50,9697850
20221122,09:33:28,18200.50,1200,9697850
20221122,09:33:29,18197.35,750,9697850
20221122,09:33:31,18197.40,200,9697850
20221122,09:33:32,18196.50,250,9697850
20221122,09:33:32,18196.05,600,9697850
20221122,09:33:33,18198.25,1250,9697850
20221122,09:33:34,18198.90,1300,9697850
20221122,09:33:36,18198.75,500,9697850
20221122,09:33:37,18199.40,1900,9697850
20221122,09:33:37,18199.35,450,9697850
20221122,09:33:38,18197.95,900,9697850
20221122,09:33:39,18198.60,200,9697850
20221122,09:33:41,18198.60,150,9697850
20221122,09:33:42,18199.00,150,9697850
20221122,09:33:43,18198.55,200,9697850
20221122,09:33:43,18198.55,50,9697850
20221122,09:33:44,18197.55,50,9697850
20221122,09:33:46,18197.10,600,9697850
20221122,09:33:47,18195.05,1150,9697850
20221122,09:33:48,18197.75,250,9697850
20221122,09:33:48,18197.90,50,9697850
20221122,09:33:49,18197.50,150,9697850
20221122,09:33:50,18197.00,600,9697850
20221122,09:33:52,18197.10,250,9697850
20221122,09:33:53,18197.05,200,9697850
20221122,09:33:54,18198.60,100,9697850
20221122,09:33:54,18197.75,50,9697850
20221122,09:33:55,18196.35,850,9697850
20221122,09:33:56,18198.05,300,9697850
20221122,09:33:58,18197.00,200,9697850
20221122,09:33:59,18197.35,100,9697850
20221122,09:34:00,18199.00,250,9697850
20221122,09:34:01,18199.05,400,9697850
20221122,09:34:01,18199.40,100,9697850
20221122,09:34:02,18199.10,300,9697850
20221122,09:34:03,18200.20,700,9697850
20221122,09:34:04,18200.70,150,9697850
20221122,09:34:06,18198.40,150,9697850
20221122,09:34:07,18200.00,200,9697850
20221122,09:34:08,18201.00,150,9697850
20221122,09:34:08,18199.05,150,9697850
20221122,09:34:09,18198.85,250,9697850
20221122,09:34:10,18200.45,100,9697850
20221122,09:34:12,18200.05,750,9697850
20221122,09:34:14,18200.00,300,9697850
20221122,09:34:15,18200.00,400,9697850
20221122,09:34:16,18201.55,50,9697850
20221122,09:34:18,18201.50,100,9697850
20221122,09:34:20,18202.05,650,9697850
20221122,09:34:21,18201.00,1150,9697850
20221122,09:34:24,18202.00,600,9697850
20221122,09:34:25,18201.60,200,9697850
20221122,09:34:26,18201.85,150,9697850
20221122,09:34:27,18200.85,50,9697850
20221122,09:34:28,18200.45,150,9697850
20221122,09:34:30,18201.90,1150,9697850
20221122,09:34:31,18202.00,300,9697850
20221122,09:34:32,18200.50,300,9697850
20221122,09:34:33,18199.65,50,9697850
20221122,09:34:34,18201.95,450,9697850
20221122,09:34:38,18199.10,150,9697850
20221122,09:34:39,18201.50,150,9697850
20221122,09:34:40,18201.30,150,9697850
20221122,09:34:40,18201.35,1850,9697850
20221122,09:34:41,18199.90,500,9697850
20221122,09:34:43,18201.95,1800,9697850
20221122,09:34:44,18198.90,250,9697850
20221122,09:34:45,18198.55,2250,9697850
20221122,09:34:48,18201.85,650,9697850
20221122,09:34:49,18201.85,1150,9697850
20221122,09:34:51,18202.00,200,9697850
20221122,09:34:52,18201.05,50,9697850
20221122,09:34:53,18202.80,2000,9697850
20221122,09:34:54,18200.00,100,9697850
20221122,09:34:55,18200.45,50,9697850
20221122,09:34:56,18201.85,50,9697850
20221122,09:34:58,18201.60,150,9697850
20221122,09:34:59,18203.00,150,9697850
20221122,09:35:00,18200.95,100,9697850
20221122,09:35:01,18203.00,450,9697850
20221122,09:35:01,18204.00,550,9697850
20221122,09:35:02,18205.00,900,9697850
20221122,09:35:04,18202.70,3550,9697850
20221122,09:35:05,18205.15,100,9697850
20221122,09:35:06,18205.30,250,9697850
20221122,09:35:07,18205.15,350,9697850
20221122,09:35:07,18205.50,100,9697850
20221122,09:35:08,18205.20,1150,9697850
20221122,09:35:11,18206.20,300,9697850
20221122,09:35:12,18206.45,1400,9697850
20221122,09:35:13,18206.05,150,9697850
20221122,09:35:14,18207.40,1100,9697850
20221122,09:35:15,18207.50,200,9697850
20221122,09:35:17,18207.30,200,9697850
20221122,09:35:18,18206.00,450,9697850
20221122,09:35:19,18206.00,250,9697850
20221122,09:35:20,18206.85,250,9697850
20221122,09:35:20,18207.00,100,9697850
20221122,09:35:21,18205.75,300,9697850
20221122,09:35:23,18206.45,350,9697850
20221122,09:35:24,18206.50,50,9697850
20221122,09:35:25,18206.05,1100,9697850
20221122,09:35:26,18207.60,150,9697850
20221122,09:35:27,18207.05,200,9697850
20221122,09:35:28,18208.00,100,9697850
20221122,09:35:30,18209.00,500,9697850
20221122,09:35:30,18209.05,100,9697850
20221122,09:35:31,18206.55,100,9714550
20221122,09:35:32,18208.80,250,9714550
20221122,09:35:34,18208.80,50,9714550
20221122,09:35:36,18206.60,100,9714550
20221122,09:35:37,18208.15,150,9714550
20221122,09:35:37,18206.10,50,9714550
20221122,09:35:38,18207.75,100,9714550
20221122,09:35:39,18206.20,200,9714550
20221122,09:35:40,18208.00,200,9714550
20221122,09:35:42,18207.15,400,9714550
20221122,09:35:43,18207.15,350,9714550
20221122,09:35:44,18207.15,150,9714550
20221122,09:35:45,18206.70,750,9714550
20221122,09:35:47,18206.05,900,9714550
20221122,09:35:48,18206.00,350,9714550
20221122,09:35:49,18205.00,650,9714550
20221122,09:35:50,18204.20,1150,9714550
20221122,09:35:51,18204.25,300,9714550
20221122,09:35:52,18204.15,250,9714550
20221122,09:35:54,18203.20,100,9714550
20221122,09:35:55,18203.90,50,9714550
20221122,09:35:56,18203.00,200,9714550
20221122,09:35:57,18203.70,300,9714550
20221122,09:35:58,18203.00,1450,9714550
20221122,09:35:58,18202.10,50,9714550
20221122,09:36:00,18202.05,50,9714550
20221122,09:36:01,18201.25,150,9714550
20221122,09:36:02,18201.00,1350,9714550
20221122,09:36:03,18200.40,1500,9714550
20221122,09:36:04,18203.00,550,9714550
20221122,09:36:04,18202.95,100,9714550
20221122,09:36:06,18200.00,550,9714550
20221122,09:36:08,18200.95,100,9714550
20221122,09:36:09,18200.35,200,9714550
20221122,09:36:09,18200.35,1550,9714550
20221122,09:36:11,18198.05,3650,9714550
20221122,09:36:11,18200.15,100,9714550
20221122,09:36:12,18200.50,350,9714550
20221122,09:36:14,18200.55,300,9714550
20221122,09:36:15,18200.25,3600,9714550
20221122,09:36:16,18200.40,1100,9714550
20221122,09:36:17,18199.65,1150,9714550
20221122,09:36:18,18200.00,550,9714550
20221122,09:36:18,18200.00,400,9714550
20221122,09:36:20,18200.00,700,9714550
20221122,09:36:21,18196.40,3000,9714550
20221122,09:36:22,18198.75,750,9714550
20221122,09:36:23,18196.10,450,9714550
20221122,09:36:24,18196.00,250,9714550
20221122,09:36:25,18197.30,850,9714550
20221122,09:36:26,18196.00,300,9714550
20221122,09:36:27,18196.00,150,9714550
20221122,09:36:28,18197.75,100,9714550
20221122,09:36:29,18197.80,350,9714550
20221122,09:36:30,18197.80,350,9714550
20221122,09:36:31,18197.00,250,9714550
20221122,09:36:31,18197.00,50,9714550
20221122,09:36:34,18197.80,450,9714550
20221122,09:36:35,18198.85,300,9714550
20221122,09:36:36,18197.20,150,9714550
20221122,09:36:37,18198.00,350,9714550
20221122,09:36:37,18199.95,1050,9714550
20221122,09:36:39,18199.95,400,9714550
20221122,09:36:40,18198.00,350,9714550
20221122,09:36:41,18200.00,300,9714550
20221122,09:36:42,18198.65,150,9714550
20221122,09:36:43,18197.05,900,9714550
20221122,09:36:43,18200.00,150,9714550
20221122,09:36:45,18200.05,50,9714550
20221122,09:36:46,18200.00,200,9714550
20221122,09:36:47,18198.00,700,9714550
20221122,09:36:48,18200.00,300,9714550
20221122,09:36:49,18201.45,300,9714550
20221122,09:36:50,18198.20,300,9714550
20221122,09:36:53,18200.15,100,9714550
20221122,09:36:53,18198.15,350,9714550
20221122,09:36:55,18200.20,150,9714550
20221122,09:36:55,18200.00,200,9714550
20221122,09:36:57,18199.90,150,9714550
20221122,09:36:58,18199.85,50,9714550
20221122,09:36:59,18198.00,100,9714550
20221122,09:37:00,18198.20,450,9714550
20221122,09:37:01,18200.00,300,9714550
20221122,09:37:01,18200.00,50,9714550
20221122,09:37:03,18199.15,1400,9714550
20221122,09:37:04,18200.00,1150,9714550
20221122,09:37:05,18202.00,400,9714550
20221122,09:37:06,18200.55,100,9714550
20221122,09:37:07,18203.45,550,9714550
20221122,09:37:08,18201.30,50,9714550
20221122,09:37:09,18201.15,1300,9714550
20221122,09:37:10,18201.35,150,9714550
20221122,09:37:14,18205.00,1750,9714550
20221122,09:37:15,18207.15,1250,9714550
20221122,09:37:15,18207.00,150,9714550
20221122,09:37:17,18204.55,250,9714550
20221122,09:37:18,18207.35,650,9714550
20221122,09:37:19,18207.00,50,9714550
20221122,09:37:20,18207.90,600,9714550
20221122,09:37:21,18207.35,50,9714550
20221122,09:37:22,18205.55,200,9714550
20221122,09:37:23,18207.95,50,9714550
20221122,09:37:24,18208.95,1950,9714550
20221122,09:37:25,18208.85,400,9714550
20221122,09:37:26,18209.80,250,9714550
20221122,09:37:27,18210.00,2950,9714550
20221122,09:37:28,18211.80,1500,9714550
20221122,09:37:29,18213.15,1550,9714550
20221122,09:37:30,18212.10,850,9714550
20221122,09:37:31,18211.65,300,9714550
20221122,09:37:32,18210.75,750,9714550
20221122,09:37:33,18213.20,200,9714550
20221122,09:37:34,18211.85,350,9714550
20221122,09:37:35,18214.00,1850,9714550
20221122,09:37:35,18214.00,250,9714550
20221122,09:37:36,18214.60,550,9714550
20221122,09:37:37,18214.05,500,9714550
20221122,09:37:39,18214.80,250,9714550
20221122,09:37:40,18214.00,650,9714550
20221122,09:37:41,18214.60,300,9714550
20221122,09:37:42,18212.80,1150,9714550
20221122,09:37:43,18211.00,1650,9714550
20221122,09:37:44,18212.60,50,9714550
20221122,09:37:45,18212.95,2100,9714550
20221122,09:37:46,18212.90,1050,9714550
20221122,09:37:47,18212.05,50,9714550
20221122,09:37:48,18212.55,50,9714550
20221122,09:37:49,18211.00,500,9714550
20221122,09:37:50,18212.80,250,9714550
20221122,09:37:52,18211.20,1350,9714550
20221122,09:37:53,18213.00,350,9714550
20221122,09:37:54,18211.00,50,9714550
20221122,09:37:55,18213.05,300,9714550
20221122,09:37:56,18212.95,900,9714550
20221122,09:37:58,18211.35,150,9714550
20221122,09:37:59,18212.70,150,9714550
20221122,09:38:00,18212.95,250,9714550
20221122,09:38:01,18211.35,500,9714550
20221122,09:38:01,18211.20,850,9714550
20221122,09:38:03,18212.25,1400,9714550
20221122,09:38:04,18212.90,300,9714550
20221122,09:38:05,18213.00,1150,9714550
20221122,09:38:06,18212.25,200,9714550
20221122,09:38:07,18212.90,250,9714550
20221122,09:38:08,18213.00,500,9714550
20221122,09:38:09,18213.70,1950,9714550
20221122,09:38:10,18213.35,450,9714550
20221122,09:38:11,18212.75,600,9714550
20221122,09:38:12,18211.35,350,9714550
20221122,09:38:13,18212.30,1100,9714550
20221122,09:38:14,18212.85,100,9714550
20221122,09:38:16,18211.00,900,9714550
20221122,09:38:17,18211.15,950,9714550
20221122,09:38:18,18212.90,50,9714550
20221122,09:38:21,18212.90,300,9714550
20221122,09:38:23,18212.30,150,9714550
20221122,09:38:24,18213.30,1100,9714550
20221122,09:38:26,18213.80,750,9714550
20221122,09:38:27,18216.45,4900,9714550
20221122,09:38:28,18217.55,1300,9714550
20221122,09:38:29,18215.30,500,9714550
20221122,09:38:30,18215.70,150,9714550
20221122,09:38:31,18214.00,250,9714550
20221122,09:38:32,18214.00,150,9723200
20221122,09:38:33,18213.25,2600,9723200
20221122,09:38:34,18213.80,550,9723200
20221122,09:38:35,18213.55,1350,9723200
20221122,09:38:37,18212.35,1500,9723200
20221122,09:38:38,18213.80,900,9723200
20221122,09:38:39,18213.00,550,9723200
20221122,09:38:40,18212.70,400,9723200
20221122,09:38:42,18213.40,500,9723200
20221122,09:38:43,18212.00,300,9723200
20221122,09:38:44,18211.00,1950,9723200
20221122,09:38:45,18211.25,2250,9723200
20221122,09:38:47,18210.05,150,9723200
20221122,09:38:48,18211.00,1050,9723200
20221122,09:38:49,18213.00,2200,9723200
20221122,09:38:50,18211.80,300,9723200
20221122,09:38:51,18214.00,1150,9723200
20221122,09:38:52,18213.45,1300,9723200
20221122,09:38:53,18212.75,100,9723200
20221122,09:38:54,18211.00,3050,9723200
20221122,09:38:55,18213.05,2150,9723200
20221122,09:38:56,18212.90,350,9723200
20221122,09:38:58,18212.00,50,9723200
20221122,09:38:59,18212.25,850,9723200
20221122,09:39:00,18211.95,4100,9723200
20221122,09:39:01,18211.00,1450,9723200
20221122,09:39:02,18212.00,2600,9723200
20221122,09:39:04,18211.00,1300,9723200
20221122,09:39:05,18212.80,550,9723200
20221122,09:39:06,18211.05,700,9723200
20221122,09:39:07,18211.20,50,9723200
20221122,09:39:08,18213.00,1250,9723200
20221122,09:39:09,18211.50,450,9723200
20221122,09:39:10,18212.00,350,9723200
20221122,09:39:12,18212.05,2350,9723200
20221122,09:39:13,18211.50,100,9723200
20221122,09:39:14,18211.70,800,9723200
20221122,09:39:15,18211.50,1150,9723200
20221122,09:39:16,18211.40,2550,9723200
20221122,09:39:17,18211.25,600,9723200
20221122,09:39:18,18211.00,1350,9723200
20221122,09:39:19,18211.00,600,9723200
20221122,09:39:20,18210.70,1700,9723200
20221122,09:39:21,18211.95,50,9723200
20221122,09:39:22,18211.00,150,9723200
20221122,09:39:23,18212.00,150,9723200
20221122,09:39:24,18211.90,1100,9723200
20221122,09:39:25,18211.60,600,9723200
20221122,09:39:26,18211.00,150,9723200
20221122,09:39:27,18211.30,50,9723200
20221122,09:39:28,18211.20,950,9723200
20221122,09:39:29,18211.10,100,9723200
20221122,09:39:30,18210.70,250,9723200
20221122,09:39:31,18211.10,100,9723200
20221122,09:39:32,18211.40,400,9723200
20221122,09:39:33,18211.00,100,9723200
20221122,09:39:34,18212.00,300,9723200
20221122,09:39:35,18210.70,1400,9723200
20221122,09:39:36,18211.00,300,9723200
20221122,09:39:37,18212.70,150,9723200
20221122,09:39:38,18212.40,1250,9723200
20221122,09:39:39,18212.55,50,9723200
20221122,09:39:40,18212.55,100,9723200
20221122,09:39:41,18212.40,150,9723200
20221122,09:39:42,18212.20,150,9723200
20221122,09:39:43,18211.75,200,9723200
20221122,09:39:44,18213.00,250,9723200
20221122,09:39:45,18213.45,600,9723200
20221122,09:39:46,18213.40,100,9723200
20221122,09:39:47,18213.00,300,9723200
20221122,09:39:48,18213.20,1700,9723200
20221122,09:39:49,18213.20,1500,9723200
20221122,09:39:50,18213.20,600,9723200
20221122,09:39:51,18213.05,1150,9723200
20221122,09:39:52,18213.05,150,9723200
20221122,09:39:53,18211.60,150,9723200
20221122,09:39:54,18211.60,250,9723200
20221122,09:39:55,18212.00,250,9723200
20221122,09:39:56,18212.75,550,9723200
20221122,09:39:57,18212.80,1150,9723200
20221122,09:39:58,18212.80,50,9723200
20221122,09:39:59,18213.05,450,9723200
20221122,09:40:00,18212.75,750,9723200
20221122,09:40:01,18212.75,300,9723200
20221122,09:40:02,18212.75,150,9723200
20221122,09:40:03,18212.80,250,9723200
20221122,09:40:04,18212.75,250,9723200
20221122,09:40:05,18211.50,450,9723200
20221122,09:40:06,18211.55,1950,9723200
20221122,09:40:07,18209.50,17250,9723200
20221122,09:40:08,18210.05,900,9723200
20221122,09:40:09,18209.55,1100,9723200
20221122,09:40:11,18209.50,300,9723200
20221122,09:40:12,18209.55,350,9723200
20221122,09:40:13,18209.00,4200,9723200
20221122,09:40:14,18209.20,650,9723200
20221122,09:40:15,18209.55,2450,9723200
20221122,09:40:17,18210.00,300,9723200
20221122,09:40:18,18209.55,250,9723200
20221122,09:40:19,18210.85,400,9723200
20221122,09:40:20,18210.00,250,9723200
20221122,09:40:21,18210.00,100,9723200
20221122,09:40:22,18209.55,1650,9723200
20221122,09:40:24,18208.05,1000,9723200
20221122,09:40:25,18207.40,450,9723200
20221122,09:40:26,18211.85,750,9723200
20221122,09:40:27,18208.70,150,9723200
20221122,09:40:28,18208.50,150,9723200
20221122,09:40:29,18208.90,150,9723200
20221122,09:40:30,18210.00,100,9723200
20221122,09:40:31,18209.70,850,9723200
20221122,09:40:32,18212.00,200,9723200
20221122,09:40:34,18212.60,200,9723200
20221122,09:40:34,18210.35,50,9723200
20221122,09:40:35,18212.75,100,9723200
20221122,09:40:36,18210.60,250,9723200
20221122,09:40:37,18212.00,100,9723200
20221122,09:40:38,18212.95,50,9723200
20221122,09:40:40,18212.95,200,9723200
20221122,09:40:40,18213.00,200,9723200
20221122,09:40:41,18212.35,200,9723200
20221122,09:40:42,18214.00,700,9723200
20221122,09:40:43,18214.00,450,9723200
20221122,09:40:44,18213.25,250,9723200
20221122,09:40:46,18214.00,150,9723200
20221122,09:40:46,18213.25,100,9723200
20221122,09:40:47,18212.90,250,9723200
20221122,09:40:48,18211.55,250,9723200
20221122,09:40:49,18213.90,2450,9723200
20221122,09:40:50,18213.95,50,9723200
20221122,09:40:52,18214.00,100,9723200
20221122,09:40:53,18212.20,200,9723200
20221122,09:40:54,18213.80,250,9723200
20221122,09:40:55,18212.90,100,9723200
20221122,09:40:56,18212.75,250,9723200
20221122,09:40:58,18212.90,1050,9723200
20221122,09:40:59,18212.75,100,9723200
20221122,09:41:00,18212.75,700,9723200
20221122,09:41:01,18212.75,150,9723200
20221122,09:41:02,18212.75,150,9723200
20221122,09:41:03,18213.30,350,9723200
20221122,09:41:05,18215.00,100,9723200
20221122,09:41:05,18213.00,50,9723200
20221122,09:41:06,18213.30,150,9723200
20221122,09:41:07,18212.75,250,9723200
20221122,09:41:08,18212.75,300,9723200
20221122,09:41:09,18212.45,550,9723200
20221122,09:41:10,18214.75,100,9723200
20221122,09:41:12,18214.40,200,9723200
20221122,09:41:13,18212.00,200,9723200
20221122,09:41:14,18212.00,750,9723200
20221122,09:41:15,18212.90,700,9723200
20221122,09:41:17,18212.25,250,9723200
20221122,09:41:18,18212.25,450,9723200
20221122,09:41:19,18212.00,50,9723200
20221122,09:41:20,18211.00,50,9723200
20221122,09:41:21,18209.80,200,9723200
20221122,09:41:23,18210.30,250,9723200
20221122,09:41:24,18211.95,200,9723200
20221122,09:41:25,18210.70,250,9723200
20221122,09:41:26,18211.85,150,9723200
20221122,09:41:27,18210.70,150,9723200
20221122,09:41:28,18211.00,200,9723200
20221122,09:41:30,18210.30,150,9723200
20221122,09:41:30,18212.00,100,9723200
20221122,09:41:31,18212.00,150,9723200
20221122,09:41:32,18210.30,150,9723200
20221122,09:41:33,18210.30,50,9730750
20221122,09:41:34,18210.30,2000,9730750
20221122,09:41:36,18210.30,100,9730750
20221122,09:41:36,18212.00,50,9730750
20221122,09:41:37,18212.20,1900,9730750
20221122,09:41:38,18212.35,50,9730750
20221122,09:41:39,18212.00,150,9730750
20221122,09:41:40,18211.05,1150,9730750
20221122,09:41:42,18211.05,100,9730750
20221122,09:41:42,18211.85,50,9730750
20221122,09:41:43,18211.05,550,9730750
20221122,09:41:44,18213.00,800,9730750
20221122,09:41:45,18212.55,150,9730750
20221122,09:41:47,18211.00,100,9730750
20221122,09:41:49,18212.55,100,9730750
20221122,09:41:50,18211.05,100,9730750
20221122,09:41:51,18211.10,50,9730750
20221122,09:41:53,18211.10,100,9730750
20221122,09:41:54,18211.10,100,9730750
20221122,09:41:55,18211.10,350,9730750
20221122,09:41:59,18211.15,50,9730750
20221122,09:42:00,18211.10,2250,9730750
20221122,09:42:02,18210.30,50,9730750
20221122,09:42:04,18210.50,100,9730750
20221122,09:42:07,18210.90,200,9730750
20221122,09:42:08,18212.35,1350,9730750
20221122,09:42:10,18212.35,50,9730750
20221122,09:42:11,18212.80,50,9730750
20221122,09:42:12,18212.80,100,9730750
20221122,09:42:13,18213.00,50,9730750
20221122,09:42:14,18210.95,300,9730750
20221122,09:42:16,18213.00,300,9730750
20221122,09:42:18,18212.00,400,9730750
20221122,09:42:21,18210.05,200,9730750
20221122,09:42:22,18210.05,350,9730750
20221122,09:42:23,18210.80,100,9730750
20221122,09:42:24,18210.80,5550,9730750
20221122,09:42:26,18211.15,250,9730750
20221122,09:42:27,18212.90,100,9730750
20221122,09:42:29,18210.80,5650,9730750
20221122,09:42:32,18211.30,1200,9730750
20221122,09:42:33,18210.20,350,9730750
20221122,09:42:35,18210.80,100,9730750
20221122,09:42:36,18211.30,200,9730750
20221122,09:42:38,18210.30,100,9730750
20221122,09:42:41,18210.05,50,9730750
20221122,09:42:42,18210.05,250,9730750
20221122,09:42:43,18210.00,400,9730750
20221122,09:42:45,18209.95,4250,9730750
20221122,09:42:46,18209.95,550,9730750
20221122,09:42:47,18210.20,300,9730750
20221122,09:42:48,18209.95,150,9730750
20221122,09:42:50,18210.00,200,9730750
20221122,09:42:52,18208.20,200,9730750
20221122,09:42:53,18208.55,100,9730750
20221122,09:42:55,18209.30,11250,9730750
20221122,09:42:56,18208.00,150,9730750
20221122,09:42:56,18209.55,50,9730750
20221122,09:42:57,18209.55,250,9730750
20221122,09:42:58,18208.00,50,9730750
20221122,09:43:00,18208.95,1200,9730750
20221122,09:43:01,18208.20,100,9730750
20221122,09:43:02,18209.55,50,9730750
20221122,09:43:03,18209.55,50,9730750
20221122,09:43:05,18210.10,400,9730750
20221122,09:43:06,18210.00,50,9730750
20221122,09:43:07,18210.80,100,9730750
20221122,09:43:08,18210.00,100,9730750
20221122,09:43:10,18210.00,200,9730750
20221122,09:43:11,18210.30,150,9730750
20221122,09:43:12,18210.30,50,9730750
20221122,09:43:15,18212.00,750,9730750
20221122,09:43:16,18212.70,200,9730750
20221122,09:43:16,18212.00,50,9730750
20221122,09:43:17,18212.00,200,9730750
20221122,09:43:18,18212.45,150,9730750
20221122,09:43:20,18212.00,300,9730750
20221122,09:43:21,18212.55,350,9730750
20221122,09:43:23,18212.45,50,9730750
20221122,09:43:24,18212.05,100,9730750
20221122,09:43:25,18212.05,50,9730750
20221122,09:43:26,18212.00,700,9730750
20221122,09:43:28,18212.00,200,9730750
20221122,09:43:29,18212.00,200,9730750
20221122,09:43:30,18212.00,100,9730750
20221122,09:43:31,18212.00,50,9730750
20221122,09:43:32,18212.00,11250,9730750
20221122,09:43:33,18212.00,150,9730750
20221122,09:43:35,18212.00,1000,9730750
20221122,09:43:36,18212.05,350,9730750
20221122,09:43:36,18212.05,550,9730750
20221122,09:43:37,18211.00,850,9730750
20221122,09:43:38,18210.00,100,9730750
20221122,09:43:40,18210.80,50,9730750
20221122,09:43:41,18210.40,150,9730750
20221122,09:43:43,18210.00,200,9730750
20221122,09:43:48,18210.30,300,9730750
20221122,09:43:49,18210.30,1100,9730750
20221122,09:43:50,18210.30,11150,9730750
20221122,09:43:52,18212.00,200,9730750
20221122,09:43:54,18211.80,150,9730750
20221122,09:43:56,18211.10,100,9730750
20221122,09:43:56,18211.35,100,9730750
20221122,09:43:57,18211.40,50,9730750
20221122,09:43:59,18211.40,50,9730750
20221122,09:44:01,18211.55,50,9730750
20221122,09:44:02,18212.00,300,9730750
20221122,09:44:03,18213.00,500,9730750
20221122,09:44:04,18214.00,200,9730750
20221122,09:44:07,18212.25,50,9730750
20221122,09:44:08,18213.85,150,9730750
20221122,09:44:10,18212.30,50,9730750
20221122,09:44:11,18213.65,100,9730750
20221122,09:44:15,18213.60,200,9730750
20221122,09:44:16,18213.60,50,9730750
20221122,09:44:17,18213.50,50,9730750
20221122,09:44:19,18212.25,150,9730750
20221122,09:44:21,18213.10,100,9730750
20221122,09:44:21,18212.00,200,9730750
20221122,09:44:22,18212.95,100,9730750
20221122,09:44:23,18212.25,150,9730750
20221122,09:44:25,18212.35,250,9730750
20221122,09:44:27,18212.30,250,9730750
20221122,09:44:27,18212.80,50,9730750
20221122,09:44:28,18212.80,150,9730750
20221122,09:44:30,18213.00,100,9730750
20221122,09:44:32,18211.90,50,9730750
20221122,09:44:33,18211.70,50,9730550
20221122,09:44:33,18212.00,250,9730550
20221122,09:44:35,18212.80,50,9730550
20221122,09:44:39,18212.60,50,9730550
20221122,09:44:40,18212.60,200,9730550
20221122,09:44:41,18212.80,100,9730550
20221122,09:44:46,18212.85,350,9730550
20221122,09:44:48,18212.70,100,9730550
20221122,09:44:50,18213.00,1300,9730550
20221122,09:44:52,18213.40,50,9730550
20221122,09:44:53,18213.40,100,9730550
20221122,09:44:55,18213.30,50,9730550
20221122,09:44:56,18213.05,50,9730550
20221122,09:44:58,18214.80,950,9730550
20221122,09:44:58,18216.50,3250,9730550
20221122,09:44:59,18216.50,150,9730550
20221122,09:45:00,18217.00,350,9730550
20221122,09:45:01,18217.10,250,9730550
20221122,09:45:02,18218.30,1500,9730550
20221122,09:45:04,18219.20,900,9730550
20221122,09:45:05,18220.00,6150,9730550
20221122,09:45:06,18220.40,1350,9730550
20221122,09:45:07,18220.85,350,9730550
20221122,09:45:08,18220.30,350,9730550
20221122,09:45:09,18220.30,1750,9730550
20221122,09:45:10,18219.65,450,9730550
20221122,09:45:11,18220.15,2350,9730550
20221122,09:45:12,18218.90,1650,9730550
20221122,09:45:12,18218.40,50,9730550
20221122,09:45:13,18218.45,500,9730550
20221122,09:45:15,18218.60,200,9730550
20221122,09:45:16,18218.25,150,9730550
20221122,09:45:17,18218.60,100,9730550
20221122,09:45:18,18217.85,1750,9730550
20221122,09:45:19,18218.00,1550,9730550
20221122,09:45:20,18218.60,200,9730550
20221122,09:45:21,18215.80,500,9730550
20221122,09:45:22,18218.00,350,9730550
20221122,09:45:23,18217.95,100,9730550
20221122,09:45:24,18218.05,100,9730550
20221122,09:45:25,18217.90,200,9730550
20221122,09:45:26,18217.95,200,9730550
20221122,09:45:27,18217.65,250,9730550
20221122,09:45:28,18218.30,350,9730550
20221122,09:45:30,18217.95,1250,9730550
20221122,09:45:31,18217.70,850,9730550
20221122,09:45:32,18217.70,100,9730550
20221122,09:45:33,18217.00,100,9730550
20221122,09:45:35,18217.65,100,9730550
20221122,09:45:36,18217.75,350,9730550
20221122,09:45:37,18217.65,150,9730550
20221122,09:45:39,18218.35,300,9730550
20221122,09:45:40,18217.40,50,9730550
20221122,09:45:41,18217.40,100,9730550
20221122,09:45:41,18217.05,200,9730550
20221122,09:45:42,18217.60,150,9730550
20221122,09:45:43,18217.10,100,9730550
20221122,09:45:44,18217.40,100,9730550
20221122,09:45:46,18217.65,1200,9730550
20221122,09:45:47,18217.05,100,9730550
20221122,09:45:48,18217.90,2400,9730550
20221122,09:45:49,18217.30,150,9730550
20221122,09:45:50,18217.30,50,9730550
20221122,09:45:51,18217.05,250,9730550
20221122,09:45:52,18217.00,200,9730550
20221122,09:45:53,18217.45,100,9730550
20221122,09:45:56,18217.00,350,9730550
20221122,09:45:57,18215.35,2400,9730550
20221122,09:45:58,18215.40,100,9730550
20221122,09:45:59,18217.50,250,9730550
20221122,09:46:00,18217.15,250,9730550
20221122,09:46:01,18217.25,100,9730550
20221122,09:46:03,18217.50,100,9730550
20221122,09:46:04,18217.55,350,9730550
20221122,09:46:05,18217.50,600,9730550
20221122,09:46:06,18217.45,200,9730550
20221122,09:46:07,18217.15,1050,9730550
20221122,09:46:09,18217.20,550,9730550
20221122,09:46:10,18218.80,950,9730550
20221122,09:46:11,18219.70,250,9730550
20221122,09:46:12,18220.60,2000,9730550
20221122,09:46:13,18219.95,450,9730550
20221122,09:46:15,18219.95,1100,9730550
20221122,09:46:16,18220.30,200,9730550
20221122,09:46:17,18219.70,100,9730550
20221122,09:46:17,18219.20,100,9730550
20221122,09:46:18,18217.50,100,9730550
20221122,09:46:20,18218.30,200,9730550
20221122,09:46:21,18219.80,1900,9730550
20221122,09:46:22,18217.50,450,9730550
20221122,09:46:23,18217.50,50,9730550
20221122,09:46:24,18217.15,4400,9730550
20221122,09:46:25,18217.60,300,9730550
20221122,09:46:26,18220.90,600,9730550
20221122,09:46:27,18220.75,150,9730550
20221122,09:46:28,18220.30,1700,9730550
20221122,09:46:29,18221.40,300,9730550
20221122,09:46:30,18220.00,1450,9730550
20221122,09:46:33,18221.60,750,9730550
20221122,09:46:34,18221.10,1600,9730550
20221122,09:46:35,18219.30,600,9730550
20221122,09:46:36,18219.30,150,9730550
20221122,09:46:37,18219.30,250,9730550
20221122,09:46:38,18219.10,150,9730550
20221122,09:46:40,18219.00,200,9730550
20221122,09:46:41,18219.00,650,9730550
20221122,09:46:42,18219.00,150,9730550
20221122,09:46:44,18219.00,750,9730550
20221122,09:46:46,18219.05,1600,9730550
20221122,09:46:47,18218.95,100,9730550
20221122,09:46:48,18218.70,500,9730550
20221122,09:46:48,18218.35,500,9730550
20221122,09:46:49,18218.05,1950,9730550
20221122,09:46:50,18218.05,550,9730550
20221122,09:46:52,18218.05,1100,9730550
20221122,09:46:53,18218.70,150,9730550
20221122,09:46:54,18218.05,650,9730550
20221122,09:46:54,18218.00,150,9730550
20221122,09:46:55,18217.75,250,9730550
20221122,09:46:56,18218.30,100,9730550
20221122,09:46:59,18218.70,250,9730550
20221122,09:47:00,18217.75,1250,9730550
20221122,09:47:01,18219.60,1200,9730550
20221122,09:47:01,18219.00,300,9730550
20221122,09:47:02,18219.75,100,9730550
20221122,09:47:03,18219.75,100,9730550
20221122,09:47:05,18219.25,250,9730550
20221122,09:47:06,18219.00,750,9730550
20221122,09:47:07,18218.00,700,9730550
20221122,09:47:08,18218.00,50,9730550
20221122,09:47:09,18217.00,5350,9730550
20221122,09:47:11,18217.05,350,9730550
20221122,09:47:12,18216.00,2250,9730550
20221122,09:47:13,18216.40,450,9730550
20221122,09:47:14,18216.40,2000,9730550
20221122,09:47:15,18216.45,300,9730550
20221122,09:47:17,18216.45,150,9730550
20221122,09:47:18,18216.45,100,9730550
20221122,09:47:19,18217.10,800,9730550
20221122,09:47:20,18217.00,1100,9730550
20221122,09:47:20,18216.55,100,9730550
20221122,09:47:23,18215.00,150,9730550
20221122,09:47:24,18215.00,100,9730550
20221122,09:47:25,18214.90,200,9730550
20221122,09:47:27,18214.20,500,9730550
20221122,09:47:29,18214.00,100,9730550
20221122,09:47:30,18214.15,200,9730550
20221122,09:47:31,18216.55,50,9730550
20221122,09:47:33,18216.50,1550,9730550
20221122,09:47:34,18216.15,150,9752050
20221122,09:47:35,18214.50,150,9752050
20221122,09:47:36,18214.10,50,9752050
20221122,09:47:37,18215.00,100,9752050
20221122,09:47:39,18215.00,150,9752050
20221122,09:47:41,18214.10,250,9752050
20221122,09:47:42,18213.50,150,9752050
20221122,09:47:42,18214.10,100,9752050
20221122,09:47:44,18214.00,200,9752050
20221122,09:47:45,18214.15,100,9752050
20221122,09:47:46,18215.50,200,9752050
20221122,09:47:47,18216.00,150,9752050
20221122,09:47:48,18217.75,450,9752050
20221122,09:47:49,18214.55,800,9752050
20221122,09:47:50,18215.50,300,9752050
20221122,09:47:51,18217.90,250,9752050
20221122,09:47:53,18217.95,200,9752050
20221122,09:47:54,18217.15,700,9752050
20221122,09:47:55,18216.90,500,9752050
20221122,09:47:56,18217.90,50,9752050
20221122,09:47:58,18216.90,50,9752050
20221122,09:47:59,18216.95,50,9752050
20221122,09:48:00,18216.90,200,9752050
20221122,09:48:01,18216.90,200,9752050
20221122,09:48:02,18216.35,100,9752050
20221122,09:48:04,18216.90,100,9752050
20221122,09:48:06,18216.35,650,9752050
20221122,09:48:07,18216.90,350,9752050
20221122,09:48:08,18216.90,1550,9752050
20221122,09:48:09,18218.00,200,9752050
20221122,09:48:10,18218.00,800,9752050
20221122,09:48:11,18219.75,1150,9752050
20221122,09:48:12,18219.95,250,9752050
20221122,09:48:14,18219.95,50,9752050
20221122,09:48:16,18216.70,900,9752050
20221122,09:48:17,18218.60,100,9752050
20221122,09:48:19,18219.20,150,9752050
20221122,09:48:20,18219.85,150,9752050
20221122,09:48:21,18219.65,50,9752050
20221122,09:48:23,18219.60,50,9752050
20221122,09:48:24,18218.10,100,9752050
20221122,09:48:26,18219.50,750,9752050
20221122,09:48:27,18219.50,200,9752050
20221122,09:48:27,18219.50,100,9752050
20221122,09:48:28,18219.55,250,9752050
20221122,09:48:30,18219.95,1050,9752050
20221122,09:48:32,18218.10,150,9752050
20221122,09:48:34,18219.00,850,9752050
20221122,09:48:35,18219.90,100,9752050
20221122,09:48:36,18219.50,50,9752050
20221122,09:48:38,18219.00,350,9752050
20221122,09:48:39,18216.10,2250,9752050
20221122,09:48:41,18220.25,350,9752050
20221122,09:48:42,18220.90,650,9752050
20221122,09:48:43,18219.55,150,9752050
20221122,09:48:44,18220.00,150,9752050
20221122,09:48:45,18219.55,100,9752050
20221122,09:48:46,18219.55,950,9752050
20221122,09:48:47,18218.10,150,9752050
20221122,09:48:48,18219.85,300,9752050
20221122,09:48:49,18219.10,50,9752050
20221122,09:48:50,18219.50,100,9752050
20221122,09:48:51,18218.00,350,9752050
20221122,09:48:52,18219.75,650,9752050
20221122,09:48:53,18219.80,250,9752050
20221122,09:48:54,18219.50,850,9752050
20221122,09:48:56,18219.50,300,9752050
20221122,09:48:57,18217.45,650,9752050
20221122,09:48:59,18217.95,50,9752050
20221122,09:49:01,18218.00,100,9752050
20221122,09:49:03,18217.35,1200,9752050
20221122,09:49:04,18217.85,650,9752050
20221122,09:49:05,18218.35,800,9752050
20221122,09:49:06,18218.15,1200,9752050
20221122,09:49:07,18217.90,700,9752050
20221122,09:49:07,18217.70,50,9752050
20221122,09:49:09,18217.70,50,9752050
20221122,09:49:10,18216.00,150,9752050
20221122,09:49:11,18217.55,200,9752050
20221122,09:49:12,18218.35,300,9752050
20221122,09:49:13,18217.65,50,9752050
20221122,09:49:15,18217.25,450,9752050
20221122,09:49:18,18216.00,100,9752050
20221122,09:49:20,18216.30,200,9752050
20221122,09:49:21,18218.70,50,9752050
20221122,09:49:23,18216.50,50,9752050
20221122,09:49:24,18219.00,200,9752050
20221122,09:49:25,18219.70,150,9752050
20221122,09:49:27,18219.70,300,9752050
20221122,09:49:28,18220.00,200,9752050
20221122,09:49:30,18220.00,300,9752050
20221122,09:49:32,18220.00,700,9752050
20221122,09:49:33,18220.00,100,9752050
20221122,09:49:34,18218.10,100,9752050
20221122,09:49:35,18218.10,100,9752050
20221122,09:49:39,18220.00,50,9752050
20221122,09:49:40,18220.35,150,9752050
20221122,09:49:41,18220.00,50,9752050
20221122,09:49:42,18220.35,200,9752050
20221122,09:49:44,18220.95,2400,9752050
20221122,09:49:45,18221.00,200,9752050
20221122,09:49:46,18219.65,250,9752050
20221122,09:49:47,18219.80,50,9752050
20221122,09:49:48,18220.90,350,9752050
20221122,09:49:49,18220.90,50,9752050
20221122,09:49:50,18221.45,150,9752050
20221122,09:49:53,18220.00,150,9752050
20221122,09:49:55,18220.00,100,9752050
20221122,09:49:56,18220.90,50,9752050
20221122,09:49:57,18220.00,100,9752050
20221122,09:49:58,18220.90,600,9752050
20221122,09:49:59,18220.00,350,9752050
20221122,09:50:01,18221.45,50,9752050
20221122,09:50:02,18220.80,1900,9752050
20221122,09:50:03,18220.70,100,9752050
20221122,09:50:04,18222.70,750,9752050
20221122,09:50:05,18222.65,300,9752050
20221122,09:50:06,18222.90,500,9752050
20221122,09:50:07,18222.90,300,9752050
20221122,09:50:08,18222.85,250,9752050
20221122,09:50:09,18223.00,950,9752050
20221122,09:50:10,18223.55,450,9752050
20221122,09:50:11,18222.25,700,9752050
20221122,09:50:13,18223.15,400,9752050
20221122,09:50:14,18222.20,650,9752050
20221122,09:50:15,18223.25,850,9752050
20221122,09:50:16,18222.60,400,9752050
20221122,09:50:17,18223.15,800,9752050
20221122,09:50:19,18222.80,550,9752050
20221122,09:50:20,18222.50,1100,9752050
20221122,09:50:21,18222.00,450,9752050
20221122,09:50:22,18222.10,250,9752050
20221122,09:50:23,18222.00,750,9752050
20221122,09:50:24,18222.30,250,9752050
20221122,09:50:25,18222.00,500,9752050
20221122,09:50:26,18222.00,1400,9752050
20221122,09:50:28,18221.55,650,9752050
20221122,09:50:29,18221.70,200,9752050
20221122,09:50:31,18219.10,1150,9752050
20221122,09:50:33,18219.20,300,9752050
20221122,09:50:34,18219.30,950,9747950
20221122,09:50:35,18218.40,600,9747950
20221122,09:50:36,18219.45,50,9747950
20221122,09:50:38,18220.00,200,9747950
20221122,09:50:39,18219.00,550,9747950
20221122,09:50:40,18220.45,500,9747950
20221122,09:50:41,18218.15,100,9747950
20221122,09:50:44,18219.10,50,9747950
20221122,09:50:45,18220.65,450,9747950
20221122,09:50:46,18220.55,2000,9747950
20221122,09:50:47,18219.65,50,9747950
20221122,09:50:48,18220.00,50,9747950
20221122,09:50:49,18220.80,650,9747950
20221122,09:50:50,18220.00,200,9747950
20221122,09:50:51,18220.00,100,9747950
20221122,09:50:53,18221.40,150,9747950
20221122,09:50:54,18221.55,100,9747950
20221122,09:50:55,18219.10,50,9747950
20221122,09:50:56,18219.10,450,9747950
20221122,09:50:57,18221.30,250,9747950
20221122,09:50:58,18221.30,50,9747950
20221122,09:51:00,18218.80,50,9747950
20221122,09:51:01,18219.10,200,9747950
20221122,09:51:02,18220.00,300,9747950
20221122,09:51:03,18218.80,300,9747950
20221122,09:51:05,18218.45,250,9747950
20221122,09:51:06,18220.25,100,9747950
20221122,09:51:07,18218.45,600,9747950
20221122,09:51:11,18218.45,300,9747950
20221122,09:51:12,18218.80,50,9747950
20221122,09:51:13,18218.80,50,9747950
20221122,09:51:14,18221.00,500,9747950
20221122,09:51:15,18220.30,50,9747950
20221122,09:51:16,18220.30,50,9747950
20221122,09:51:18,18221.00,500,9747950
20221122,09:51:19,18221.35,100,9747950
20221122,09:51:20,18221.90,100,9747950
20221122,09:51:21,18222.10,800,9747950
20221122,09:51:22,18222.80,800,9747950
20221122,09:51:25,18222.30,300,9747950
20221122,09:51:26,18224.00,5400,9747950
20221122,09:51:27,18225.00,900,9747950
20221122,09:51:28,18224.40,1950,9747950
20221122,09:51:29,18224.80,150,9747950
20221122,09:51:30,18224.80,800,9747950
20221122,09:51:31,18226.00,2250,9747950
20221122,09:51:32,18224.80,450,9747950
20221122,09:51:33,18226.40,1600,9747950
20221122,09:51:35,18226.90,50,9747950
20221122,09:51:36,18227.20,550,9747950
20221122,09:51:37,18227.20,250,9747950
20221122,09:51:38,18226.95,100,9747950
20221122,09:51:39,18222.60,750,9747950
20221122,09:51:41,18223.20,600,9747950
20221122,09:51:42,18223.30,300,9747950
20221122,09:51:43,18225.20,1150,9747950
20221122,09:51:44,18225.00,1100,9747950
20221122,09:51:45,18223.30,50,9747950
20221122,09:51:46,18223.30,50,9747950
20221122,09:51:47,18225.00,150,9747950
20221122,09:51:48,18224.55,100,9747950
20221122,09:51:49,18225.70,300,9747950
20221122,09:51:51,18225.00,50,9747950
20221122,09:51:51,18225.55,50,9747950
20221122,09:51:52,18225.00,100,9747950
20221122,09:51:53,18225.05,400,9747950
20221122,09:51:54,18225.15,150,9747950
20221122,09:51:56,18223.30,100,9747950
20221122,09:51:57,18223.30,600,9747950
20221122,09:51:58,18224.55,650,9747950
20221122,09:51:59,18224.55,50,9747950
20221122,09:52:01,18224.55,200,9747950
20221122,09:52:01,18224.55,50,9747950
20221122,09:52:02,18224.55,350,9747950
20221122,09:52:03,18225.00,500,9747950
20221122,09:52:04,18224.15,150,9747950
20221122,09:52:06,18222.05,100,9747950
20221122,09:52:06,18222.00,50,9747950
20221122,09:52:08,18220.65,1250,9747950
20221122,09:52:09,18222.90,350,9747950
20221122,09:52:11,18222.30,200,9747950
20221122,09:52:11,18222.95,50,9747950
20221122,09:52:12,18220.65,350,9747950
20221122,09:52:13,18220.90,250,9747950
20221122,09:52:14,18222.35,900,9747950
20221122,09:52:16,18223.45,550,9747950
20221122,09:52:16,18223.95,150,9747950
20221122,09:52:17,18223.85,50,9747950
20221122,09:52:18,18224.30,150,9747950
20221122,09:52:19,18224.25,100,9747950
20221122,09:52:21,18222.90,250,9747950
20221122,09:52:21,18223.95,50,9747950
20221122,09:52:23,18224.95,1050,9747950
20221122,09:52:24,18224.95,500,9747950
20221122,09:52:25,18222.80,300,9747950
20221122,09:52:26,18224.65,100,9747950
20221122,09:52:27,18224.40,50,9747950
20221122,09:52:28,18222.80,100,9747950
20221122,09:52:29,18222.80,200,9747950
20221122,09:52:30,18224.10,50,9747950
20221122,09:52:31,18223.70,50,9747950
20221122,09:52:32,18224.40,550,9747950
20221122,09:52:33,18224.60,250,9747950
20221122,09:52:35,18224.00,50,9747950
20221122,09:52:36,18222.40,100,9747950
20221122,09:52:37,18224.10,100,9747950
20221122,09:52:38,18222.45,100,9747950
20221122,09:52:39,18224.60,50,9747950
20221122,09:52:40,18224.40,1050,9747950
20221122,09:52:41,18224.65,250,9747950
20221122,09:52:42,18224.60,100,9747950
20221122,09:52:43,18224.30,50,9747950
20221122,09:52:44,18225.65,1600,9747950
20221122,09:52:45,18225.40,550,9747950
20221122,09:52:46,18224.25,650,9747950
20221122,09:52:47,18221.75,200,9747950
20221122,09:52:48,18224.60,250,9747950
20221122,09:52:49,18225.40,100,9747950
20221122,09:52:50,18224.65,150,9747950
20221122,09:52:51,18224.65,350,9747950
20221122,09:52:53,18226.00,1200,9747950
20221122,09:52:53,18223.85,450,9747950
20221122,09:52:54,18226.00,600,9747950
20221122,09:52:55,18225.00,550,9747950
20221122,09:52:56,18225.00,300,9747950
20221122,09:52:57,18225.90,450,9747950
20221122,09:52:59,18225.85,300,9747950
20221122,09:52:59,18225.90,100,9747950
20221122,09:53:01,18224.00,50,9747950
20221122,09:53:02,18225.80,200,9747950
20221122,09:53:04,18226.10,50,9747950
20221122,09:53:04,18224.50,50,9747950
20221122,09:53:05,18225.60,500,9747950
20221122,09:53:06,18225.35,150,9747950
20221122,09:53:09,18224.00,150,9747950
20221122,09:53:09,18224.95,1550,9747950
20221122,09:53:10,18224.50,650,9747950
20221122,09:53:11,18225.35,250,9747950
20221122,09:53:12,18224.80,150,9747950
20221122,09:53:14,18224.95,50,9747950
20221122,09:53:14,18225.05,50,9747950
20221122,09:53:16,18225.00,250,9747950
20221122,09:53:17,18224.95,400,9747950
20221122,09:53:18,18225.15,100,9747950
20221122,09:53:19,18225.00,100,9747950
20221122,09:53:21,18225.15,50,9747950
20221122,09:53:23,18224.00,250,9747950
20221122,09:53:24,18225.60,50,9747950
20221122,09:53:26,18225.35,150,9747950
20221122,09:53:28,18225.35,300,9747950
20221122,09:53:28,18225.15,100,9747950
20221122,09:53:29,18225.10,50,9747950
20221122,09:53:31,18224.00,100,9747950
20221122,09:53:33,18224.10,200,9747950
20221122,09:53:33,18225.15,50,9747950
20221122,09:53:34,18224.10,200,9747950
20221122,09:53:35,18225.00,200,9754100
20221122,09:53:36,18225.25,300,9754100
20221122,09:53:37,18224.00,250,9754100
20221122,09:53:38,18225.00,150,9754100
20221122,09:53:39,18225.45,50,9754100
20221122,09:53:40,18224.00,50,9754100
20221122,09:53:41,18225.00,50,9754100
20221122,09:53:43,18224.10,100,9754100
20221122,09:53:44,18223.75,100,9754100
20221122,09:53:45,18223.90,150,9754100
20221122,09:53:47,18223.90,150,9754100
20221122,09:53:48,18225.60,50,9754100
20221122,09:53:48,18225.05,50,9754100
20221122,09:53:49,18225.05,50,9754100
20221122,09:53:50,18225.95,100,9754100
20221122,09:53:51,18225.05,50,9754100
20221122,09:53:52,18225.00,50,9754100
20221122,09:53:53,18225.95,50,9754100
20221122,09:53:54,18225.95,350,9754100
20221122,09:53:55,18225.85,850,9754100
20221122,09:53:56,18227.90,650,9754100
20221122,09:53:57,18227.95,150,9754100
20221122,09:53:58,18227.00,400,9754100
20221122,09:53:59,18225.95,250,9754100
20221122,09:54:00,18225.15,1700,9754100
20221122,09:54:01,18227.35,1450,9754100
20221122,09:54:02,18229.15,1900,9754100
20221122,09:54:03,18228.45,3400,9754100
20221122,09:54:04,18228.55,1750,9754100
20221122,09:54:05,18230.60,1800,9754100
20221122,09:54:06,18230.65,300,9754100
20221122,09:54:07,18232.60,13900,9754100
20221122,09:54:09,18232.70,2550,9754100
20221122,09:54:09,18232.70,150,9754100
20221122,09:54:10,18232.55,1000,9754100
20221122,09:54:11,18232.85,950,9754100
20221122,09:54:13,18232.05,450,9754100
20221122,09:54:14,18232.20,250,9754100
20221122,09:54:14,18232.00,250,9754100
20221122,09:54:15,18230.65,350,9754100
20221122,09:54:16,18230.25,750,9754100
20221122,09:54:17,18229.45,650,9754100
20221122,09:54:19,18229.75,750,9754100
20221122,09:54:20,18230.75,1550,9754100
20221122,09:54:21,18230.85,600,9754100
20221122,09:54:22,18230.95,200,9754100
20221122,09:54:23,18228.85,350,9754100
20221122,09:54:24,18230.00,250,9754100
20221122,09:54:26,18228.80,650,9754100
20221122,09:54:27,18230.55,600,9754100
20221122,09:54:28,18230.25,350,9754100
20221122,09:54:29,18228.85,1900,9754100
20221122,09:54:30,18228.85,1000,9754100
20221122,09:54:32,18230.00,400,9754100
20221122,09:54:33,18229.15,300,9754100
20221122,09:54:33,18229.10,200,9754100
20221122,09:54:34,18229.95,300,9754100
20221122,09:54:35,18230.00,100,9754100
20221122,09:54:37,18229.15,350,9754100
20221122,09:54:38,18230.25,500,9754100
20221122,09:54:38,18230.25,50,9754100
20221122,09:54:39,18230.25,2100,9754100
20221122,09:54:40,18230.25,150,9754100
20221122,09:54:42,18231.00,500,9754100
20221122,09:54:43,18230.25,1100,9754100
20221122,09:54:43,18230.25,2000,9754100
20221122,09:54:44,18230.70,200,9754100
20221122,09:54:45,18230.50,650,9754100
20221122,09:54:47,18230.25,1000,9754100
20221122,09:54:48,18230.30,100,9754100
20221122,09:54:49,18230.25,150,9754100
20221122,09:54:50,18231.00,2850,9754100
20221122,09:54:52,18231.85,50,9754100
20221122,09:54:53,18230.95,250,9754100
20221122,09:54:54,18232.00,400,9754100
20221122,09:54:55,18230.95,200,9754100
20221122,09:54:56,18231.00,2050,9754100
20221122,09:54:58,18231.00,50,9754100
20221122,09:54:59,18230.95,250,9754100
20221122,09:55:00,18231.00,300,9754100
20221122,09:55:01,18231.70,1050,9754100
20221122,09:55:02,18232.00,1150,9754100
20221122,09:55:04,18232.00,2750,9754100
20221122,09:55:05,18233.90,1950,9754100
20221122,09:55:05,18231.60,50,9754100
20221122,09:55:06,18231.45,150,9754100
20221122,09:55:07,18231.60,650,9754100
20221122,09:55:09,18231.65,200,9754100
20221122,09:55:10,18230.90,2000,9754100
20221122,09:55:10,18231.00,50,9754100
20221122,09:55:11,18231.35,1050,9754100
20221122,09:55:12,18230.00,1800,9754100
20221122,09:55:14,18230.00,550,9754100
20221122,09:55:15,18228.85,1300,9754100
20221122,09:55:15,18228.85,450,9754100
20221122,09:55:16,18228.85,250,9754100
20221122,09:55:17,18228.00,900,9754100
20221122,09:55:19,18229.65,700,9754100
20221122,09:55:20,18228.05,600,9754100
20221122,09:55:20,18229.45,450,9754100
20221122,09:55:21,18229.95,750,9754100
20221122,09:55:22,18227.70,600,9754100
20221122,09:55:23,18228.10,800,9754100
20221122,09:55:24,18227.55,4050,9754100
20221122,09:55:25,18228.00,600,9754100
20221122,09:55:27,18229.90,150,9754100
20221122,09:55:28,18227.70,1200,9754100
20221122,09:55:28,18229.60,350,9754100
20221122,09:55:29,18227.55,600,9754100
20221122,09:55:30,18227.40,550,9754100
20221122,09:55:31,18228.80,1000,9754100
20221122,09:55:33,18227.85,1000,9754100
20221122,09:55:34,18229.15,450,9754100
20221122,09:55:34,18229.20,100,9754100
20221122,09:55:35,18228.00,100,9754100
20221122,09:55:36,18229.45,100,9754100
20221122,09:55:37,18227.55,100,9754100
20221122,09:55:39,18227.55,1000,9754100
20221122,09:55:40,18227.60,350,9754100
20221122,09:55:41,18227.60,200,9754100
20221122,09:55:41,18229.55,50,9754100
20221122,09:55:42,18227.40,1150,9754100
20221122,09:55:43,18227.55,400,9754100
20221122,09:55:44,18227.90,150,9754100
20221122,09:55:46,18229.45,950,9754100
20221122,09:55:47,18228.00,300,9754100
20221122,09:55:47,18227.95,50,9754100
20221122,09:55:48,18228.05,50,9754100
20221122,09:55:49,18229.15,250,9754100
20221122,09:55:50,18228.95,1100,9754100
20221122,09:55:52,18228.95,800,9754100
20221122,09:55:53,18228.85,1000,9754100
20221122,09:55:53,18229.00,250,9754100
20221122,09:55:54,18228.10,250,9754100
20221122,09:55:55,18228.65,300,9754100
20221122,09:55:56,18228.10,1100,9754100
20221122,09:55:58,18229.30,700,9754100
20221122,09:55:59,18229.50,350,9754100
20221122,09:55:59,18229.30,100,9754100
20221122,09:56:00,18228.90,350,9754100
20221122,09:56:01,18228.90,250,9754100
20221122,09:56:02,18229.00,250,9754100
20221122,09:56:04,18229.65,1050,9754100
20221122,09:56:05,18228.85,500,9754100
20221122,09:56:05,18228.85,100,9754100
20221122,09:56:06,18228.60,2750,9754100
20221122,09:56:07,18228.85,1700,9754100
20221122,09:56:09,18228.80,350,9754100
20221122,09:56:10,18228.75,100,9754100
20221122,09:56:10,18228.50,100,9754100
20221122,09:56:11,18228.00,150,9754100
20221122,09:56:12,18228.40,300,9754100
20221122,09:56:13,18228.00,1350,9754100
20221122,09:56:15,18226.95,1200,9754100
20221122,09:56:16,18226.85,450,9754100
20221122,09:56:17,18226.50,250,9754100
20221122,09:56:18,18226.00,2500,9754100
20221122,09:56:19,18227.00,950,9754100
20221122,09:56:20,18227.50,1050,9754100
20221122,09:56:21,18227.60,550,9754100
20221122,09:56:23,18225.05,400,9754100
20221122,09:56:24,18227.50,150,9754100
20221122,09:56:26,18227.75,200,9754100
20221122,09:56:27,18227.10,50,9754100
20221122,09:56:29,18227.60,600,9754100
20221122,09:56:30,18225.25,100,9754100
20221122,09:56:32,18227.70,250,9754100
20221122,09:56:34,18227.00,300,9754100
20221122,09:56:38,18225.05,500,9791750
20221122,09:56:38,18226.45,250,9791750
20221122,09:56:39,18226.50,200,9791750
20221122,09:56:41,18226.45,100,9791750
20221122,09:56:42,18225.90,50,9791750
20221122,09:56:43,18227.50,1750,9791750
20221122,09:56:44,18227.65,150,9791750
20221122,09:56:44,18227.65,100,9791750
20221122,09:56:45,18227.65,200,9791750
20221122,09:56:46,18226.45,2150,9791750
20221122,09:56:48,18227.00,700,9791750
20221122,09:56:49,18226.55,350,9791750
20221122,09:56:50,18226.55,150,9791750
20221122,09:56:50,18227.65,150,9791750
20221122,09:56:51,18228.00,250,9791750
20221122,09:56:53,18227.65,250,9791750
20221122,09:56:54,18229.50,2000,9791750
20221122,09:56:55,18228.10,1150,9791750
20221122,09:56:55,18230.00,50,9791750
20221122,09:56:56,18230.00,150,9791750
20221122,09:56:58,18227.65,300,9791750
20221122,09:56:59,18230.00,1950,9791750
20221122,09:57:00,18230.05,250,9791750
20221122,09:57:01,18230.65,400,9791750
20221122,09:57:02,18231.50,850,9791750
20221122,09:57:04,18232.00,500,9791750
20221122,09:57:05,18232.00,1650,9791750
20221122,09:57:06,18233.25,2400,9791750
20221122,09:57:06,18231.95,50,9791750
20221122,09:57:07,18233.25,1950,9791750
20221122,09:57:09,18231.50,150,9791750
20221122,09:57:10,18232.60,450,9791750
20221122,09:57:11,18232.65,800,9791750
20221122,09:57:12,18232.75,600,9791750
20221122,09:57:13,18232.35,250,9791750
20221122,09:57:14,18232.40,200,9791750
20221122,09:57:16,18232.40,100,9791750
20221122,09:57:17,18233.95,1050,9791750
20221122,09:57:18,18233.00,1400,9791750
20221122,09:57:19,18233.35,1250,9791750
20221122,09:57:21,18233.30,1000,9791750
20221122,09:57:22,18233.55,450,9791750
20221122,09:57:23,18233.30,600,9791750
20221122,09:57:24,18233.25,250,9791750
20221122,09:57:25,18233.00,300,9791750
20221122,09:57:27,18233.05,200,9791750
20221122,09:57:28,18233.05,100,9791750
20221122,09:57:29,18233.05,1600,9791750
20221122,09:57:30,18233.30,100,9791750
20221122,09:57:32,18233.05,100,9791750
20221122,09:57:33,18231.65,300,9791750
20221122,09:57:34,18231.65,150,9791750
20221122,09:57:35,18231.65,50,9791750
20221122,09:57:36,18231.40,2600,9791750
20221122,09:57:38,18232.00,1200,9791750
20221122,09:57:39,18232.05,750,9791750
20221122,09:57:40,18231.90,100,9791750
20221122,09:57:41,18231.60,850,9791750
20221122,09:57:42,18231.85,200,9791750
20221122,09:57:43,18231.85,450,9791750
20221122,09:57:45,18231.95,900,9791750
20221122,09:57:46,18231.95,600,9791750
20221122,09:57:47,18231.00,150,9791750
20221122,09:57:48,18231.35,300,9791750
20221122,09:57:49,18231.95,700,9791750
20221122,09:57:50,18231.90,650,9791750
20221122,09:57:52,18232.15,450,9791750
20221122,09:57:53,18230.30,200,9791750
20221122,09:57:54,18230.30,150,9791750
20221122,09:57:54,18230.05,250,9791750
20221122,09:57:55,18228.00,2100,9791750
20221122,09:57:57,18228.05,300,9791750
20221122,09:57:58,18228.85,100,9791750
20221122,09:57:59,18228.85,50,9791750
20221122,09:58:00,18229.90,500,9791750
20221122,09:58:01,18227.95,900,9791750
20221122,09:58:02,18228.00,150,9791750
20221122,09:58:04,18229.80,950,9791750
20221122,09:58:06,18228.55,50,9791750
20221122,09:58:07,18230.00,50,9791750
20221122,09:58:08,18228.10,50,9791750
20221122,09:58:09,18228.05,150,9791750
20221122,09:58:11,18228.05,50,9791750
20221122,09:58:12,18228.05,100,9791750
20221122,09:58:13,18228.40,450,9791750
20221122,09:58:14,18228.15,100,9791750
20221122,09:58:17,18229.60,50,9791750
20221122,09:58:18,18229.80,150,9791750
20221122,09:58:20,18230.00,1000,9791750
20221122,09:58:23,18230.00,50,9791750
20221122,09:58:24,18230.00,50,9791750
20221122,09:58:25,18229.10,100,9791750
20221122,09:58:25,18230.00,50,9791750
20221122,09:58:26,18229.10,50,9791750
20221122,09:58:29,18229.10,2750,9791750
20221122,09:58:30,18229.25,300,9791750
20221122,09:58:31,18230.90,100,9791750
20221122,09:58:31,18231.20,500,9791750
20221122,09:58:32,18229.30,150,9791750
20221122,09:58:33,18229.20,350,9791750
20221122,09:58:34,18230.00,550,9791750
20221122,09:58:35,18230.00,400,9791750
20221122,09:58:36,18230.10,100,9791750
20221122,09:58:37,18230.00,150,9791750
20221122,09:58:39,18229.95,100,9791750
20221122,09:58:40,18229.80,700,9791750
20221122,09:58:41,18229.70,150,9791750
20221122,09:58:42,18228.10,700,9791750
20221122,09:58:43,18229.80,50,9791750
20221122,09:58:44,18229.95,250,9791750
20221122,09:58:45,18230.85,100,9791750
20221122,09:58:46,18229.30,600,9791750
20221122,09:58:48,18230.75,50,9791750
20221122,09:58:49,18230.30,150,9791750
20221122,09:58:50,18230.75,300,9791750
20221122,09:58:51,18231.60,1050,9791750
20221122,09:58:52,18231.35,150,9791750
20221122,09:58:53,18231.90,650,9791750
20221122,09:58:54,18231.90,50,9791750
20221122,09:58:55,18231.60,200,9791750
20221122,09:58:56,18231.55,200,9791750
20221122,09:58:57,18231.40,200,9791750
20221122,09:58:57,18231.65,100,9791750
20221122,09:58:59,18231.80,250,9791750
20221122,09:59:01,18231.75,150,9791750
20221122,09:59:02,18231.75,400,9791750
20221122,09:59:03,18232.00,700,9791750
20221122,09:59:06,18231.80,200,9791750
20221122,09:59:07,18231.80,50,9791750
20221122,09:59:08,18231.80,50,9791750
20221122,09:59:09,18231.85,50,9791750
20221122,09:59:10,18231.80,200,9791750
20221122,09:59:11,18231.85,50,9791750
20221122,09:59:12,18231.80,100,9791750
20221122,09:59:13,18231.80,250,9791750
20221122,09:59:15,18232.40,1050,9791750
20221122,09:59:16,18231.50,1250,9791750
20221122,09:59:17,18231.65,100,9791750
20221122,09:59:18,18231.65,200,9791750
20221122,09:59:19,18231.65,450,9791750
20221122,09:59:19,18231.70,50,9791750
20221122,09:59:21,18231.85,400,9791750
20221122,09:59:24,18231.45,400,9791750
20221122,09:59:25,18230.90,50,9791750
20221122,09:59:26,18229.80,950,9791750
20221122,09:59:29,18229.40,200,9791750
20221122,09:59:30,18229.40,150,9791750
20221122,09:59:31,18229.35,150,9791750
20221122,09:59:32,18229.40,100,9791750
20221122,09:59:34,18229.80,100,9791750
20221122,09:59:35,18229.95,200,9791750
20221122,09:59:36,18229.85,200,9791750
20221122,09:59:38,18229.85,150,9782050
20221122,09:59:40,18229.80,150,9782050
20221122,09:59:43,18229.75,150,9782050
20221122,09:59:45,18229.90,1200,9782050
20221122,09:59:46,18229.10,200,9782050
20221122,09:59:47,18230.00,100,9782050
20221122,09:59:48,18229.10,150,9782050
20221122,09:59:50,18228.50,200,9782050
20221122,09:59:51,18229.50,400,9782050
20221122,09:59:52,18229.55,1350,9782050
20221122,09:59:54,18229.20,100,9782050
20221122,09:59:55,18227.90,200,9782050
20221122,09:59:56,18227.90,150,9782050
20221122,09:59:57,18228.45,200,9782050
20221122,09:59:58,18227.90,150,9782050
20221122,10:00:00,18227.90,550,9782050
20221122,10:00:01,18227.90,50,9782050
20221122,10:00:02,18227.90,1350,9782050
20221122,10:00:03,18229.40,500,9782050
20221122,10:00:05,18228.00,1600,9782050
20221122,10:00:06,18227.90,100,9782050
20221122,10:00:07,18227.90,50,9782050
20221122,10:00:09,18227.55,250,9782050
20221122,10:00:11,18227.90,200,9782050
20221122,10:00:12,18227.55,150,9782050
20221122,10:00:13,18227.60,200,9782050
20221122,10:00:14,18229.00,550,9782050
20221122,10:00:16,18227.60,200,9782050
20221122,10:00:17,18228.80,700,9782050
20221122,10:00:18,18228.80,300,9782050
20221122,10:00:19,18229.05,500,9782050
20221122,10:00:20,18228.05,100,9782050
20221122,10:00:22,18228.00,100,9782050
20221122,10:00:23,18228.45,100,9782050
20221122,10:00:24,18228.40,200,9782050
20221122,10:00:25,18229.80,200,9782050
20221122,10:00:26,18229.30,350,9782050
20221122,10:00:27,18230.30,2000,9782050
20221122,10:00:28,18231.10,200,9782050
20221122,10:00:29,18230.80,150,9782050
20221122,10:00:30,18232.00,500,9782050
20221122,10:00:31,18231.40,450,9782050
20221122,10:00:34,18233.00,250,9782050
20221122,10:00:35,18231.70,350,9782050
20221122,10:00:36,18232.10,400,9782050
20221122,10:00:36,18232.10,50,9782050
20221122,10:00:38,18232.15,350,9782050
20221122,10:00:39,18230.45,150,9782050
20221122,10:00:40,18232.00,100,9782050
20221122,10:00:41,18230.45,100,9782050
20221122,10:00:42,18231.95,400,9782050
20221122,10:00:44,18231.90,400,9782050
20221122,10:00:45,18232.00,150,9782050
20221122,10:00:46,18233.00,100,9782050
20221122,10:00:47,18233.00,550,9782050
20221122,10:00:48,18233.00,50,9782050
20221122,10:00:49,18234.50,3850,9782050
20221122,10:00:49,18234.55,650,9782050
20221122,10:00:51,18234.85,650,9782050
20221122,10:00:52,18234.90,300,9782050
20221122,10:00:53,18235.00,1850,9782050
20221122,10:00:54,18234.00,450,9782050
20221122,10:00:54,18234.00,150,9782050
20221122,10:00:56,18235.20,1200,9782050
20221122,10:00:57,18235.25,100,9782050
20221122,10:00:58,18235.25,150,9782050
20221122,10:00:59,18235.05,100,9782050
20221122,10:01:00,18234.15,200,9782050
20221122,10:01:01,18234.05,650,9782050
20221122,10:01:02,18234.15,200,9782050
20221122,10:01:03,18234.85,300,9782050
20221122,10:01:04,18235.00,500,9782050
20221122,10:01:05,18235.00,50,9782050
20221122,10:01:06,18235.30,450,9782050
20221122,10:01:07,18234.45,150,9782050
20221122,10:01:08,18235.50,750,9782050
20221122,10:01:10,18235.50,150,9782050
20221122,10:01:11,18235.95,1200,9782050
20221122,10:01:12,18238.00,3400,9782050
20221122,10:01:13,18238.60,850,9782050
20221122,10:01:14,18238.70,450,9782050
20221122,10:01:15,18238.70,100,9782050
20221122,10:01:16,18238.55,1900,9782050
20221122,10:01:17,18238.55,700,9782050
20221122,10:01:18,18238.00,50,9782050
20221122,10:01:19,18239.00,1050,9782050
20221122,10:01:20,18240.00,4700,9782050
20221122,10:01:21,18241.65,4650,9782050
20221122,10:01:22,18241.10,1950,9782050
20221122,10:01:23,18241.75,850,9782050
20221122,10:01:24,18238.75,1350,9782050
20221122,10:01:25,18240.70,750,9782050
20221122,10:01:26,18238.50,1000,9782050
20221122,10:01:27,18240.95,600,9782050
20221122,10:01:28,18241.10,50,9782050
20221122,10:01:29,18241.05,950,9782050
20221122,10:01:30,18238.85,1450,9782050
20221122,10:01:32,18238.70,100,9782050
20221122,10:01:33,18241.80,850,9782050
20221122,10:01:34,18244.00,3600,9782050
20221122,10:01:35,18243.00,750,9782050
20221122,10:01:36,18242.50,350,9782050
20221122,10:01:37,18242.00,400,9782050
20221122,10:01:38,18243.40,1400,9782050
20221122,10:01:39,18240.00,1300,9782050
20221122,10:01:41,18243.55,800,9782050
20221122,10:01:42,18242.95,1350,9782050
20221122,10:01:43,18242.60,200,9782050
20221122,10:01:44,18239.10,650,9782050
20221122,10:01:45,18240.15,300,9782050
20221122,10:01:46,18240.15,500,9782050
20221122,10:01:47,18241.65,150,9782050
20221122,10:01:48,18241.90,150,9782050
20221122,10:01:49,18239.40,200,9782050
20221122,10:01:50,18239.45,450,9782050
20221122,10:01:51,18239.45,250,9782050
20221122,10:01:52,18241.10,450,9782050
20221122,10:01:53,18241.55,1100,9782050
20221122,10:01:55,18240.10,50,9782050
20221122,10:01:56,18239.45,2100,9782050
20221122,10:01:57,18241.90,1350,9782050
20221122,10:01:58,18242.20,1000,9782050
20221122,10:01:59,18240.20,300,9782050
20221122,10:02:00,18239.50,250,9782050
20221122,10:02:02,18239.55,500,9782050
20221122,10:02:03,18240.65,250,9782050
20221122,10:02:04,18243.00,650,9782050
20221122,10:02:05,18243.00,3600,9782050
20221122,10:02:06,18245.00,4800,9782050
20221122,10:02:07,18243.05,50,9782050
20221122,10:02:08,18242.55,600,9782050
20221122,10:02:09,18245.00,600,9782050
20221122,10:02:10,18243.05,1000,9782050
20221122,10:02:11,18244.45,800,9782050
20221122,10:02:12,18244.00,400,9782050
20221122,10:02:13,18242.60,600,9782050
20221122,10:02:15,18244.95,600,9782050
20221122,10:02:16,18244.95,200,9782050
20221122,10:02:17,18242.95,300,9782050
20221122,10:02:18,18244.95,750,9782050
20221122,10:02:19,18241.80,250,9782050
20221122,10:02:20,18243.75,50,9782050
20221122,10:02:21,18243.85,300,9782050
20221122,10:02:22,18243.95,150,9782050
20221122,10:02:23,18243.95,350,9782050
20221122,10:02:24,18243.60,500,9782050
20221122,10:02:25,18242.05,350,9782050
20221122,10:02:27,18243.40,50,9782050
20221122,10:02:28,18243.75,150,9782050
20221122,10:02:29,18243.35,1050,9782050
20221122,10:02:30,18243.50,250,9782050
20221122,10:02:31,18243.25,100,9782050
20221122,10:02:32,18242.10,50,9782050
20221122,10:02:33,18244.00,500,9782050
20221122,10:02:34,18242.80,200,9782050
20221122,10:02:35,18244.45,1400,9782050
20221122,10:02:36,18242.55,150,9782050
20221122,10:02:37,18242.10,350,9763850
20221122,10:02:38,18242.50,50,9763850
20221122,10:02:39,18241.00,400,9763850
20221122,10:02:40,18242.05,150,9763850
20221122,10:02:41,18242.15,150,9763850
20221122,10:02:42,18242.10,1500,9763850
20221122,10:02:43,18241.00,300,9763850
20221122,10:02:44,18241.05,50,9763850
20221122,10:02:45,18241.45,200,9763850
20221122,10:02:46,18241.80,50,9763850
20221122,10:02:47,18241.15,100,9763850
20221122,10:02:48,18242.00,50,9763850
20221122,10:02:50,18241.80,150,9763850
20221122,10:02:51,18242.00,800,9763850
20221122,10:02:52,18242.05,150,9763850
20221122,10:02:53,18241.00,600,9763850
20221122,10:02:54,18242.50,1100,9763850
20221122,10:02:55,18241.15,50,9763850
20221122,10:02:56,18242.00,450,9763850
20221122,10:02:58,18242.00,50,9763850
20221122,10:02:59,18242.00,400,9763850
20221122,10:03:00,18242.55,50,9763850
20221122,10:03:01,18242.85,50,9763850
20221122,10:03:02,18242.20,250,9763850
20221122,10:03:03,18243.75,500,9763850
