20221122,09:15:00,18394.80,1,612900
20221122,09:15:00,18399.00,300,612900
20221122,09:15:04,18381.60,50,612900
20221122,09:15:15,18375.90,50,612900
20221122,09:15:16,18375.90,50,612900
20221122,09:15:22,18382.95,50,612900
20221122,09:15:24,18378.00,50,612900
20221122,09:15:26,18379.60,100,612900
20221122,09:15:28,18376.60,50,612900
20221122,09:15:34,18371.80,50,612900
20221122,09:15:37,18371.80,50,612900
20221122,09:15:38,18376.00,50,612900
20221122,09:15:39,18374.00,450,612900
20221122,09:15:40,18374.00,50,612900
20221122,09:15:41,18376.60,100,612900
20221122,09:15:42,18377.15,50,612900
20221122,09:15:43,18377.15,50,612900
20221122,09:15:45,18378.90,50,612900
20221122,09:15:46,18380.00,100,612900
20221122,09:15:47,18382.70,550,612900
20221122,09:15:48,18383.00,50,612900
20221122,09:15:51,18380.30,50,612900
20221122,09:15:52,18385.45,150,612900
20221122,09:15:54,18383.25,200,612900
20221122,09:16:00,18384.35,200,612900
20221122,09:16:03,18383.00,50,612900
20221122,09:16:07,18383.30,150,612900
20221122,09:16:08,18383.30,50,612900
20221122,09:16:09,18383.30,50,612900
20221122,09:16:10,18383.30,50,612900
20221122,09:16:11,18384.65,50,612900
20221122,09:16:14,18380.25,150,612900
20221122,09:16:18,18380.25,50,612900
20221122,09:16:19,18383.15,50,612900
20221122,09:16:32,18380.25,50,612900
20221122,09:16:34,18380.00,300,612900
20221122,09:16:39,18374.45,50,612900
20221122,09:16:56,18371.15,50,612900
20221122,09:17:04,18371.15,150,612900
20221122,09:17:07,18371.15,100,612900
20221122,09:17:13,18375.00,50,612900
20221122,09:17:14,18375.05,100,612900
20221122,09:17:16,18375.90,150,612900
20221122,09:17:23,18376.00,50,612900
20221122,09:17:45,18376.00,50,612950
20221122,09:17:54,18373.40,100,612950
20221122,09:18:03,18373.00,50,612950
20221122,09:18:05,18375.70,100,612950
20221122,09:18:06,18376.00,100,612950
20221122,09:18:08,18375.25,100,612950
20221122,09:18:20,18371.20,50,612950
20221122,09:18:22,18371.20,50,612950
20221122,09:18:25,18371.25,100,612950
20221122,09:18:31,18371.60,50,612950
20221122,09:18:44,18372.85,100,612950
20221122,09:18:47,18375.00,50,612950
20221122,09:18:48,18375.00,50,612950
20221122,09:18:49,18375.00,50,612950
20221122,09:18:50,18379.60,50,612950
20221122,09:18:55,18371.15,100,612950
20221122,09:19:01,18371.60,300,612950
20221122,09:19:23,18371.60,150,612950
20221122,09:19:36,18368.40,50,612950
20221122,09:19:44,18368.40,50,612950
20221122,09:19:58,18372.40,100,612950
20221122,09:20:01,18375.25,100,612950
20221122,09:20:16,18368.35,100,612950
20221122,09:20:20,18369.30,50,612950
20221122,09:20:23,18366.35,50,612950
20221122,09:20:29,18365.00,50,613200
20221122,09:20:30,18365.00,100,613200
20221122,09:20:33,18365.00,50,613200
20221122,09:20:39,18365.00,50,613200
20221122,09:20:42,18365.00,50,613200
20221122,09:20:43,18365.00,50,613200
20221122,09:20:49,18365.00,50,613200
20221122,09:20:50,18365.00,350,613200
20221122,09:20:57,18365.00,50,613200
20221122,09:20:58,18365.05,50,613200
20221122,09:20:59,18365.05,50,613200
20221122,09:21:01,18365.00,50,613200
20221122,09:21:05,18365.00,50,613200
20221122,09:21:08,18365.00,100,613200
20221122,09:21:11,18365.00,100,613200
20221122,09:21:18,18365.00,50,613200
20221122,09:21:19,18365.00,50,613200
20221122,09:21:21,18365.00,1850,613200
20221122,09:21:21,18365.00,100,613200
20221122,09:21:26,18365.00,50,613200
20221122,09:21:32,18365.00,150,613200
20221122,09:21:39,18365.00,50,613200
20221122,09:21:46,18365.00,1000,613200
20221122,09:21:48,18365.00,50,613200
20221122,09:21:53,18361.00,50,613200
20221122,09:21:56,18361.00,50,613200
20221122,09:22:01,18360.00,100,613200
20221122,09:22:02,18359.90,1800,613200
20221122,09:22:12,18360.05,50,613200
20221122,09:22:33,18358.75,50,613200
20221122,09:22:35,18355.15,50,613200
20221122,09:22:40,18355.15,50,613200
20221122,09:22:52,18355.35,100,613200
20221122,09:22:54,18358.85,50,613200
20221122,09:22:55,18355.00,50,613200
20221122,09:22:59,18355.00,50,613200
20221122,09:23:04,18355.40,50,613200
20221122,09:23:09,18358.00,50,613200
20221122,09:23:22,18358.00,50,613200
20221122,09:23:49,18355.20,50,616750
20221122,09:23:55,18358.00,50,616750
20221122,09:24:00,18358.50,50,616750
20221122,09:24:05,18355.00,50,616750
20221122,09:24:17,18358.00,50,616750
20221122,09:24:22,18358.00,50,616750
20221122,09:24:23,18357.00,50,616750
20221122,09:24:24,18357.00,50,616750
20221122,09:24:25,18357.00,50,616750
20221122,09:24:27,18357.00,150,616750
20221122,09:24:28,18354.40,200,616750
20221122,09:24:31,18354.40,150,616750
20221122,09:24:32,18357.00,50,616750
20221122,09:24:33,18354.95,50,616750
20221122,09:24:42,18354.90,50,616750
20221122,09:24:53,18360.70,650,616750
20221122,09:24:53,18360.65,50,616750
20221122,09:25:15,18358.40,50,616750
20221122,09:25:32,18356.10,350,616750
20221122,09:25:39,18354.65,100,616750
20221122,09:25:41,18354.00,50,616750
20221122,09:26:20,18354.00,50,616750
20221122,09:26:21,18354.00,250,616750
20221122,09:27:27,18355.50,200,617650
20221122,09:27:28,18359.85,50,617650
20221122,09:27:49,18358.10,50,617650
20221122,09:28:12,18360.00,50,617650
20221122,09:28:14,18361.65,50,617650
20221122,09:28:17,18361.85,50,617650
20221122,09:28:22,18357.10,100,617650
20221122,09:29:08,18361.00,100,617650
20221122,09:29:09,18363.50,50,617650
20221122,09:29:22,18363.50,100,617650
20221122,09:29:53,18363.50,50,618050
20221122,09:30:08,18361.80,200,618050
20221122,09:30:36,18363.00,50,618050
20221122,09:30:58,18365.00,100,618050
20221122,09:31:00,18363.00,450,618050
20221122,09:31:02,18365.00,150,618050
20221122,09:31:03,18368.10,150,618050
20221122,09:31:05,18368.70,50,618050
20221122,09:31:32,18370.00,50,618050
20221122,09:31:38,18370.00,50,618050
20221122,09:31:42,18370.00,50,618050
20221122,09:31:52,18370.00,50,618050
20221122,09:32:04,18369.00,100,618050
20221122,09:32:13,18374.55,150,618050
20221122,09:32:32,18374.95,50,618350
20221122,09:32:33,18375.70,50,618350
20221122,09:32:37,18377.90,50,618350
20221122,09:32:43,18377.90,300,618350
20221122,09:32:44,18377.90,100,618350
20221122,09:32:56,18375.90,50,618350
20221122,09:32:59,18377.30,150,618350
20221122,09:33:04,18378.00,250,618350
20221122,09:33:21,18377.30,50,618350
20221122,09:33:22,18378.00,250,618350
20221122,09:33:33,18378.00,100,618350
20221122,09:33:48,18378.70,50,618350
20221122,09:33:52,18378.00,50,618350
20221122,09:33:59,18375.65,50,618350
20221122,09:34:27,18380.00,50,618350
20221122,09:34:45,18380.90,50,618350
20221122,09:34:48,18381.00,50,618350
20221122,09:35:05,18383.00,50,618350
20221122,09:35:16,18387.85,250,618350
20221122,09:35:19,18387.75,50,618350
20221122,09:35:31,18388.65,50,619150
20221122,09:35:57,18384.80,50,619150
20221122,09:36:06,18382.00,50,619150
20221122,09:36:33,18376.00,50,619150
20221122,09:36:40,18377.00,50,619150
20221122,09:36:42,18379.00,150,619150
20221122,09:37:04,18379.00,50,619150
20221122,09:37:07,18380.00,150,619150
20221122,09:37:11,18380.05,50,619150
20221122,09:37:23,18385.00,50,619150
20221122,09:37:25,18385.00,50,619150
20221122,09:37:28,18389.00,100,619150
20221122,09:37:29,18390.00,50,619150
20221122,09:37:30,18387.40,50,619150
20221122,09:37:33,18390.00,50,619150
20221122,09:37:41,18390.50,50,619150
20221122,09:38:00,18390.00,50,619150
20221122,09:38:06,18390.45,50,619150
20221122,09:38:24,18390.50,100,619150
20221122,09:38:25,18390.20,50,619150
20221122,09:38:26,18390.50,300,619150
20221122,09:38:27,18395.00,350,619150
20221122,09:38:36,18390.40,50,619350
20221122,09:38:46,18390.40,100,619350
20221122,09:39:05,18391.00,50,619350
20221122,09:39:51,18390.00,50,619350
20221122,09:39:58,18390.90,150,619350
20221122,09:40:07,18389.90,50,619350
20221122,09:40:38,18389.70,50,619350
20221122,09:40:41,18389.90,250,619350
20221122,09:40:50,18389.90,100,619350
20221122,09:40:53,18389.90,100,619350
20221122,09:40:55,18389.90,300,619350
20221122,09:41:00,18390.10,150,619350
20221122,09:41:02,18390.10,100,619350
20221122,09:41:05,18391.00,200,619350
20221122,09:41:06,18390.50,250,619350
20221122,09:41:15,18388.00,50,619350
20221122,09:41:23,18386.40,250,619350
20221122,09:41:26,18386.55,250,619350
20221122,09:41:30,18386.70,500,619350
20221122,09:41:56,18387.00,50,618150
20221122,09:42:08,18386.70,50,618150
20221122,09:42:59,18386.70,100,618150
20221122,09:43:00,18386.00,50,618150
20221122,09:43:11,18386.10,50,618150
20221122,09:43:26,18386.80,50,618150
20221122,09:44:07,18389.85,150,618150
20221122,09:44:11,18389.85,200,618150
20221122,09:44:14,18389.75,100,618150
20221122,09:44:15,18389.85,50,618150
20221122,09:44:20,18389.85,50,618150
20221122,09:44:29,18389.75,50,618150
20221122,09:44:51,18389.25,50,618550
20221122,09:44:53,18390.00,50,618550
20221122,09:44:58,18390.00,50,618550
20221122,09:44:59,18391.00,200,618550
20221122,09:45:00,18391.10,100,618550
20221122,09:45:05,18394.70,50,618550
20221122,09:45:06,18395.00,100,618550
20221122,09:45:07,18395.00,100,618550
20221122,09:45:20,18394.95,150,618550
20221122,09:45:27,18395.00,50,618550
20221122,09:45:42,18394.80,50,618550
20221122,09:45:50,18391.60,250,618550
20221122,09:45:58,18391.70,150,618550
20221122,09:46:03,18391.85,50,618550
20221122,09:46:10,18394.00,100,618550
20221122,09:46:11,18395.00,550,618550
20221122,09:46:24,18395.00,150,618550
20221122,09:46:26,18398.00,250,618550
20221122,09:46:27,18398.00,50,618550
20221122,09:46:39,18392.90,400,618550
20221122,09:46:45,18393.90,100,618550
20221122,09:46:58,18393.90,50,618550
20221122,09:47:02,18394.80,50,618550
20221122,09:47:03,18393.90,100,618550
20221122,09:47:06,18394.80,200,618550
20221122,09:47:16,18393.25,50,618550
20221122,09:47:26,18392.60,150,618550
20221122,09:47:27,18393.00,50,618550
20221122,09:47:35,18391.35,50,620250
20221122,09:47:45,18390.05,100,620250
20221122,09:47:46,18392.00,50,620250
20221122,09:47:47,18392.00,50,620250
20221122,09:47:48,18392.00,50,620250
20221122,09:47:50,18392.00,50,620250
20221122,09:47:50,18393.25,50,620250
20221122,09:48:14,18393.30,50,620250
20221122,09:48:21,18394.00,50,620250
20221122,09:48:27,18395.00,250,620250
20221122,09:48:28,18397.00,50,620250
20221122,09:48:36,18393.70,150,620250
20221122,09:48:46,18395.00,300,620250
20221122,09:48:47,18393.25,50,620250
20221122,09:49:16,18392.85,50,620250
20221122,09:49:23,18392.20,50,620250
20221122,09:49:26,18396.50,50,620250
20221122,09:49:42,18393.60,50,620250
20221122,09:49:44,18395.25,50,620250
20221122,09:49:45,18395.25,50,620250
20221122,09:49:48,18396.50,100,620250
20221122,09:49:49,18398.95,50,620250
20221122,09:49:56,18395.40,50,620250
20221122,09:50:11,18397.40,50,620250
20221122,09:50:15,18398.35,50,620250
20221122,09:50:17,18398.25,100,620250
20221122,09:50:18,18399.00,100,620250
20221122,09:50:19,18399.00,50,620250
20221122,09:50:38,18395.25,50,621850
20221122,09:50:39,18395.25,50,621850
20221122,09:50:47,18398.85,50,621850
20221122,09:50:49,18397.10,50,621850
20221122,09:51:16,18395.40,50,621850
20221122,09:51:22,18398.10,50,621850
20221122,09:51:23,18399.00,50,621850
20221122,09:51:24,18399.00,50,621850
20221122,09:51:25,18399.95,100,621850
20221122,09:51:28,18400.00,150,621850
20221122,09:51:29,18400.10,950,621850
20221122,09:51:30,18401.00,50,621850
20221122,09:51:36,18402.40,100,621850
20221122,09:51:44,18402.40,50,621850
20221122,09:51:50,18399.00,50,621850
20221122,09:51:55,18399.90,50,621850
20221122,09:52:00,18400.25,50,621850
20221122,09:52:01,18400.25,50,621850
20221122,09:52:02,18401.95,50,621850
20221122,09:52:09,18399.00,200,621850
20221122,09:52:14,18400.25,150,621850
20221122,09:52:19,18397.60,50,621850
20221122,09:52:36,18401.60,50,621850
20221122,09:52:40,18400.00,300,621850
20221122,09:52:45,18402.00,200,621850
20221122,09:53:02,18401.00,200,621850
20221122,09:53:27,18399.50,50,621850
20221122,09:53:28,18400.05,50,621850
20221122,09:53:42,18400.05,150,622950
20221122,09:53:55,18401.00,150,622950
20221122,09:53:57,18401.35,50,622950
20221122,09:53:58,18402.00,100,622950
20221122,09:54:02,18404.00,450,622950
20221122,09:54:03,18405.00,150,622950
20221122,09:54:08,18408.85,50,622950
20221122,09:54:11,18408.95,50,622950
20221122,09:54:35,18408.95,50,622950
20221122,09:54:49,18407.15,50,622950
20221122,09:54:51,18407.15,50,622950
20221122,09:54:53,18407.65,100,622950
20221122,09:55:03,18407.15,100,622950
20221122,09:55:04,18407.65,50,622950
20221122,09:55:15,18406.00,50,622950
20221122,09:55:32,18405.95,50,622950
20221122,09:55:40,18405.00,50,622950
20221122,09:55:42,18403.75,50,622950
20221122,09:55:51,18405.00,50,622950
20221122,09:55:52,18405.00,50,622950
20221122,09:55:54,18403.75,50,622950
20221122,09:55:57,18403.00,150,622950
20221122,09:56:13,18403.00,50,622950
20221122,09:56:16,18403.00,100,622950
20221122,09:56:25,18403.00,50,622950
20221122,09:56:28,18401.50,50,622950
20221122,09:56:41,18401.85,50,623950
20221122,09:56:42,18401.85,50,623950
20221122,09:56:44,18403.10,100,623950
20221122,09:56:54,18405.00,50,623950
20221122,09:56:54,18405.00,250,623950
20221122,09:56:57,18404.10,100,623950
20221122,09:56:58,18404.05,200,623950
20221122,09:57:00,18406.00,50,623950
20221122,09:57:02,18404.70,50,623950
20221122,09:57:04,18407.00,50,623950
20221122,09:57:05,18407.00,50,623950
20221122,09:57:06,18407.65,50,623950
20221122,09:57:11,18408.40,150,623950
20221122,09:57:23,18408.75,200,623950
20221122,09:57:25,18409.95,100,623950
20221122,09:57:26,18409.95,50,623950
20221122,09:57:30,18409.95,100,623950
20221122,09:57:42,18409.95,50,623950
20221122,09:57:47,18405.85,50,623950
20221122,09:58:05,18406.45,50,623950
20221122,09:58:20,18405.85,50,623950
20221122,09:58:26,18405.05,50,623950
20221122,09:58:34,18405.55,50,623950
20221122,09:58:36,18406.45,150,623950
20221122,09:58:47,18405.55,50,623950
20221122,09:58:49,18406.45,100,623950
20221122,09:58:50,18408.25,50,623950
20221122,09:58:51,18404.95,100,623950
20221122,09:58:52,18406.65,100,623950
20221122,09:58:58,18407.00,50,623950
20221122,09:58:59,18408.95,100,623950
20221122,09:59:06,18408.00,50,623950
20221122,09:59:13,18407.65,50,623950
20221122,09:59:21,18407.65,50,623950
20221122,09:59:22,18407.00,450,623950
20221122,09:59:54,18405.00,100,626200
20221122,09:59:58,18404.25,100,626200
20221122,10:00:01,18405.00,50,626200
20221122,10:00:03,18406.45,50,626200
20221122,10:00:26,18406.00,50,626200
20221122,10:00:27,18406.45,50,626200
20221122,10:00:31,18408.00,50,626200
20221122,10:00:44,18410.00,200,626200
20221122,10:00:51,18410.00,100,626200
20221122,10:00:52,18410.00,200,626200
20221122,10:00:52,18410.00,50,626200
20221122,10:00:54,18410.10,50,626200
20221122,10:01:04,18410.35,50,626200
20221122,10:01:07,18410.35,50,626200
20221122,10:01:11,18413.00,50,626200
20221122,10:01:12,18413.00,50,626200
20221122,10:01:14,18413.00,50,626200
20221122,10:01:15,18414.00,350,626200
20221122,10:01:17,18415.00,50,626200
20221122,10:01:35,18417.90,50,626200
20221122,10:01:54,18417.90,50,626200
20221122,10:01:55,18415.85,50,626200
20221122,10:01:56,18415.20,50,626200
20221122,10:02:08,18420.00,200,626200
20221122,10:02:09,18420.00,100,626200
20221122,10:02:12,18420.00,50,626200
20221122,10:02:13,18418.40,50,626200
20221122,10:02:34,18420.00,50,626200
20221122,10:02:43,18418.40,50,627500
20221122,10:02:51,18418.35,50,627500
20221122,10:02:56,18419.80,100,627500
20221122,10:03:02,18418.70,50,627500
20221122,10:03:08,18418.25,50,627500
20221122,10:03:17,18417.60,50,627500
20221122,10:03:21,18416.30,150,627500
20221122,10:03:39,18415.45,50,627500
20221122,10:03:44,18415.00,50,627500
20221122,10:03:59,18414.95,50,627500
20221122,10:04:06,18413.10,50,627500
20221122,10:04:08,18412.40,50,627500
20221122,10:04:10,18413.00,50,627500
20221122,10:04:11,18412.30,50,627500
20221122,10:04:12,18412.55,100,627500
20221122,10:04:13,18413.00,50,627500
20221122,10:04:28,18414.65,50,627500
20221122,10:04:37,18414.80,50,627500
20221122,10:04:38,18415.00,50,627500
20221122,10:04:39,18414.45,50,627500
20221122,10:04:40,18414.50,100,627500
20221122,10:05:03,18414.50,50,627500
20221122,10:05:15,18412.90,50,627500
20221122,10:05:35,18412.90,50,627500
20221122,10:05:54,18413.00,100,628250
20221122,10:06:34,18413.05,50,628250
20221122,10:06:43,18412.90,50,628250
20221122,10:06:45,18414.65,50,628250
20221122,10:06:57,18410.00,50,628250
20221122,10:07:04,18408.25,50,628250
20221122,10:07:21,18408.55,100,628250
20221122,10:07:22,18411.70,100,628250
20221122,10:07:29,18409.20,50,628250
20221122,10:07:50,18409.05,50,628250
20221122,10:07:54,18409.10,50,628250
20221122,10:08:00,18412.60,50,628250
20221122,10:08:10,18411.50,50,628250
20221122,10:08:13,18412.60,100,628250
20221122,10:08:14,18414.90,50,628250
20221122,10:08:16,18414.00,50,628250
20221122,10:08:17,18416.00,50,628250
20221122,10:08:27,18412.25,100,628250
20221122,10:08:34,18411.90,100,628250
20221122,10:09:04,18410.75,50,628650
20221122,10:09:11,18413.00,150,628650
20221122,10:09:37,18412.20,50,628650
20221122,10:09:48,18412.20,1150,628650
20221122,10:09:52,18412.20,100,628650
20221122,10:09:53,18412.20,250,628650
20221122,10:09:56,18412.00,200,628650
20221122,10:10:09,18411.50,50,628650
20221122,10:10:32,18411.50,350,628650
20221122,10:10:40,18410.00,500,628650
20221122,10:10:48,18408.40,50,628650
20221122,10:11:03,18408.15,50,628650
20221122,10:11:27,18410.00,50,628650
20221122,10:11:30,18410.40,50,628650
20221122,10:11:33,18410.40,50,628650
20221122,10:11:42,18409.65,100,628500
20221122,10:11:44,18410.00,50,628500
20221122,10:11:53,18409.95,50,628500
20221122,10:12:00,18410.05,200,628500
20221122,10:12:04,18411.00,50,628500
20221122,10:12:13,18411.00,550,628500
20221122,10:12:14,18411.00,450,628500
20221122,10:12:26,18415.00,50,628500
20221122,10:12:38,18415.00,100,628500
20221122,10:12:40,18416.00,100,628500
20221122,10:12:41,18417.00,50,628500
20221122,10:12:46,18417.00,50,628500
20221122,10:13:00,18415.00,150,628500
20221122,10:13:23,18415.00,50,628500
20221122,10:14:01,18411.00,600,628500
20221122,10:14:02,18411.00,50,628500
20221122,10:14:03,18411.00,100,628500
20221122,10:14:06,18411.00,250,628500
20221122,10:14:27,18410.55,50,628500
20221122,10:14:33,18411.00,50,628500
20221122,10:14:34,18410.40,50,628500
20221122,10:14:46,18411.00,50,628850
20221122,10:14:58,18413.00,50,628850
20221122,10:15:11,18415.00,50,628850
20221122,10:15:13,18413.95,150,628850
20221122,10:15:14,18413.95,200,628850
20221122,10:15:16,18413.85,100,628850
20221122,10:15:17,18413.50,250,628850
20221122,10:16:07,18411.50,50,628850
20221122,10:16:22,18411.50,50,628850
20221122,10:16:28,18410.00,100,628850
20221122,10:16:32,18410.00,400,628850
20221122,10:17:22,18410.00,50,628850
20221122,10:17:29,18408.65,100,628850
20221122,10:17:34,18411.00,100,628850
20221122,10:17:38,18411.00,50,628850
20221122,10:17:39,18411.00,50,629350
20221122,10:17:52,18411.00,100,629350
20221122,10:17:53,18411.00,50,629350
20221122,10:17:56,18410.70,50,629350
20221122,10:18:01,18410.45,50,629350
20221122,10:18:04,18409.45,50,629350
20221122,10:18:09,18410.45,150,629350
20221122,10:18:30,18411.00,100,629350
20221122,10:18:31,18410.40,50,629350
20221122,10:18:32,18411.50,250,629350
20221122,10:18:53,18412.55,50,629350
20221122,10:19:00,18411.80,50,629350
20221122,10:19:03,18412.80,100,629350
20221122,10:19:08,18412.00,50,629350
20221122,10:19:56,18410.80,50,629350
20221122,10:20:06,18413.00,50,629350
20221122,10:20:09,18412.00,50,629350
20221122,10:20:15,18413.00,100,629350
20221122,10:20:16,18410.75,100,629350
20221122,10:20:23,18412.95,50,629350
20221122,10:20:27,18410.45,50,629350
20221122,10:20:41,18410.70,50,629800
20221122,10:20:43,18411.00,50,629800
20221122,10:20:50,18412.00,50,629800
20221122,10:20:52,18412.00,50,629800
20221122,10:20:55,18413.00,1700,629800
20221122,10:21:06,18413.90,100,629800
20221122,10:21:09,18415.90,200,629800
20221122,10:21:14,18418.00,50,629800
20221122,10:21:27,18416.00,50,629800
20221122,10:21:35,18415.90,50,629800
20221122,10:21:44,18415.00,100,629800
20221122,10:22:20,18416.40,50,629800
20221122,10:22:24,18414.90,50,629800
20221122,10:22:41,18414.00,50,629800
20221122,10:22:50,18414.00,50,629800
20221122,10:22:53,18414.00,50,629800
20221122,10:23:12,18414.00,50,629800
20221122,10:23:14,18414.00,100,629800
20221122,10:23:30,18414.00,100,629800
20221122,10:23:31,18414.00,50,629800
20221122,10:23:52,18414.00,200,629800
20221122,10:24:17,18414.00,200,628300
20221122,10:24:24,18411.20,100,628300
20221122,10:24:39,18411.15,200,628300
20221122,10:25:02,18411.15,50,628300
20221122,10:25:43,18410.00,100,628300
20221122,10:25:49,18409.40,200,628300
20221122,10:26:12,18409.85,50,628300
20221122,10:26:14,18413.35,200,628300
20221122,10:26:20,18411.15,300,628300
20221122,10:26:30,18414.00,50,628300
20221122,10:26:37,18417.20,50,628300
20221122,10:26:50,18418.05,50,629250
20221122,10:27:05,18419.10,150,629250
20221122,10:27:08,18420.00,100,629250
20221122,10:27:12,18420.00,50,629250
20221122,10:27:19,18420.00,50,629250
20221122,10:27:44,18417.00,50,629250
20221122,10:28:07,18415.70,50,629250
20221122,10:28:11,18415.70,100,629250
20221122,10:28:25,18412.65,400,629250
20221122,10:28:37,18415.50,150,629250
20221122,10:28:47,18415.50,600,629250
20221122,10:28:48,18415.50,700,629250
20221122,10:28:48,18415.50,100,629250
20221122,10:28:49,18415.50,250,629250
20221122,10:28:58,18414.80,400,629250
20221122,10:29:07,18418.00,50,629250
20221122,10:29:36,18415.00,50,629250
20221122,10:31:24,18410.80,400,628350
20221122,10:31:44,18413.35,50,628350
20221122,10:32:44,18409.55,50,628750
20221122,10:33:35,18405.75,100,628750
20221122,10:33:41,18409.00,50,628750
20221122,10:33:59,18409.00,100,628750
20221122,10:34:18,18408.00,100,628750
20221122,10:34:22,18411.45,100,628750
20221122,10:34:53,18407.90,50,628750
20221122,10:35:17,18404.35,100,628750
20221122,10:35:19,18405.00,50,628750
20221122,10:35:42,18407.45,50,628750
20221122,10:36:15,18406.20,50,628700
20221122,10:36:56,18411.45,200,628700
20221122,10:36:57,18409.00,50,628700
20221122,10:37:02,18409.00,150,628700
20221122,10:37:25,18407.05,50,628700
20221122,10:37:32,18412.35,50,628700
20221122,10:37:35,18407.80,300,628700
20221122,10:39:43,18408.95,50,628700
20221122,10:40:18,18410.00,50,628750
20221122,10:40:20,18409.50,200,628750
20221122,10:40:22,18404.60,150,628750
20221122,10:41:09,18410.00,50,628750
20221122,10:41:12,18406.60,500,628750
20221122,10:41:41,18411.00,50,628750
20221122,10:41:42,18412.00,200,628750
20221122,10:42:30,18414.30,150,629250
20221122,10:42:34,18414.30,100,629250
20221122,10:43:07,18415.00,150,629250
20221122,10:43:24,18415.00,50,629250
20221122,10:43:32,18416.20,50,629250
20221122,10:43:46,18416.20,100,629250
20221122,10:44:12,18414.45,50,629250
20221122,10:44:19,18416.00,300,629250
20221122,10:45:10,18415.00,300,629250
20221122,10:45:46,18413.20,50,629350
20221122,10:45:56,18415.00,350,629350
20221122,10:46:06,18415.00,50,629350
20221122,10:46:21,18416.00,100,629350
20221122,10:46:22,18416.00,50,629350
20221122,10:46:27,18417.00,50,629350
20221122,10:46:49,18417.80,50,629350
20221122,10:47:21,18417.50,50,629350
20221122,10:47:23,18417.50,50,629350
20221122,10:47:25,18417.50,50,629350
20221122,10:47:32,18417.50,50,629350
20221122,10:47:51,18417.00,50,628950
20221122,10:48:06,18417.00,50,628950
20221122,10:48:11,18416.00,50,628950
20221122,10:48:36,18416.00,50,628950
20221122,10:48:41,18414.55,50,628950
20221122,10:49:03,18415.40,50,628950
20221122,10:49:04,18415.40,50,628950
20221122,10:49:13,18415.40,50,628950
20221122,10:49:14,18413.55,50,628950
20221122,10:49:52,18416.30,200,628950
20221122,10:51:04,18413.55,300,628950
20221122,10:51:45,18415.60,50,628950
20221122,10:51:56,18415.00,50,628950
20221122,10:52:18,18413.55,50,628950
20221122,10:52:24,18414.95,200,628950
20221122,10:52:44,18413.55,50,628950
20221122,10:53:05,18413.55,50,628950
20221122,10:53:10,18413.00,50,628950
20221122,10:54:37,18410.00,250,629200
20221122,10:54:45,18411.30,50,629200
20221122,10:55:24,18410.95,100,629200
20221122,10:56:03,18407.00,100,629200
20221122,10:56:12,18409.10,50,629200
20221122,10:56:15,18409.45,50,629200
20221122,10:56:51,18406.20,50,629150
20221122,10:57:53,18407.05,350,629150
20221122,10:58:37,18405.45,50,629150
20221122,10:59:03,18408.00,50,629150
20221122,10:59:18,18408.50,50,629150
20221122,10:59:23,18408.50,50,629150
20221122,10:59:39,18408.00,50,629150
20221122,10:59:51,18408.50,50,629150
20221122,11:00:06,18408.50,100,629150
20221122,11:00:07,18410.00,50,629150
20221122,11:00:11,18410.00,50,629150
20221122,11:01:11,18408.65,50,629150
20221122,11:01:13,18409.10,50,629150
20221122,11:01:16,18409.15,50,629150
20221122,11:01:17,18409.60,50,629150
20221122,11:01:25,18410.00,200,629150
20221122,11:02:43,18406.15,150,629150
20221122,11:02:57,18403.45,50,629650
20221122,11:03:02,18403.00,100,629650
20221122,11:03:27,18403.00,50,629650
20221122,11:03:31,18402.80,50,629650
20221122,11:04:02,18401.75,50,629650
20221122,11:04:28,18402.00,50,629650
20221122,11:04:41,18405.00,50,629650
20221122,11:06:27,18405.50,50,629500
20221122,11:06:48,18407.00,150,629500
20221122,11:06:51,18407.00,50,629500
20221122,11:06:54,18408.35,50,629500
20221122,11:06:55,18408.45,50,629500
20221122,11:07:13,18405.50,150,629500
20221122,11:07:14,18406.05,200,629500
20221122,11:07:16,18405.85,100,629500
20221122,11:07:34,18402.55,50,629500
20221122,11:10:27,18407.40,1150,629750
20221122,11:10:30,18407.45,50,629750
20221122,11:10:38,18407.20,50,629750
20221122,11:10:51,18406.40,50,629750
20221122,11:10:55,18406.95,100,629750
20221122,11:11:10,18406.05,50,629750
20221122,11:11:19,18406.25,100,629750
20221122,11:11:37,18405.00,50,629750
20221122,11:11:46,18405.00,50,629750
20221122,11:12:08,18405.30,50,630600
20221122,11:12:21,18405.30,50,630600
20221122,11:12:34,18405.30,50,630600
20221122,11:12:39,18406.85,50,630600
20221122,11:12:50,18408.10,50,630600
20221122,11:12:53,18406.35,50,630600
20221122,11:12:57,18408.25,150,630600
20221122,11:13:04,18407.50,50,630600
20221122,11:13:05,18408.25,50,630600
20221122,11:13:06,18408.25,50,630600
20221122,11:13:12,18409.00,50,630600
20221122,11:13:14,18409.30,50,630600
20221122,11:13:18,18408.25,50,630600
20221122,11:13:27,18409.00,50,630600
20221122,11:13:39,18412.15,1000,630600
20221122,11:13:47,18409.00,50,630600
20221122,11:14:19,18412.20,150,630600
20221122,11:14:30,18411.65,50,630600
20221122,11:14:43,18411.60,50,630600
20221122,11:14:48,18413.00,50,630600
20221122,11:15:01,18414.40,50,631300
20221122,11:15:25,18415.00,50,631300
20221122,11:15:26,18415.00,50,631300
20221122,11:15:27,18415.60,50,631300
20221122,11:15:47,18415.60,50,631300
20221122,11:16:15,18414.00,50,631300
20221122,11:17:07,18413.95,50,631300
20221122,11:17:36,18410.25,100,631300
20221122,11:18:23,18412.60,50,631650
20221122,11:18:59,18409.25,300,631650
20221122,11:19:04,18409.20,150,631650
20221122,11:19:32,18412.20,300,631650
20221122,11:20:59,18409.90,50,631500
20221122,11:22:13,18410.00,50,631500
20221122,11:22:34,18408.40,50,631500
20221122,11:22:57,18407.50,100,631500
20221122,11:23:06,18408.50,50,631500
20221122,11:23:18,18410.00,50,631500
20221122,11:23:22,18410.40,150,631500
20221122,11:23:22,18410.20,100,631500
20221122,11:23:25,18410.25,50,631500
20221122,11:23:30,18410.25,50,631500
20221122,11:23:35,18410.30,250,631500
20221122,11:24:02,18409.95,50,631950
20221122,11:24:05,18410.20,150,631950
20221122,11:24:14,18410.30,100,631950
20221122,11:24:28,18410.65,50,631950
20221122,11:24:33,18411.00,50,631950
20221122,11:24:46,18411.75,50,631950
20221122,11:24:56,18412.35,50,631950
20221122,11:25:20,18410.00,50,631950
20221122,11:25:26,18410.70,100,631950
20221122,11:25:37,18411.15,50,631950
20221122,11:25:46,18406.80,400,631950
20221122,11:25:47,18411.20,50,631950
20221122,11:25:52,18409.65,50,631950
20221122,11:26:13,18409.25,50,631950
20221122,11:26:14,18409.25,50,631950
20221122,11:27:01,18413.60,100,631950
20221122,11:27:02,18413.25,100,632350
20221122,11:27:05,18411.45,50,632350
20221122,11:28:04,18413.80,100,632350
20221122,11:28:06,18413.60,150,632350
20221122,11:28:17,18415.00,50,632350
20221122,11:28:29,18414.75,50,632350
20221122,11:28:32,18414.15,300,632350
20221122,11:28:57,18415.05,50,632350
20221122,11:29:02,18414.45,350,632350
20221122,11:29:05,18416.90,950,632350
20221122,11:29:16,18412.20,100,632350
20221122,11:29:55,18409.65,300,631950
20221122,11:30:30,18412.35,50,631950
20221122,11:30:54,18416.00,150,631950
20221122,11:32:01,18416.00,50,631950
20221122,11:32:16,18414.35,100,631950
20221122,11:32:18,18414.35,100,631950
20221122,11:32:42,18418.00,300,631950
20221122,11:33:25,18415.40,50,632400
20221122,11:33:30,18416.40,50,632400
20221122,11:33:38,18416.90,50,632400
20221122,11:33:41,18416.60,100,632400
20221122,11:34:33,18416.45,50,632400
20221122,11:35:47,18414.50,150,632400
20221122,11:35:54,18414.30,150,632400
20221122,11:36:00,18415.65,150,632800
20221122,11:36:25,18415.85,50,632800
20221122,11:36:36,18418.40,50,632800
20221122,11:36:48,18418.20,150,632800
20221122,11:36:53,18417.35,100,632800
20221122,11:37:16,18417.05,50,632800
20221122,11:37:30,18418.35,100,632800
20221122,11:38:08,18419.20,50,632800
20221122,11:38:09,18420.00,400,632800
20221122,11:38:10,18420.00,550,632800
20221122,11:38:16,18424.00,2000,632800
20221122,11:38:17,18425.00,200,632800
20221122,11:38:30,18425.00,50,632800
20221122,11:38:33,18425.00,100,632800
20221122,11:38:35,18429.00,50,632800
20221122,11:39:11,18429.00,50,633950
20221122,11:39:26,18430.00,700,633950
20221122,11:39:30,18430.00,50,633950
20221122,11:39:31,18430.00,250,633950
20221122,11:39:46,18430.00,50,633950
20221122,11:40:07,18430.00,150,633950
20221122,11:40:16,18430.00,150,633950
20221122,11:40:21,18430.00,50,633950
20221122,11:40:23,18430.00,50,633950
20221122,11:40:25,18430.00,50,633950
20221122,11:40:26,18430.00,50,633950
20221122,11:40:29,18430.00,50,633950
20221122,11:40:30,18430.00,300,633950
20221122,11:40:31,18430.00,100,633950
20221122,11:40:32,18430.00,150,633950
20221122,11:40:34,18430.00,150,633950
20221122,11:40:35,18430.00,150,633950
20221122,11:40:38,18430.00,50,633950
20221122,11:40:53,18430.00,50,633950
20221122,11:41:10,18430.00,50,633950
20221122,11:41:16,18427.10,50,633950
20221122,11:41:33,18427.00,50,633950
20221122,11:41:44,18425.80,50,633950
20221122,11:41:45,18426.05,50,633950
20221122,11:41:54,18425.40,50,633950
20221122,11:42:21,18425.20,50,636400
20221122,11:42:23,18425.75,50,636400
20221122,11:42:31,18425.40,50,636400
20221122,11:42:32,18425.40,50,636400
20221122,11:43:06,18424.40,50,636400
20221122,11:43:10,18425.00,50,636400
20221122,11:43:34,18426.75,150,636400
20221122,11:43:36,18426.75,50,636400
20221122,11:44:01,18426.85,50,636400
20221122,11:45:16,18428.15,100,636800
20221122,11:45:19,18428.20,150,636800
20221122,11:45:47,18427.95,150,636800
20221122,11:45:48,18427.95,50,636800
20221122,11:46:04,18426.85,50,636800
20221122,11:46:33,18422.90,50,636800
20221122,11:46:58,18423.30,50,636800
20221122,11:47:38,18423.00,50,636800
20221122,11:48:02,18424.00,50,636950
20221122,11:48:05,18424.00,50,636950
20221122,11:48:23,18424.00,100,636950
20221122,11:48:28,18424.00,200,636950
20221122,11:48:30,18423.00,100,636950
20221122,11:49:11,18424.00,50,636950
20221122,11:49:19,18424.00,50,636950
20221122,11:49:36,18422.60,300,636950
20221122,11:50:42,18425.00,50,636950
20221122,11:50:48,18426.00,50,636950
20221122,11:51:50,18425.30,50,637250
20221122,11:52:53,18424.25,50,637250
20221122,11:52:54,18425.30,50,637250
20221122,11:52:58,18427.45,500,637250
20221122,11:53:25,18428.00,850,637250
20221122,11:53:40,18428.20,50,637250
20221122,11:53:47,18425.95,50,637250
20221122,11:54:11,18426.95,50,638200
20221122,11:54:31,18427.45,50,638200
20221122,11:54:34,18428.00,300,638200
20221122,11:54:52,18428.00,700,638200
20221122,11:54:53,18428.00,50,638200
20221122,11:54:56,18428.00,50,638200
20221122,11:55:01,18428.00,50,638200
20221122,11:55:14,18428.70,50,638200
20221122,11:55:28,18428.00,150,638200
20221122,11:55:39,18424.75,100,638200
20221122,11:56:06,18424.75,100,638200
20221122,11:56:23,18424.75,50,638200
20221122,11:56:28,18424.75,100,638200
20221122,11:56:29,18424.75,50,638200
20221122,11:56:34,18425.00,50,638200
20221122,11:57:07,18424.05,50,639450
20221122,11:57:12,18424.05,100,639450
20221122,11:57:30,18425.50,50,639450
20221122,11:57:45,18427.00,50,639450
20221122,11:57:46,18425.75,50,639450
20221122,11:58:08,18427.00,50,639450
20221122,11:58:09,18427.00,50,639450
20221122,11:58:16,18426.10,50,639450
20221122,11:58:32,18426.20,50,639450
20221122,11:58:51,18425.95,50,639450
20221122,11:58:56,18426.00,50,639450
20221122,11:58:59,18425.85,50,639450
20221122,11:59:03,18427.00,100,639450
20221122,11:59:04,18428.90,50,639450
20221122,11:59:39,18427.85,50,639450
20221122,11:59:57,18428.00,50,639450
20221122,12:00:27,18425.95,50,640200
20221122,12:00:28,18426.10,100,640200
20221122,12:00:29,18426.10,50,640200
20221122,12:01:23,18426.10,50,640200
20221122,12:01:32,18427.00,50,640200
20221122,12:02:40,18426.00,50,640200
20221122,12:03:05,18427.00,50,640200
20221122,12:03:10,18427.90,50,640500
20221122,12:03:44,18425.60,100,640500
20221122,12:04:00,18427.50,50,640500
20221122,12:04:31,18425.60,50,640500
20221122,12:04:33,18425.60,50,640500
20221122,12:05:00,18427.30,50,640500
20221122,12:05:11,18425.60,50,640500
20221122,12:05:15,18425.60,100,640500
20221122,12:05:31,18425.60,50,640500
20221122,12:05:32,18425.60,50,640500
20221122,12:05:36,18425.60,450,640500
20221122,12:06:03,18425.80,50,641150
20221122,12:06:24,18425.00,50,641150
20221122,12:06:29,18425.00,50,641150
20221122,12:06:57,18426.10,50,641150
20221122,12:07:01,18426.05,50,641150
20221122,12:07:42,18426.00,100,641150
20221122,12:08:39,18426.00,50,641150
20221122,12:09:46,18429.00,50,641150
20221122,12:09:50,18428.50,50,641400
20221122,12:11:29,18425.30,50,641400
20221122,12:12:37,18426.45,50,641450
20221122,12:12:45,18426.45,50,641450
20221122,12:13:21,18426.45,50,641450
20221122,12:14:22,18428.95,100,641450
20221122,12:14:57,18428.55,50,641450
20221122,12:15:02,18428.95,50,641450
20221122,12:15:05,18429.00,50,641450
20221122,12:15:08,18429.20,100,641750
20221122,12:15:09,18429.90,150,641750
20221122,12:15:11,18429.95,50,641750
20221122,12:15:18,18429.05,100,641750
20221122,12:15:19,18430.00,50,641750
20221122,12:15:20,18430.00,650,641750
20221122,12:15:22,18430.00,150,641750
20221122,12:15:23,18430.00,50,641750
20221122,12:15:24,18430.00,1750,641750
20221122,12:15:25,18430.00,400,641750
20221122,12:15:26,18430.90,50,641750
20221122,12:15:29,18431.00,50,641750
20221122,12:15:30,18432.20,50,641750
20221122,12:16:43,18432.20,50,641750
20221122,12:16:44,18432.75,50,641750
20221122,12:17:00,18432.75,50,641750
20221122,12:17:27,18432.75,50,641750
20221122,12:17:42,18432.00,100,641750
20221122,12:18:05,18431.60,50,645350
20221122,12:18:13,18431.35,50,645350
20221122,12:18:26,18430.25,50,645350
20221122,12:18:42,18434.95,2000,645350
20221122,12:20:01,18434.95,50,645350
20221122,12:20:29,18430.65,200,645350
20221122,12:20:30,18431.45,50,645350
20221122,12:20:34,18431.45,50,645350
20221122,12:20:39,18431.45,50,645350
20221122,12:21:06,18431.45,50,647100
20221122,12:21:19,18430.00,100,647100
20221122,12:21:30,18429.55,50,647100
20221122,12:21:39,18430.00,50,647100
20221122,12:21:45,18430.85,50,647100
20221122,12:22:13,18429.00,50,647100
20221122,12:22:17,18427.60,150,647100
20221122,12:22:18,18428.85,100,647100
20221122,12:22:35,18428.85,50,647100
20221122,12:22:59,18427.40,50,647100
20221122,12:23:02,18428.00,100,647100
20221122,12:23:24,18427.50,50,647100
20221122,12:23:30,18428.20,100,647100
20221122,12:23:37,18427.20,50,647100
20221122,12:23:48,18427.25,50,647100
20221122,12:23:53,18428.10,50,647100
20221122,12:23:56,18428.80,50,647100
20221122,12:23:57,18428.85,50,647100
20221122,12:23:58,18429.25,50,647100
20221122,12:23:59,18429.45,50,647100
20221122,12:24:05,18429.25,100,647100
20221122,12:24:08,18430.35,250,647800
20221122,12:24:11,18429.90,50,647800
20221122,12:24:12,18430.25,50,647800
20221122,12:25:25,18428.70,50,647800
20221122,12:25:40,18428.75,50,647800
20221122,12:25:54,18430.00,100,647800
20221122,12:25:58,18430.00,150,647800
20221122,12:26:02,18430.00,100,647800
20221122,12:26:03,18430.00,150,647800
20221122,12:26:50,18426.15,50,647800
20221122,12:27:15,18427.45,50,648400
20221122,12:27:27,18425.95,100,648400
20221122,12:27:36,18425.75,50,648400
20221122,12:27:39,18425.80,50,648400
20221122,12:27:48,18423.90,100,648400
20221122,12:29:01,18424.90,200,648400
20221122,12:29:03,18428.15,100,648400
20221122,12:30:13,18427.00,50,648700
20221122,12:30:38,18427.20,50,648700
20221122,12:30:45,18428.00,100,648700
20221122,12:30:47,18428.00,50,648700
20221122,12:30:48,18428.00,50,648700
20221122,12:31:00,18428.00,50,648700
20221122,12:34:21,18426.00,50,649050
20221122,12:34:22,18427.95,50,649050
20221122,12:34:35,18426.95,50,649050
20221122,12:35:38,18428.00,50,649050
20221122,12:35:40,18428.00,150,649050
20221122,12:35:41,18430.00,50,649050
20221122,12:35:50,18428.60,50,649050
20221122,12:35:54,18428.35,50,649050
20221122,12:37:19,18427.60,50,649500
20221122,12:37:54,18425.00,50,649500
20221122,12:38:09,18425.00,100,649500
20221122,12:38:16,18418.00,100,649500
20221122,12:38:41,18420.00,100,649500
20221122,12:39:05,18421.90,50,649500
20221122,12:40:43,18422.00,50,649700
20221122,12:40:44,18423.85,100,649700
20221122,12:43:36,18421.05,50,649850
20221122,12:43:56,18421.05,50,649850
20221122,12:44:16,18420.75,50,649850
20221122,12:44:26,18420.95,50,649850
20221122,12:44:51,18422.00,50,649850
20221122,12:45:16,18420.00,100,649950
20221122,12:45:37,18420.05,150,649950
20221122,12:45:51,18422.55,50,649950
20221122,12:45:57,18420.20,50,649950
20221122,12:46:15,18423.00,50,649950
20221122,12:46:37,18422.05,50,649950
20221122,12:46:50,18421.90,50,649950
20221122,12:47:18,18421.30,50,649950
20221122,12:47:50,18420.00,50,649950
20221122,12:49:09,18416.40,100,650300
20221122,12:49:25,18417.10,50,650300
20221122,12:49:39,18416.15,50,650300
20221122,12:49:41,18415.00,50,650300
20221122,12:50:04,18410.00,250,650300
20221122,12:50:05,18410.00,100,650300
20221122,12:50:13,18409.80,50,650300
20221122,12:50:19,18410.35,50,650300
20221122,12:50:26,18410.00,50,650300
20221122,12:50:31,18411.05,250,650300
20221122,12:50:39,18412.00,50,650300
20221122,12:50:58,18414.75,50,650300
20221122,12:53:07,18415.00,50,650750
20221122,12:53:23,18414.45,50,650750
20221122,12:53:50,18414.45,100,650750
20221122,12:53:52,18414.45,350,650750
20221122,12:54:22,18414.00,50,650750
20221122,12:54:45,18414.45,50,650750
20221122,12:54:46,18415.25,600,650750
20221122,12:55:17,18418.00,200,650750
20221122,12:57:09,18420.80,100,650750
20221122,12:57:44,18417.80,400,651050
20221122,12:58:24,18418.45,50,651050
20221122,12:59:22,18418.00,50,651050
20221122,12:59:43,18419.95,50,651050
20221122,13:00:21,18418.85,50,650800
20221122,13:01:02,18416.05,50,650800
20221122,13:02:34,18419.00,50,650800
20221122,13:04:14,18420.00,50,650800
20221122,13:05:46,18420.00,50,650800
20221122,13:05:49,18420.00,50,650800
20221122,13:05:51,18423.90,200,650800
20221122,13:06:58,18422.00,50,651100
20221122,13:07:27,18422.85,50,651100
20221122,13:10:56,18417.05,100,651100
20221122,13:14:34,18414.30,50,651050
20221122,13:14:50,18414.00,50,651050
20221122,13:15:09,18416.35,50,651050
20221122,13:15:28,18414.00,50,651100
20221122,13:15:57,18413.20,50,651100
20221122,13:16:09,18413.60,50,651100
20221122,13:17:35,18416.95,50,651100
20221122,13:17:36,18415.00,50,651100
20221122,13:17:49,18417.00,50,651100
20221122,13:17:51,18419.95,50,651100
20221122,13:17:54,18417.00,50,651100
20221122,13:18:00,18416.40,50,651100
20221122,13:18:01,18419.00,100,651100
20221122,13:18:57,18419.00,50,651250
20221122,13:19:02,18417.35,50,651250
20221122,13:19:11,18419.00,50,651250
20221122,13:19:20,18419.00,50,651250
20221122,13:19:21,18420.00,50,651250
20221122,13:19:25,18419.65,50,651250
20221122,13:19:42,18419.65,100,651250
20221122,13:21:07,18422.45,50,651250
20221122,13:21:09,18422.80,50,651250
20221122,13:21:18,18422.50,50,651250
20221122,13:21:31,18421.65,650,651400
20221122,13:23:01,18423.00,50,651400
20221122,13:23:21,18424.15,50,651400
20221122,13:23:23,18424.30,50,651400
20221122,13:24:29,18423.00,50,651400
20221122,13:25:15,18423.85,50,651400
20221122,13:25:40,18426.50,50,651400
20221122,13:26:34,18426.40,50,651400
20221122,13:27:23,18426.00,50,651400
20221122,13:28:40,18424.00,50,651400
20221122,13:29:11,18426.70,50,651400
20221122,13:29:17,18423.50,50,651400
20221122,13:29:20,18423.50,50,651400
20221122,13:29:27,18423.45,50,651400
20221122,13:30:15,18425.45,50,651400
20221122,13:31:39,18423.35,50,651600
20221122,13:31:47,18423.35,50,651600
20221122,13:32:29,18420.55,50,651600
20221122,13:32:39,18422.60,200,651600
20221122,13:34:07,18421.50,50,651650
20221122,13:34:29,18419.75,50,651650
20221122,13:35:29,18420.00,200,651650
20221122,13:36:15,18421.50,50,651650
20221122,13:37:10,18421.50,150,651500
20221122,13:37:32,18421.50,100,651500
20221122,13:37:41,18422.30,50,651500
20221122,13:38:26,18419.05,100,651500
20221122,13:39:00,18419.35,50,651500
20221122,13:39:13,18419.35,50,651500
20221122,13:40:37,18420.75,50,651600
20221122,13:40:49,18423.00,100,651600
20221122,13:40:51,18421.00,50,651600
20221122,13:40:57,18422.65,50,651600
20221122,13:41:00,18421.00,50,651600
20221122,13:41:05,18422.75,50,651600
20221122,13:41:29,18421.00,50,651600
20221122,13:42:06,18424.00,50,651600
20221122,13:42:09,18423.00,50,651600
20221122,13:43:14,18420.30,50,651600
20221122,13:43:23,18422.00,50,651850
20221122,13:43:39,18421.00,50,651850
20221122,13:44:40,18422.00,50,651850
20221122,13:45:10,18421.05,50,651850
20221122,13:45:59,18425.00,50,652000
20221122,13:46:05,18425.00,50,652000
20221122,13:46:26,18425.00,50,652000
20221122,13:46:30,18425.00,50,652000
20221122,13:46:58,18424.00,50,652000
20221122,13:48:38,18425.00,50,652050
20221122,13:49:26,18424.00,50,652050
20221122,13:50:53,18423.00,50,652050
20221122,13:51:22,18425.00,50,652050
20221122,13:52:11,18421.00,50,652150
20221122,13:52:29,18420.00,50,652150
20221122,13:52:45,18420.00,50,652150
20221122,13:52:57,18420.00,50,652150
20221122,13:53:19,18420.30,400,652150
20221122,13:53:31,18417.05,50,652150
20221122,13:54:22,18413.60,50,652150
20221122,13:54:26,18412.10,50,652800
20221122,13:54:31,18410.05,100,652800
20221122,13:55:18,18414.35,50,652800
20221122,13:55:23,18414.50,50,652800
20221122,13:55:32,18414.50,50,652800
20221122,13:55:33,18415.00,50,652800
20221122,13:55:36,18414.50,50,652800
20221122,13:55:51,18417.00,50,652800
20221122,13:55:54,18417.05,50,652800
20221122,13:56:05,18422.35,50,652800
20221122,13:56:07,18423.00,50,652800
20221122,13:56:08,18430.85,600,652800
20221122,13:56:09,18434.00,100,652800
20221122,13:56:14,18434.80,50,652800
20221122,13:56:15,18435.00,400,652800
20221122,13:56:17,18439.90,200,652800
20221122,13:56:18,18440.00,300,652800
20221122,13:56:19,18440.00,450,652800
20221122,13:56:26,18439.00,50,652800
20221122,13:56:42,18435.35,50,652800
20221122,13:56:44,18438.35,50,652800
20221122,13:57:21,18436.60,100,652800
20221122,13:57:39,18433.95,250,653350
20221122,13:58:04,18433.95,50,653350
20221122,13:58:10,18435.30,50,653350
20221122,13:58:33,18435.30,50,653350
20221122,13:58:49,18435.30,50,653350
20221122,13:58:52,18435.30,50,653350
20221122,13:58:56,18436.00,150,653350
20221122,13:59:22,18430.55,50,653350
20221122,13:59:55,18431.00,350,653350
20221122,14:00:04,18431.00,100,653350
20221122,14:00:05,18431.00,50,653350
20221122,14:01:19,18433.00,50,654150
20221122,14:01:21,18433.00,150,654150
20221122,14:01:24,18431.00,50,654150
20221122,14:02:23,18428.35,50,654150
20221122,14:02:24,18427.00,200,654150
20221122,14:02:25,18425.15,50,654150
20221122,14:02:44,18425.00,50,654150
20221122,14:02:50,18425.40,50,654150
20221122,14:03:08,18425.00,50,654150
20221122,14:03:12,18428.45,50,654150
20221122,14:03:21,18424.55,50,654150
20221122,14:04:07,18427.00,50,654150
20221122,14:04:41,18429.80,50,654550
20221122,14:05:17,18428.90,50,654550
20221122,14:05:20,18429.20,50,654550
20221122,14:05:22,18430.80,50,654550
20221122,14:05:34,18430.80,50,654550
20221122,14:06:45,18425.45,50,654450
20221122,14:07:58,18425.95,400,654450
20221122,14:08:07,18426.30,50,654450
20221122,14:08:08,18429.25,300,654450
20221122,14:08:11,18425.95,50,654450
20221122,14:08:30,18425.95,50,654450
20221122,14:09:00,18425.00,50,654450
20221122,14:11:27,18426.45,100,654450
20221122,14:11:40,18426.70,50,655000
20221122,14:11:51,18426.10,50,655000
20221122,14:12:24,18421.00,50,655000
20221122,14:12:25,18421.00,50,655000
20221122,14:12:27,18421.00,50,655000
20221122,14:12:29,18421.00,50,655000
20221122,14:12:32,18421.00,50,655000
20221122,14:12:35,18421.00,50,655000
20221122,14:12:39,18421.00,50,655000
20221122,14:12:40,18421.00,50,655000
20221122,14:12:46,18421.00,50,655000
20221122,14:12:48,18421.00,50,655000
20221122,14:12:50,18421.00,200,655000
20221122,14:13:34,18422.65,100,655000
20221122,14:14:06,18420.00,50,655000
20221122,14:14:15,18417.45,50,655000
20221122,14:16:02,18424.85,150,654950
20221122,14:16:34,18422.95,150,654950
20221122,14:17:06,18422.30,50,654950
20221122,14:17:54,18420.60,150,654950
20221122,14:17:55,18422.30,50,654950
20221122,14:19:39,18423.40,50,654950
20221122,14:20:38,18418.85,50,655200
20221122,14:21:03,18419.55,50,655200
20221122,14:21:34,18419.65,100,655200
20221122,14:21:53,18423.35,100,655200
20221122,14:21:55,18423.40,50,655200
20221122,14:22:10,18423.45,50,655200
20221122,14:22:11,18425.45,50,655200
20221122,14:22:43,18424.05,50,655200
20221122,14:23:00,18426.00,350,655200
20221122,14:23:07,18424.00,50,655200
20221122,14:23:35,18423.00,50,655200
20221122,14:23:40,18423.00,50,655200
20221122,14:25:45,18422.45,50,655750
20221122,14:26:50,18422.00,50,655750
20221122,14:27:23,18422.00,100,655750
20221122,14:28:22,18425.00,500,655750
20221122,14:28:42,18425.40,50,655750
20221122,14:28:49,18426.55,150,655750
20221122,14:28:59,18427.90,50,655750
20221122,14:29:05,18429.90,250,655750
20221122,14:29:08,18428.45,50,655750
20221122,14:29:09,18428.60,50,655750
20221122,14:29:11,18430.35,100,655750
20221122,14:29:34,18429.05,50,655750
20221122,14:30:08,18429.90,50,655750
20221122,14:30:17,18430.70,50,655750
20221122,14:31:13,18424.00,50,655750
20221122,14:31:14,18427.30,50,655650
20221122,14:31:24,18421.55,100,655650
20221122,14:32:01,18425.90,100,655650
20221122,14:32:06,18422.75,600,655650
20221122,14:32:07,18422.95,50,655650
20221122,14:33:28,18422.30,50,655650
20221122,14:33:41,18422.30,100,655900
20221122,14:34:20,18422.20,50,655900
20221122,14:35:37,18420.10,50,655900
20221122,14:37:10,18419.40,50,655900
20221122,14:38:06,18419.05,50,655900
20221122,14:39:06,18420.00,50,655900
20221122,14:39:08,18423.70,50,655900
20221122,14:39:17,18423.70,50,655900
20221122,14:40:09,18419.00,100,655900
20221122,14:40:22,18422.45,50,655900
20221122,14:40:37,18422.30,50,655900
20221122,14:41:59,18420.20,50,655900
20221122,14:42:12,18418.00,50,655900
20221122,14:42:24,18420.25,100,655900
20221122,14:43:13,18415.00,50,655750
20221122,14:43:15,18415.00,150,655750
20221122,14:43:16,18415.00,350,655750
20221122,14:43:47,18415.00,50,655750
20221122,14:43:55,18417.00,150,655750
20221122,14:45:51,18418.85,50,656350
20221122,14:46:09,18418.40,50,656350
20221122,14:47:46,18417.35,50,656350
20221122,14:49:06,18419.90,100,656350
20221122,14:49:47,18420.00,50,656350
20221122,14:49:48,18419.05,50,656350
20221122,14:49:51,18420.00,50,656350
20221122,14:49:57,18423.90,100,656350
20221122,14:49:58,18423.90,50,656350
20221122,14:50:00,18423.90,50,656350
20221122,14:50:03,18423.90,50,656350
20221122,14:50:37,18425.00,100,656350
20221122,14:50:51,18430.00,100,656350
20221122,14:50:57,18430.00,50,656350
20221122,14:51:25,18430.00,50,656350
20221122,14:52:30,18431.60,50,656550
20221122,14:52:40,18430.60,100,656550
20221122,14:53:03,18425.30,50,656550
20221122,14:53:10,18426.35,50,656550
20221122,14:53:12,18426.35,50,656550
20221122,14:53:19,18426.35,200,656550
20221122,14:53:21,18426.95,50,656550
20221122,14:53:52,18428.35,100,656550
20221122,14:53:53,18429.65,50,656550
20221122,14:54:24,18429.65,50,656550
20221122,14:54:38,18430.00,50,656550
20221122,14:54:50,18430.00,50,657250
20221122,14:54:52,18430.95,50,657250
20221122,14:54:59,18428.05,100,657250
20221122,14:56:18,18430.00,50,657250
20221122,14:56:27,18433.50,200,657250
20221122,14:56:28,18435.00,50,657250
20221122,14:56:30,18435.00,100,657250
20221122,14:56:31,18436.15,100,657250
20221122,14:57:08,18437.25,50,657250
20221122,14:57:11,18438.35,50,657250
20221122,14:57:18,18438.50,50,657250
20221122,14:57:59,18438.50,100,657400
20221122,14:58:15,18432.45,50,657400
20221122,14:58:24,18435.00,50,657400
20221122,14:59:04,18432.00,100,657400
20221122,14:59:10,18431.65,50,657400
20221122,15:00:00,18435.00,250,657400
20221122,15:00:01,18438.30,100,657400
20221122,15:00:04,18436.90,50,657400
20221122,15:00:07,18438.50,100,657400
20221122,15:00:08,18442.00,750,657400
20221122,15:00:09,18444.00,550,657400
20221122,15:00:10,18447.65,1100,657400
20221122,15:00:13,18447.65,50,657400
20221122,15:00:21,18440.75,50,657400
20221122,15:01:08,18443.00,50,658250
20221122,15:01:09,18443.00,50,658250
20221122,15:01:19,18441.25,100,658250
20221122,15:01:50,18447.90,100,658250
20221122,15:01:53,18448.00,50,658250
20221122,15:01:55,18448.00,50,658250
20221122,15:02:01,18447.25,50,658250
20221122,15:02:16,18446.10,50,658250
20221122,15:02:37,18442.00,50,658250
20221122,15:02:53,18446.10,100,658250
20221122,15:03:18,18445.00,50,658250
20221122,15:03:19,18445.00,50,658250
20221122,15:03:26,18444.00,50,658250
20221122,15:03:34,18443.85,50,658250
20221122,15:03:39,18445.85,50,658250
20221122,15:04:06,18445.85,50,658700
20221122,15:04:08,18446.65,50,658700
20221122,15:04:11,18447.00,50,658700
20221122,15:04:21,18445.40,50,658700
20221122,15:04:35,18445.00,50,658700
20221122,15:04:45,18445.00,50,658700
20221122,15:04:50,18445.00,50,658700
20221122,15:04:53,18445.00,50,658700
20221122,15:04:57,18445.00,50,658700
20221122,15:05:03,18447.00,50,658700
20221122,15:05:04,18447.00,50,658700
20221122,15:05:05,18447.00,50,658700
20221122,15:05:18,18446.80,250,658700
20221122,15:05:26,18447.00,50,658700
20221122,15:05:34,18445.25,50,658700
20221122,15:05:36,18446.10,50,658700
20221122,15:05:46,18444.25,100,658700
20221122,15:05:49,18444.20,100,658700
20221122,15:06:12,18445.00,100,658700
20221122,15:06:39,18445.00,100,658700
20221122,15:06:45,18444.50,50,658700
20221122,15:06:47,18445.10,50,659450
20221122,15:06:48,18444.30,50,659450
20221122,15:06:54,18447.00,100,659450
20221122,15:07:05,18447.00,50,659450
20221122,15:07:07,18448.95,200,659450
20221122,15:07:18,18448.00,50,659450
20221122,15:07:22,18449.00,100,659450
20221122,15:07:34,18450.00,200,659450
20221122,15:07:41,18450.00,300,659450
20221122,15:07:42,18450.00,300,659450
20221122,15:07:53,18450.00,50,659450
20221122,15:08:05,18450.00,50,659450
20221122,15:08:07,18450.00,50,659450
20221122,15:08:11,18450.00,100,659450
20221122,15:08:15,18450.00,50,659450
20221122,15:08:18,18450.00,500,659450
20221122,15:08:19,18452.15,50,659450
20221122,15:08:23,18452.15,50,659450
20221122,15:08:28,18452.95,200,659450
20221122,15:08:35,18452.95,150,659450
20221122,15:08:40,18450.00,100,659450
20221122,15:08:41,18452.95,50,659450
20221122,15:08:50,18452.95,100,659450
20221122,15:08:55,18450.15,250,659450
20221122,15:09:00,18453.00,150,659450
20221122,15:09:17,18453.00,50,659450
20221122,15:09:19,18450.75,200,659450
20221122,15:10:01,18454.95,150,661100
20221122,15:10:06,18454.95,100,661100
20221122,15:10:08,18454.95,100,661100
20221122,15:10:10,18454.95,100,661100
20221122,15:10:11,18451.15,50,661100
20221122,15:10:23,18451.35,50,661100
20221122,15:10:27,18453.00,50,661100
20221122,15:10:34,18453.00,50,661100
20221122,15:10:41,18451.45,50,661100
20221122,15:10:44,18454.40,50,661100
20221122,15:10:51,18454.40,50,661100
20221122,15:11:18,18451.00,50,661100
20221122,15:11:19,18451.00,150,661100
20221122,15:11:22,18450.00,50,661100
20221122,15:11:24,18450.00,100,661100
20221122,15:11:26,18452.90,50,661100
20221122,15:11:34,18450.35,50,661100
20221122,15:11:40,18451.00,50,661100
20221122,15:11:44,18450.35,50,661100
20221122,15:11:45,18452.80,50,661100
20221122,15:11:46,18449.45,250,661100
20221122,15:11:47,18449.35,50,661100
20221122,15:11:58,18450.50,50,661100
20221122,15:12:09,18450.50,50,661100
20221122,15:12:11,18451.65,50,661100
20221122,15:12:21,18453.45,100,661100
20221122,15:12:35,18451.25,50,661100
20221122,15:12:37,18453.85,100,661100
20221122,15:12:45,18452.70,50,662150
20221122,15:12:52,18454.95,100,662150
20221122,15:12:53,18455.00,100,662150
20221122,15:12:55,18455.00,150,662150
20221122,15:12:56,18455.25,200,662150
20221122,15:12:58,18456.30,50,662150
20221122,15:13:02,18456.30,50,662150
20221122,15:13:04,18456.90,50,662150
20221122,15:13:07,18458.55,500,662150
20221122,15:13:10,18459.25,500,662150
20221122,15:13:14,18459.25,50,662150
20221122,15:13:20,18456.70,150,662150
20221122,15:13:21,18458.80,50,662150
20221122,15:13:29,18458.80,50,662150
20221122,15:13:30,18459.25,50,662150
20221122,15:13:31,18460.00,150,662150
20221122,15:13:32,18460.00,100,662150
20221122,15:13:34,18460.00,150,662150
20221122,15:13:39,18460.00,50,662150
20221122,15:13:41,18460.00,50,662150
20221122,15:13:42,18460.00,100,662150
20221122,15:13:44,18460.00,250,662150
20221122,15:13:45,18460.00,150,662150
20221122,15:13:49,18462.00,50,662150
20221122,15:13:50,18464.65,600,662150
20221122,15:13:55,18462.75,50,662150
20221122,15:13:58,18463.25,50,662150
20221122,15:14:02,18464.20,50,662150
20221122,15:14:05,18464.25,50,662150
20221122,15:14:07,18463.00,50,662150
20221122,15:14:09,18465.00,50,662150
20221122,15:14:12,18465.00,50,662150
20221122,15:14:14,18460.65,50,662150
20221122,15:14:31,18461.25,50,662150
20221122,15:14:39,18463.25,50,662150
20221122,15:14:55,18463.90,50,662150
20221122,15:15:01,18464.10,150,662150
20221122,15:15:02,18464.25,100,662150
20221122,15:15:03,18465.00,200,662150
20221122,15:15:05,18465.00,150,662150
20221122,15:15:06,18466.90,50,662150
20221122,15:15:10,18466.90,50,662150
20221122,15:15:14,18465.90,150,662150
20221122,15:15:15,18466.10,50,662150
20221122,15:15:16,18467.20,50,662150
20221122,15:15:17,18467.90,200,662150
20221122,15:15:18,18465.90,50,662150
20221122,15:15:22,18467.85,50,662150
20221122,15:15:23,18467.10,100,662150
20221122,15:15:26,18470.00,1050,662150
20221122,15:15:28,18466.90,50,662150
20221122,15:15:39,18466.90,200,662150
20221122,15:15:43,18467.90,50,662150
20221122,15:15:55,18466.15,50,666350
20221122,15:16:12,18467.25,600,666350
20221122,15:16:13,18467.25,100,666350
20221122,15:16:16,18467.40,100,666350
20221122,15:16:17,18468.00,100,666350
20221122,15:16:22,18468.00,100,666350
20221122,15:16:28,18467.25,50,666350
20221122,15:16:45,18467.45,50,666350
20221122,15:16:50,18467.45,50,666350
20221122,15:16:52,18467.25,150,666350
20221122,15:16:55,18467.25,50,666350
20221122,15:17:07,18467.25,100,666350
20221122,15:17:12,18467.25,50,666350
20221122,15:17:15,18467.25,150,666350
20221122,15:17:16,18467.10,200,666350
20221122,15:17:20,18466.05,500,666350
20221122,15:17:22,18467.10,50,666350
20221122,15:17:30,18467.15,50,666350
20221122,15:17:32,18467.15,50,666350
20221122,15:17:34,18469.35,100,666350
20221122,15:17:35,18467.10,50,666350
20221122,15:17:38,18467.10,50,666350
20221122,15:17:57,18467.10,100,666350
20221122,15:18:02,18467.25,50,666350
20221122,15:18:03,18469.70,100,666350
20221122,15:18:15,18467.10,200,666350
20221122,15:18:16,18467.25,150,666350
20221122,15:18:20,18467.25,100,666350
20221122,15:18:21,18467.10,100,666350
20221122,15:18:22,18467.25,450,666350
20221122,15:18:23,18467.10,250,666350
20221122,15:18:25,18467.25,50,666350
20221122,15:18:26,18467.25,150,666350
20221122,15:18:28,18467.25,50,666350
20221122,15:18:35,18468.25,50,666350
20221122,15:18:36,18467.25,50,666350
20221122,15:18:44,18465.85,50,666350
20221122,15:18:45,18465.35,100,666350
20221122,15:18:46,18465.40,50,669300
20221122,15:18:56,18465.00,50,669300
20221122,15:18:57,18467.25,50,669300
20221122,15:18:59,18464.05,50,669300
20221122,15:19:12,18464.15,50,669300
20221122,15:19:14,18464.00,100,669300
20221122,15:19:35,18465.00,50,669300
20221122,15:20:24,18465.95,50,669300
20221122,15:20:27,18464.00,50,669300
20221122,15:20:35,18462.40,250,669300
20221122,15:20:46,18463.00,50,669300
20221122,15:20:47,18464.00,100,669300
20221122,15:20:51,18464.00,50,669300
20221122,15:21:06,18464.00,50,669300
20221122,15:21:18,18464.00,100,669300
20221122,15:21:19,18465.00,50,669300
20221122,15:21:26,18464.00,100,669300
20221122,15:21:27,18465.00,50,669300
20221122,15:21:47,18465.00,50,669550
20221122,15:21:50,18466.00,100,669550
20221122,15:21:52,18465.00,50,669550
20221122,15:21:59,18465.60,50,669550
20221122,15:22:00,18465.00,100,669550
20221122,15:22:06,18466.05,100,669550
20221122,15:22:15,18466.95,50,669550
20221122,15:22:17,18467.00,150,669550
20221122,15:22:18,18467.20,100,669550
20221122,15:22:21,18467.95,50,669550
20221122,15:22:25,18467.95,50,669550
20221122,15:22:30,18466.90,300,669550
20221122,15:22:34,18469.00,50,669550
20221122,15:22:35,18467.95,100,669550
20221122,15:22:36,18470.00,50,669550
20221122,15:22:39,18470.55,500,669550
20221122,15:22:42,18471.50,50,669550
20221122,15:22:46,18471.50,50,669550
20221122,15:22:51,18468.25,50,669550
20221122,15:23:02,18467.05,500,669550
20221122,15:23:08,18471.85,50,669550
20221122,15:23:10,18471.85,50,669550
20221122,15:23:16,18472.00,50,669550
20221122,15:23:23,18472.00,50,669550
20221122,15:23:32,18472.90,50,669550
20221122,15:23:35,18472.90,50,669550
20221122,15:23:43,18473.30,50,669550
20221122,15:23:52,18474.00,500,669550
20221122,15:23:57,18474.00,100,669550
20221122,15:23:59,18474.00,300,669550
20221122,15:24:02,18473.90,50,669550
20221122,15:24:03,18470.55,50,669550
20221122,15:24:06,18473.70,50,669550
20221122,15:24:08,18471.05,50,669550
20221122,15:24:09,18473.95,250,669550
20221122,15:24:17,18474.00,150,669550
20221122,15:24:18,18472.30,50,669550
20221122,15:24:21,18474.95,100,669550
20221122,15:24:23,18474.95,50,669550
20221122,15:24:24,18474.95,200,669550
20221122,15:24:27,18475.00,250,669550
20221122,15:24:36,18475.00,50,669550
20221122,15:24:44,18473.00,50,669550
20221122,15:25:04,18474.40,100,671750
20221122,15:25:06,18473.00,100,671750
20221122,15:25:07,18473.00,100,671750
20221122,15:25:11,18473.00,50,671750
20221122,15:25:12,18473.00,100,671750
20221122,15:25:14,18473.00,100,671750
20221122,15:25:28,18474.45,50,671750
20221122,15:25:36,18474.55,50,671750
20221122,15:25:39,18474.35,50,671750
20221122,15:25:40,18472.95,50,671750
20221122,15:25:52,18472.00,50,671750
20221122,15:25:54,18472.00,50,671750
20221122,15:25:55,18472.35,50,671750
20221122,15:25:59,18471.00,150,671750
20221122,15:25:59,18471.00,50,671750
20221122,15:26:00,18471.00,100,671750
20221122,15:26:15,18470.50,50,671750
20221122,15:26:26,18471.00,50,671750
20221122,15:26:35,18471.00,50,671750
20221122,15:27:06,18472.00,100,671750
20221122,15:27:12,18472.00,50,671750
20221122,15:27:12,18471.00,50,671750
20221122,15:27:17,18471.00,50,671750
20221122,15:27:19,18471.00,50,671750
20221122,15:27:31,18470.00,100,671750
20221122,15:27:33,18470.00,150,671750
20221122,15:27:36,18471.00,150,671750
20221122,15:27:39,18466.95,500,671750
20221122,15:27:42,18468.35,200,671750
20221122,15:27:45,18468.25,50,671750
20221122,15:27:48,18470.00,50,673250
20221122,15:27:51,18470.00,50,673250
20221122,15:27:55,18468.20,50,673250
20221122,15:27:58,18467.20,200,673250
20221122,15:28:19,18470.00,200,673250
20221122,15:28:20,18470.00,150,673250
20221122,15:28:23,18470.00,100,673250
20221122,15:28:24,18470.30,150,673250
20221122,15:28:31,18470.10,50,673250
20221122,15:28:37,18470.10,50,673250
20221122,15:28:42,18470.70,50,673250
20221122,15:29:06,18471.00,450,673250
20221122,15:29:11,18474.45,350,673250
20221122,15:29:15,18472.80,100,673250
20221122,15:29:18,18473.20,50,673250
20221122,15:29:19,18471.50,50,673250
20221122,15:29:25,18473.95,50,673250
20221122,15:29:26,18471.50,100,673250
20221122,15:29:31,18473.20,300,673250
20221122,15:29:32,18470.00,100,673250
20221122,15:29:36,18470.15,50,673250
20221122,15:29:46,18471.20,50,673250
20221122,15:29:48,18470.05,150,673250
20221122,15:29:49,18470.05,50,673250
20221122,15:29:50,18470.00,100,673250
20221122,15:29:51,18469.95,100,673250
