20221122,09:15:00,18315.00,1,3333000
20221122,09:15:00,18314.90,900,3333000
20221122,09:15:00,18295.70,650,3333000
20221122,09:15:01,18316.50,650,3333000
20221122,09:15:02,18318.40,800,3333000
20221122,09:15:04,18301.85,550,3333000
20221122,09:15:05,18294.75,2600,3333000
20221122,09:15:06,18290.90,4250,3333000
20221122,09:15:07,18289.50,1850,3333000
20221122,09:15:08,18285.40,700,3333000
20221122,09:15:09,18285.30,1250,3333000
20221122,09:15:10,18292.50,700,3333000
20221122,09:15:11,18296.70,2550,3333000
20221122,09:15:12,18300.00,200,3333000
20221122,09:15:13,18300.00,50,3333000
20221122,09:15:14,18292.65,700,3333000
20221122,09:15:16,18291.65,250,3333000
20221122,09:15:17,18290.30,100,3333000
20221122,09:15:18,18290.10,200,3333000
20221122,09:15:19,18297.40,400,3333000
20221122,09:15:20,18297.00,100,3333000
20221122,09:15:22,18299.70,3500,3333000
20221122,09:15:23,18294.95,50,3333000
20221122,09:15:24,18294.60,5050,3333000
20221122,09:15:25,18295.65,250,3333000
20221122,09:15:26,18297.95,400,3333000
20221122,09:15:26,18292.85,300,3333000
20221122,09:15:27,18292.25,250,3333000
20221122,09:15:29,18291.90,150,3333000
20221122,09:15:30,18288.65,100,3333000
20221122,09:15:31,18292.00,100,3333000
20221122,09:15:32,18290.00,250,3333000
20221122,09:15:33,18286.75,150,3333000
20221122,09:15:34,18288.95,100,3333000
20221122,09:15:35,18285.10,850,3333000
20221122,09:15:36,18290.00,450,3333000
20221122,09:15:37,18288.40,600,3333000
20221122,09:15:38,18290.00,1950,3333000
20221122,09:15:39,18289.45,800,3333000
20221122,09:15:40,18290.45,2800,3333000
20221122,09:15:42,18293.00,150,3333000
20221122,09:15:43,18292.00,350,3333000
20221122,09:15:44,18292.05,100,3333000
20221122,09:15:45,18292.55,250,3333000
20221122,09:15:46,18296.75,250,3333000
20221122,09:15:47,18297.00,900,3333000
20221122,09:15:49,18299.40,100,3333000
20221122,09:15:50,18300.00,50,3333000
20221122,09:15:51,18297.10,100,3333000
20221122,09:15:52,18297.40,50,3333000
20221122,09:15:53,18297.00,1850,3333000
20221122,09:15:54,18297.00,50,3333000
20221122,09:15:55,18297.40,50,3333000
20221122,09:15:56,18297.40,50,3333000
20221122,09:15:59,18297.00,150,3333000
20221122,09:16:00,18297.05,50,3333000
20221122,09:16:02,18297.05,100,3333000
20221122,09:16:03,18297.00,250,3333000
20221122,09:16:04,18296.75,250,3333000
20221122,09:16:09,18296.75,50,3333000
20221122,09:16:10,18296.75,150,3333000
20221122,09:16:11,18296.75,200,3333000
20221122,09:16:12,18297.00,250,3333000
20221122,09:16:13,18296.75,200,3333000
20221122,09:16:14,18298.55,50,3333000
20221122,09:16:15,18296.75,100,3333000
20221122,09:16:16,18296.75,1100,3333000
20221122,09:16:18,18296.75,100,3333000
20221122,09:16:19,18296.75,600,3333000
20221122,09:16:27,18297.05,100,3333000
20221122,09:16:28,18297.00,150,3333000
20221122,09:16:29,18297.95,100,3333000
20221122,09:16:30,18297.00,100,3333000
20221122,09:16:31,18297.00,150,3333000
20221122,09:16:32,18297.00,100,3333000
20221122,09:16:34,18292.00,1150,3333000
20221122,09:16:35,18293.40,150,3333000
20221122,09:16:36,18293.05,350,3333000
20221122,09:16:37,18292.50,350,3333000
20221122,09:16:38,18292.00,300,3333000
20221122,09:16:39,18290.00,1950,3333000
20221122,09:16:41,18289.65,50,3333000
20221122,09:16:43,18288.20,1300,3333000
20221122,09:16:44,18288.20,400,3333000
20221122,09:16:45,18286.15,350,3333000
20221122,09:16:46,18288.95,100,3333000
20221122,09:16:47,18288.75,100,3333000
20221122,09:16:48,18288.00,150,3333000
20221122,09:16:49,18288.00,150,3333000
20221122,09:16:50,18288.00,350,3333000
20221122,09:16:51,18288.00,200,3333000
20221122,09:16:52,18288.00,50,3333000
20221122,09:16:53,18288.00,400,3333000
20221122,09:16:54,18288.00,400,3333000
20221122,09:16:55,18288.00,50,3333000
20221122,09:16:56,18285.05,300,3333000
20221122,09:16:57,18285.00,200,3333000
20221122,09:16:58,18285.00,100,3333000
20221122,09:16:59,18284.00,50,3333000
20221122,09:17:00,18284.00,50,3333000
20221122,09:17:01,18282.00,550,3333000
20221122,09:17:02,18285.30,50,3333000
20221122,09:17:03,18290.80,2300,3333000
20221122,09:17:04,18291.20,100,3333000
20221122,09:17:05,18286.45,550,3333000
20221122,09:17:06,18285.95,450,3333000
20221122,09:17:07,18284.50,800,3333000
20221122,09:17:08,18289.50,200,3333000
20221122,09:17:09,18285.05,50,3333000
20221122,09:17:11,18289.10,150,3333000
20221122,09:17:12,18289.00,100,3333000
20221122,09:17:13,18292.40,800,3333000
20221122,09:17:14,18292.40,50,3333000
20221122,09:17:15,18292.40,650,3333000
20221122,09:17:17,18288.50,150,3333000
20221122,09:17:18,18292.55,550,3333000
20221122,09:17:19,18292.30,400,3333000
20221122,09:17:21,18293.15,250,3333000
20221122,09:17:23,18294.80,50,3333000
20221122,09:17:25,18293.25,500,3333000
20221122,09:17:26,18292.65,200,3333000
20221122,09:17:27,18293.30,1500,3333000
20221122,09:17:30,18292.90,600,3333000
20221122,09:17:32,18289.10,150,3333000
20221122,09:17:34,18290.10,50,3333000
20221122,09:17:36,18289.80,200,3350500
20221122,09:17:37,18290.70,100,3350500
20221122,09:17:38,18293.85,100,3350500
20221122,09:17:39,18292.75,100,3350500
20221122,09:17:40,18292.70,450,3350500
20221122,09:17:41,18290.05,300,3350500
20221122,09:17:42,18293.40,150,3350500
20221122,09:17:44,18292.00,50,3350500
20221122,09:17:46,18290.65,100,3350500
20221122,09:17:47,18290.65,100,3350500
20221122,09:17:49,18289.00,50,3350500
20221122,09:17:50,18290.00,150,3350500
20221122,09:17:51,18288.45,150,3350500
20221122,09:17:52,18287.85,300,3350500
20221122,09:17:55,18289.45,50,3350500
20221122,09:17:57,18287.85,100,3350500
20221122,09:17:58,18285.75,150,3350500
20221122,09:17:59,18288.65,150,3350500
20221122,09:18:01,18285.60,50,3350500
20221122,09:18:02,18289.75,5200,3350500
20221122,09:18:04,18290.00,50,3350500
20221122,09:18:05,18290.00,450,3350500
20221122,09:18:07,18286.90,200,3350500
20221122,09:18:08,18286.70,100,3350500
20221122,09:18:09,18288.40,100,3350500
20221122,09:18:10,18285.10,50,3350500
20221122,09:18:11,18285.75,50,3350500
20221122,09:18:13,18286.40,50,3350500
20221122,09:18:15,18289.60,350,3350500
20221122,09:18:16,18289.90,150,3350500
20221122,09:18:18,18287.05,50,3350500
20221122,09:18:20,18287.10,50,3350500
20221122,09:18:21,18289.50,100,3350500
20221122,09:18:23,18286.45,100,3350500
20221122,09:18:24,18286.30,50,3350500
20221122,09:18:29,18289.00,200,3350500
20221122,09:18:31,18289.00,700,3350500
20221122,09:18:33,18290.00,300,3350500
20221122,09:18:35,18289.00,150,3350500
20221122,09:18:39,18289.95,50,3350500
20221122,09:18:40,18290.00,50,3350500
20221122,09:18:42,18287.75,200,3350500
20221122,09:18:43,18287.25,700,3350500
20221122,09:18:45,18290.00,100,3350500
20221122,09:18:47,18290.00,1750,3350500
20221122,09:18:48,18291.75,150,3350500
20221122,09:18:49,18293.00,200,3350500
20221122,09:18:50,18294.55,2000,3350500
20221122,09:18:52,18290.15,100,3350500
20221122,09:18:54,18290.15,100,3350500
20221122,09:18:55,18288.15,350,3350500
20221122,09:18:56,18285.85,100,3350500
20221122,09:18:59,18285.00,100,3350500
20221122,09:19:00,18286.65,50,3350500
20221122,09:19:02,18285.65,300,3350500
20221122,09:19:04,18285.85,500,3350500
20221122,09:19:07,18287.20,50,3350500
20221122,09:19:08,18286.65,50,3350500
20221122,09:19:15,18285.00,100,3350500
20221122,09:19:16,18286.65,100,3350500
20221122,09:19:17,18286.40,200,3350500
20221122,09:19:19,18286.00,100,3350500
20221122,09:19:21,18285.10,250,3350500
20221122,09:19:22,18285.10,250,3350500
20221122,09:19:24,18287.60,400,3350500
20221122,09:19:26,18287.60,50,3350500
20221122,09:19:27,18287.95,100,3350500
20221122,09:19:28,18287.10,50,3350500
20221122,09:19:29,18286.40,50,3350500
20221122,09:19:31,18288.60,50,3350500
20221122,09:19:33,18285.10,50,3350500
20221122,09:19:36,18286.75,50,3350500
20221122,09:19:45,18288.00,50,3350500
20221122,09:19:52,18287.00,50,3350500
20221122,09:19:53,18288.00,50,3350500
20221122,09:19:57,18289.15,200,3350500
20221122,09:20:01,18288.00,50,3350500
20221122,09:20:02,18290.00,100,3350500
20221122,09:20:03,18287.45,200,3350500
20221122,09:20:04,18287.35,100,3350500
20221122,09:20:04,18288.00,50,3350500
20221122,09:20:08,18287.65,350,3350500
20221122,09:20:09,18285.10,400,3350500
20221122,09:20:10,18285.00,1000,3350500
20221122,09:20:11,18284.70,200,3350500
20221122,09:20:12,18283.25,150,3350500
20221122,09:20:13,18282.45,200,3350500
20221122,09:20:15,18284.10,150,3350500
20221122,09:20:16,18282.00,100,3350500
20221122,09:20:18,18281.15,100,3350500
20221122,09:20:19,18281.15,500,3350500
20221122,09:20:20,18283.50,100,3350500
20221122,09:20:22,18282.00,50,3350500
20221122,09:20:24,18280.95,200,3350500
20221122,09:20:25,18281.00,50,3350500
20221122,09:20:27,18280.00,100,3350500
20221122,09:20:28,18280.00,50,3350500
20221122,09:20:29,18277.25,1050,3350500
20221122,09:20:30,18277.60,150,3350500
20221122,09:20:32,18278.95,150,3350500
20221122,09:20:33,18280.70,50,3350500
20221122,09:20:34,18278.30,1200,3350500
20221122,09:20:35,18278.25,500,3350500
20221122,09:20:36,18279.65,50,3350500
20221122,09:20:37,18278.30,100,3350500
20221122,09:20:39,18278.05,50,3354100
20221122,09:20:40,18278.10,50,3354100
20221122,09:20:41,18280.00,150,3354100
20221122,09:20:42,18280.65,300,3354100
20221122,09:20:43,18280.60,100,3354100
20221122,09:20:45,18280.00,50,3354100
20221122,09:20:46,18279.65,150,3354100
20221122,09:20:47,18277.15,1150,3354100
20221122,09:20:48,18280.00,50,3354100
20221122,09:20:49,18280.00,200,3354100
20221122,09:20:51,18280.10,350,3354100
20221122,09:20:52,18280.00,100,3354100
20221122,09:20:54,18282.00,300,3354100
20221122,09:20:55,18282.00,50,3354100
20221122,09:20:56,18281.95,50,3354100
20221122,09:20:58,18280.00,450,3354100
20221122,09:20:59,18280.00,100,3354100
20221122,09:21:00,18280.65,50,3354100
20221122,09:21:01,18278.00,1100,3354100
20221122,09:21:03,18277.60,500,3354100
20221122,09:21:05,18278.50,200,3354100
20221122,09:21:06,18278.50,150,3354100
20221122,09:21:08,18280.00,50,3354100
20221122,09:21:09,18278.50,100,3354100
20221122,09:21:11,18277.60,50,3354100
20221122,09:21:12,18277.45,50,3354100
20221122,09:21:15,18280.60,1050,3354100
20221122,09:21:16,18278.80,100,3354100
20221122,09:21:18,18280.65,100,3354100
20221122,09:21:19,18277.60,200,3354100
20221122,09:21:20,18277.60,50,3354100
20221122,09:21:21,18278.45,300,3354100
20221122,09:21:23,18277.50,50,3354100
20221122,09:21:25,18278.30,100,3354100
20221122,09:21:26,18277.60,50,3354100
20221122,09:21:26,18277.60,100,3354100
20221122,09:21:29,18276.05,300,3354100
20221122,09:21:31,18275.35,400,3354100
20221122,09:21:33,18275.10,250,3354100
20221122,09:21:34,18275.10,500,3354100
20221122,09:21:35,18275.85,200,3354100
20221122,09:21:37,18279.90,50,3354100
20221122,09:21:38,18277.25,100,3354100
20221122,09:21:39,18277.10,50,3354100
20221122,09:21:42,18278.35,50,3354100
20221122,09:21:44,18278.50,150,3354100
20221122,09:21:46,18277.00,1400,3354100
20221122,09:21:47,18277.20,50,3354100
20221122,09:21:50,18275.10,400,3354100
20221122,09:21:51,18275.00,300,3354100
20221122,09:21:52,18271.30,150,3354100
20221122,09:21:53,18273.25,100,3354100
20221122,09:21:54,18271.00,100,3354100
20221122,09:21:55,18271.00,100,3354100
20221122,09:21:57,18273.85,50,3354100
20221122,09:22:00,18273.10,50,3354100
20221122,09:22:01,18270.55,250,3354100
20221122,09:22:02,18270.10,850,3354100
20221122,09:22:03,18270.05,100,3354100
20221122,09:22:04,18270.00,300,3354100
20221122,09:22:05,18269.10,50,3354100
20221122,09:22:06,18268.00,100,3354100
20221122,09:22:07,18268.00,1050,3354100
20221122,09:22:08,18270.80,150,3354100
20221122,09:22:08,18270.80,50,3354100
20221122,09:22:09,18274.05,200,3354100
20221122,09:22:10,18270.90,450,3354100
20221122,09:22:11,18273.85,650,3354100
20221122,09:22:13,18270.65,50,3354100
20221122,09:22:14,18273.80,100,3354100
20221122,09:22:14,18273.60,50,3354100
20221122,09:22:15,18274.60,50,3354100
20221122,09:22:16,18274.80,100,3354100
20221122,09:22:18,18271.90,500,3354100
20221122,09:22:19,18273.00,350,3354100
20221122,09:22:22,18273.00,50,3354100
20221122,09:22:25,18273.05,250,3354100
20221122,09:22:26,18270.05,250,3354100
20221122,09:22:27,18270.00,50,3354100
20221122,09:22:31,18270.05,50,3354100
20221122,09:22:32,18270.00,50,3354100
20221122,09:22:36,18270.05,600,3354100
20221122,09:22:37,18270.05,50,3354100
20221122,09:22:38,18270.00,100,3354100
20221122,09:22:41,18270.00,350,3354100
20221122,09:22:42,18270.25,100,3354100
20221122,09:22:43,18271.90,50,3354100
20221122,09:22:45,18270.20,50,3354100
20221122,09:22:47,18272.50,200,3354100
20221122,09:22:48,18272.50,50,3354100
20221122,09:22:48,18270.00,700,3354100
20221122,09:22:49,18272.50,250,3354100
20221122,09:22:51,18270.30,250,3354100
20221122,09:22:52,18271.90,1150,3354100
20221122,09:22:53,18271.00,50,3354100
20221122,09:22:54,18271.50,50,3354100
20221122,09:22:54,18270.00,50,3354100
20221122,09:22:55,18271.85,200,3354100
20221122,09:22:58,18272.00,150,3354100
20221122,09:22:59,18272.85,500,3354100
20221122,09:23:00,18272.15,50,3354100
20221122,09:23:03,18271.75,350,3354100
20221122,09:23:04,18270.05,450,3354100
20221122,09:23:06,18270.00,150,3354100
20221122,09:23:09,18270.20,150,3354100
20221122,09:23:10,18270.15,100,3354100
20221122,09:23:11,18270.00,50,3354100
20221122,09:23:12,18270.85,100,3354100
20221122,09:23:14,18270.05,100,3354100
20221122,09:23:15,18270.05,350,3354100
20221122,09:23:17,18270.00,850,3354100
20221122,09:23:18,18270.00,250,3354100
20221122,09:23:22,18270.20,50,3354100
20221122,09:23:23,18270.85,50,3354100
20221122,09:23:24,18270.00,100,3354100
20221122,09:23:27,18270.00,50,3354100
20221122,09:23:28,18270.00,1300,3354100
20221122,09:23:28,18270.00,50,3354100
20221122,09:23:29,18270.00,350,3354100
20221122,09:23:31,18272.65,650,3354100
20221122,09:23:33,18272.25,200,3354100
20221122,09:23:34,18271.55,50,3354100
20221122,09:23:38,18270.00,100,3363850
20221122,09:23:39,18270.90,50,3363850
20221122,09:23:39,18270.00,50,3363850
20221122,09:23:40,18270.00,200,3363850
20221122,09:23:42,18270.00,50,3363850
20221122,09:23:43,18269.10,50,3363850
20221122,09:23:44,18270.90,350,3363850
20221122,09:23:45,18271.95,50,3363850
20221122,09:23:46,18270.00,150,3363850
20221122,09:23:50,18272.20,150,3363850
20221122,09:23:51,18271.95,200,3363850
20221122,09:23:52,18271.95,50,3363850
20221122,09:23:56,18271.90,50,3363850
20221122,09:24:01,18270.00,50,3363850
20221122,09:24:02,18271.90,50,3363850
20221122,09:24:03,18271.20,50,3363850
20221122,09:24:06,18270.00,100,3363850
20221122,09:24:07,18271.00,100,3363850
20221122,09:24:09,18271.00,50,3363850
20221122,09:24:10,18270.25,50,3363850
20221122,09:24:13,18270.75,50,3363850
20221122,09:24:14,18270.15,50,3363850
20221122,09:24:18,18270.00,1650,3363850
20221122,09:24:19,18270.00,50,3363850
20221122,09:24:20,18272.10,500,3363850
20221122,09:24:23,18270.55,50,3363850
20221122,09:24:27,18271.10,50,3363850
20221122,09:24:29,18270.00,500,3363850
20221122,09:24:31,18271.05,100,3363850
20221122,09:24:33,18271.00,200,3363850
20221122,09:24:34,18270.05,100,3363850
20221122,09:24:36,18270.60,50,3363850
20221122,09:24:40,18270.10,100,3363850
20221122,09:24:43,18270.10,50,3363850
20221122,09:24:44,18270.55,50,3363850
20221122,09:24:45,18270.55,200,3363850
20221122,09:24:46,18270.10,50,3363850
20221122,09:24:47,18271.00,100,3363850
20221122,09:24:48,18270.35,1850,3363850
20221122,09:24:52,18270.30,150,3363850
20221122,09:24:53,18274.00,550,3363850
20221122,09:24:54,18272.00,50,3363850
20221122,09:24:59,18274.60,150,3363850
20221122,09:25:00,18271.15,2050,3363850
20221122,09:25:02,18271.45,200,3363850
20221122,09:25:04,18271.15,250,3363850
20221122,09:25:06,18274.00,50,3363850
20221122,09:25:11,18273.95,600,3363850
20221122,09:25:13,18272.55,300,3363850
20221122,09:25:17,18273.95,100,3363850
20221122,09:25:18,18273.95,50,3363850
20221122,09:25:19,18273.50,50,3363850
20221122,09:25:21,18273.50,200,3363850
20221122,09:25:22,18271.00,350,3363850
20221122,09:25:23,18272.50,2000,3363850
20221122,09:25:24,18272.50,50,3363850
20221122,09:25:26,18271.25,400,3363850
20221122,09:25:27,18271.25,50,3363850
20221122,09:25:27,18271.00,50,3363850
20221122,09:25:29,18270.00,400,3363850
20221122,09:25:30,18270.00,150,3363850
20221122,09:25:31,18270.35,100,3363850
20221122,09:25:32,18270.00,900,3363850
20221122,09:25:33,18269.00,50,3363850
20221122,09:25:37,18269.20,100,3363850
20221122,09:25:39,18269.00,50,3363850
20221122,09:25:40,18268.45,150,3363850
20221122,09:25:41,18267.15,2100,3363850
20221122,09:25:42,18265.00,600,3363850
20221122,09:25:43,18265.00,2000,3363850
20221122,09:25:44,18265.00,50,3363850
20221122,09:25:45,18265.00,100,3363850
20221122,09:25:45,18265.05,50,3363850
20221122,09:25:48,18266.60,100,3363850
20221122,09:25:49,18267.00,500,3363850
20221122,09:25:50,18266.90,250,3363850
20221122,09:25:52,18268.75,700,3363850
20221122,09:25:53,18268.00,150,3363850
20221122,09:25:54,18268.00,1250,3363850
20221122,09:25:55,18266.90,50,3363850
20221122,09:25:59,18266.85,50,3363850
20221122,09:26:00,18268.00,50,3363850
20221122,09:26:03,18266.85,100,3363850
20221122,09:26:05,18267.35,100,3363850
20221122,09:26:06,18268.90,50,3363850
20221122,09:26:09,18266.25,400,3363850
20221122,09:26:11,18268.00,100,3363850
20221122,09:26:12,18267.35,50,3363850
20221122,09:26:15,18267.00,100,3363850
20221122,09:26:19,18267.35,50,3363850
20221122,09:26:21,18267.35,50,3363850
20221122,09:26:23,18267.75,100,3363850
20221122,09:26:27,18267.00,50,3363850
20221122,09:26:28,18267.95,500,3363850
20221122,09:26:29,18267.75,50,3363850
20221122,09:26:30,18268.00,100,3363850
20221122,09:26:31,18267.75,50,3363850
20221122,09:26:33,18267.95,250,3363850
20221122,09:26:34,18267.75,50,3363850
20221122,09:26:36,18268.00,50,3363850
20221122,09:26:37,18268.95,50,3363850
20221122,09:26:37,18268.85,100,3363850
20221122,09:26:39,18268.95,50,3363850
20221122,09:26:40,18269.05,150,3376750
20221122,09:26:42,18269.45,150,3376750
20221122,09:26:43,18269.00,100,3376750
20221122,09:26:45,18269.05,100,3376750
20221122,09:26:46,18269.40,650,3376750
20221122,09:26:47,18268.00,50,3376750
20221122,09:26:49,18269.55,50,3376750
20221122,09:26:50,18269.55,50,3376750
20221122,09:26:51,18268.00,1100,3376750
20221122,09:26:52,18268.60,50,3376750
20221122,09:26:54,18269.50,50,3376750
20221122,09:26:55,18269.55,50,3376750
20221122,09:26:56,18268.00,50,3376750
20221122,09:26:58,18269.00,1800,3376750
20221122,09:26:59,18269.25,100,3376750
20221122,09:27:00,18267.00,500,3376750
20221122,09:27:02,18268.00,50,3376750
20221122,09:27:03,18268.15,1050,3376750
20221122,09:27:04,18268.20,450,3376750
20221122,09:27:07,18266.35,50,3376750
20221122,09:27:11,18266.00,50,3376750
20221122,09:27:12,18267.85,50,3376750
20221122,09:27:14,18268.95,200,3376750
20221122,09:27:16,18268.95,50,3376750
20221122,09:27:17,18269.00,100,3376750
20221122,09:27:18,18269.30,300,3376750
20221122,09:27:21,18267.50,50,3376750
20221122,09:27:23,18270.00,250,3376750
20221122,09:27:24,18270.00,500,3376750
20221122,09:27:25,18270.00,200,3376750
20221122,09:27:27,18269.00,50,3376750
20221122,09:27:28,18269.20,150,3376750
20221122,09:27:29,18272.00,100,3376750
20221122,09:27:30,18273.00,300,3376750
20221122,09:27:32,18273.00,250,3376750
20221122,09:27:33,18272.55,400,3376750
20221122,09:27:34,18271.85,400,3376750
20221122,09:27:35,18272.00,250,3376750
20221122,09:27:36,18272.40,150,3376750
20221122,09:27:38,18269.20,150,3376750
20221122,09:27:39,18268.60,550,3376750
20221122,09:27:40,18267.45,100,3376750
20221122,09:27:41,18269.30,100,3376750
20221122,09:27:43,18269.80,100,3376750
20221122,09:27:44,18270.15,50,3376750
20221122,09:27:46,18270.70,50,3376750
20221122,09:27:49,18271.20,300,3376750
20221122,09:27:50,18269.45,100,3376750
20221122,09:27:51,18272.00,200,3376750
20221122,09:27:54,18272.20,50,3376750
20221122,09:27:57,18271.45,50,3376750
20221122,09:27:58,18270.00,50,3376750
20221122,09:28:00,18273.00,150,3376750
20221122,09:28:02,18273.00,50,3376750
20221122,09:28:06,18274.25,1000,3376750
20221122,09:28:08,18272.30,50,3376750
20221122,09:28:12,18273.00,600,3376750
20221122,09:28:13,18274.00,50,3376750
20221122,09:28:14,18274.00,50,3376750
20221122,09:28:17,18274.00,50,3376750
20221122,09:28:19,18272.40,300,3376750
20221122,09:28:20,18274.85,150,3376750
20221122,09:28:23,18274.85,50,3376750
20221122,09:28:24,18273.45,800,3376750
20221122,09:28:27,18274.35,50,3376750
20221122,09:28:34,18275.00,50,3376750
20221122,09:28:36,18275.00,50,3376750
20221122,09:28:37,18275.00,150,3376750
20221122,09:28:38,18275.00,100,3376750
20221122,09:28:40,18275.00,50,3376750
20221122,09:28:42,18275.00,500,3376750
20221122,09:28:43,18274.35,50,3376750
20221122,09:28:46,18274.00,50,3376750
20221122,09:28:47,18275.00,100,3376750
20221122,09:28:50,18275.30,50,3376750
20221122,09:28:52,18274.35,50,3376750
20221122,09:28:54,18275.45,50,3376750
20221122,09:28:55,18275.10,50,3376750
20221122,09:28:56,18275.00,100,3376750
20221122,09:28:57,18274.65,50,3376750
20221122,09:28:58,18274.40,200,3376750
20221122,09:28:59,18274.00,500,3376750
20221122,09:29:01,18274.00,100,3376750
20221122,09:29:06,18274.05,100,3376750
20221122,09:29:07,18275.10,150,3376750
20221122,09:29:09,18276.90,150,3376750
20221122,09:29:10,18275.65,50,3376750
20221122,09:29:11,18277.40,150,3376750
20221122,09:29:15,18275.15,250,3376750
20221122,09:29:16,18279.00,50,3376750
20221122,09:29:17,18278.75,150,3376750
20221122,09:29:18,18278.30,100,3376750
20221122,09:29:21,18278.25,50,3376750
20221122,09:29:23,18276.70,250,3376750
20221122,09:29:27,18274.90,800,3376750
20221122,09:29:31,18276.85,100,3376750
20221122,09:29:33,18277.00,450,3376750
20221122,09:29:36,18278.30,200,3376750
20221122,09:29:42,18278.30,50,3379950
20221122,09:29:45,18277.00,200,3379950
20221122,09:29:46,18276.35,50,3379950
20221122,09:29:48,18275.90,250,3379950
20221122,09:29:49,18276.25,50,3379950
20221122,09:29:52,18276.50,50,3379950
20221122,09:29:54,18276.25,100,3379950
20221122,09:29:56,18275.00,50,3379950
20221122,09:29:58,18275.60,50,3379950
20221122,09:30:01,18276.20,350,3379950
20221122,09:30:05,18276.40,100,3379950
20221122,09:30:09,18277.75,50,3379950
20221122,09:30:12,18276.80,50,3379950
20221122,09:30:14,18277.20,50,3379950
20221122,09:30:18,18278.00,200,3379950
20221122,09:30:19,18278.00,50,3379950
20221122,09:30:20,18277.00,50,3379950
20221122,09:30:21,18278.00,250,3379950
20221122,09:30:22,18278.25,850,3379950
20221122,09:30:23,18278.30,50,3379950
20221122,09:30:26,18277.20,100,3379950
20221122,09:30:27,18277.35,150,3379950
20221122,09:30:28,18276.40,100,3379950
20221122,09:30:30,18277.25,600,3379950
20221122,09:30:30,18277.90,1000,3379950
20221122,09:30:35,18278.55,400,3379950
20221122,09:30:37,18277.25,50,3379950
20221122,09:30:38,18279.50,1050,3379950
20221122,09:30:39,18279.50,50,3379950
20221122,09:30:40,18279.95,50,3379950
20221122,09:30:41,18280.00,650,3379950
20221122,09:30:42,18280.00,100,3379950
20221122,09:30:43,18280.20,600,3379950
20221122,09:30:46,18279.40,50,3379950
20221122,09:30:49,18278.10,100,3379950
20221122,09:30:51,18279.65,50,3379950
20221122,09:30:55,18279.20,50,3379950
20221122,09:30:58,18280.75,200,3379950
20221122,09:30:59,18280.00,200,3379950
20221122,09:31:02,18280.65,50,3379950
20221122,09:31:03,18280.20,350,3379950
20221122,09:31:07,18282.00,50,3379950
20221122,09:31:10,18282.60,150,3379950
20221122,09:31:11,18283.00,150,3379950
20221122,09:31:12,18282.00,150,3379950
20221122,09:31:16,18282.00,50,3379950
20221122,09:31:20,18281.60,50,3379950
20221122,09:31:22,18280.75,50,3379950
20221122,09:31:23,18281.20,400,3379950
20221122,09:31:26,18282.00,250,3379950
20221122,09:31:28,18283.00,50,3379950
20221122,09:31:29,18284.00,100,3379950
20221122,09:31:31,18284.00,50,3379950
20221122,09:31:33,18284.65,400,3379950
20221122,09:31:37,18284.00,50,3379950
20221122,09:31:41,18285.00,100,3379950
20221122,09:31:43,18285.00,50,3379950
20221122,09:31:47,18284.10,100,3379950
20221122,09:31:50,18284.65,400,3379950
20221122,09:31:51,18284.65,50,3379950
20221122,09:31:52,18284.05,50,3379950
20221122,09:31:54,18284.05,100,3379950
20221122,09:31:56,18284.05,50,3379950
20221122,09:31:58,18284.00,50,3379950
20221122,09:32:01,18285.40,350,3379950
20221122,09:32:03,18285.10,100,3379950
20221122,09:32:05,18284.10,50,3379950
20221122,09:32:06,18285.45,100,3379950
20221122,09:32:07,18285.65,400,3379950
20221122,09:32:09,18286.45,100,3379950
20221122,09:32:13,18288.20,2050,3379950
20221122,09:32:16,18288.40,150,3379950
20221122,09:32:18,18286.25,100,3379950
20221122,09:32:19,18288.00,50,3379950
20221122,09:32:21,18286.95,100,3379950
20221122,09:32:23,18289.95,350,3379950
20221122,09:32:24,18290.00,50,3379950
20221122,09:32:25,18289.00,50,3379950
20221122,09:32:26,18288.65,100,3379950
20221122,09:32:27,18288.65,50,3379950
20221122,09:32:28,18290.50,300,3379950
20221122,09:32:29,18290.50,150,3379950
20221122,09:32:31,18290.70,500,3379950
20221122,09:32:35,18291.40,50,3379950
20221122,09:32:36,18292.00,50,3379950
20221122,09:32:37,18292.05,150,3379950
20221122,09:32:38,18291.90,150,3379950
20221122,09:32:39,18292.20,350,3379950
20221122,09:32:40,18290.50,50,3386250
20221122,09:32:40,18291.00,50,3386250
20221122,09:32:41,18291.00,50,3386250
20221122,09:32:43,18291.45,150,3386250
20221122,09:32:46,18289.70,200,3386250
20221122,09:32:47,18289.40,100,3386250
20221122,09:32:48,18288.15,100,3386250
20221122,09:32:49,18288.15,50,3386250
20221122,09:32:51,18288.00,50,3386250
20221122,09:32:55,18288.90,50,3386250
20221122,09:32:57,18288.00,50,3386250
20221122,09:33:00,18288.00,100,3386250
20221122,09:33:01,18287.90,300,3386250
20221122,09:33:04,18290.00,150,3386250
20221122,09:33:11,18290.40,50,3386250
20221122,09:33:14,18290.40,50,3386250
20221122,09:33:17,18292.00,200,3386250
20221122,09:33:19,18292.00,100,3386250
20221122,09:33:20,18293.05,250,3386250
20221122,09:33:22,18294.85,1250,3386250
20221122,09:33:22,18292.60,50,3386250
20221122,09:33:25,18294.70,850,3386250
20221122,09:33:27,18294.55,50,3386250
20221122,09:33:28,18294.50,100,3386250
20221122,09:33:30,18291.35,200,3386250
20221122,09:33:32,18292.05,500,3386250
20221122,09:33:33,18292.10,50,3386250
20221122,09:33:36,18292.10,100,3386250
20221122,09:33:38,18291.35,100,3386250
20221122,09:33:40,18291.35,50,3386250
20221122,09:33:41,18291.35,100,3386250
20221122,09:33:43,18291.35,50,3386250
20221122,09:33:45,18291.65,50,3386250
20221122,09:33:46,18291.00,650,3386250
20221122,09:33:47,18291.00,250,3386250
20221122,09:33:48,18291.65,50,3386250
20221122,09:33:49,18291.00,100,3386250
20221122,09:33:51,18291.00,150,3386250
20221122,09:33:52,18291.00,50,3386250
20221122,09:33:53,18292.00,100,3386250
20221122,09:33:54,18291.35,50,3386250
20221122,09:33:55,18291.00,50,3386250
20221122,09:33:57,18292.50,150,3386250
20221122,09:33:59,18291.35,50,3386250
20221122,09:34:00,18293.00,500,3386250
20221122,09:34:01,18293.00,400,3386250
20221122,09:34:02,18293.00,100,3386250
20221122,09:34:04,18292.55,100,3386250
20221122,09:34:06,18292.30,150,3386250
20221122,09:34:08,18292.20,100,3386250
20221122,09:34:11,18292.20,50,3386250
20221122,09:34:12,18294.00,650,3386250
20221122,09:34:13,18295.00,700,3386250
20221122,09:34:14,18294.15,100,3386250
20221122,09:34:15,18292.05,50,3386250
20221122,09:34:19,18295.00,50,3386250
20221122,09:34:20,18295.00,50,3386250
20221122,09:34:20,18295.00,1100,3386250
20221122,09:34:25,18294.95,50,3386250
20221122,09:34:26,18295.00,50,3386250
20221122,09:34:27,18295.65,50,3386250
20221122,09:34:30,18295.00,50,3386250
20221122,09:34:31,18295.90,50,3386250
20221122,09:34:32,18294.00,50,3386250
20221122,09:34:34,18293.20,100,3386250
20221122,09:34:38,18294.45,50,3386250
20221122,09:34:39,18295.00,150,3386250
20221122,09:34:42,18293.00,50,3386250
20221122,09:34:44,18294.95,50,3386250
20221122,09:34:45,18294.95,150,3386250
20221122,09:34:49,18294.95,1000,3386250
20221122,09:34:50,18295.00,250,3386250
20221122,09:34:51,18293.05,50,3386250
20221122,09:34:53,18293.05,150,3386250
20221122,09:34:55,18294.45,50,3386250
20221122,09:34:58,18296.00,550,3386250
20221122,09:34:59,18296.90,150,3386250
20221122,09:35:00,18296.95,50,3386250
20221122,09:35:03,18298.60,550,3386250
20221122,09:35:04,18295.95,50,3386250
20221122,09:35:06,18298.65,100,3386250
20221122,09:35:07,18297.00,150,3386250
20221122,09:35:11,18299.00,950,3386250
20221122,09:35:12,18297.35,650,3386250
20221122,09:35:14,18299.85,50,3386250
20221122,09:35:16,18300.00,300,3386250
20221122,09:35:17,18300.00,50,3386250
20221122,09:35:18,18299.00,50,3386250
20221122,09:35:19,18300.00,50,3386250
20221122,09:35:20,18300.00,50,3386250
20221122,09:35:21,18300.95,1000,3386250
20221122,09:35:23,18300.35,150,3386250
20221122,09:35:25,18301.00,850,3386250
20221122,09:35:26,18301.55,100,3386250
20221122,09:35:29,18301.95,100,3386250
20221122,09:35:31,18302.65,50,3386250
20221122,09:35:32,18302.25,300,3386250
20221122,09:35:33,18302.50,850,3386250
20221122,09:35:34,18300.00,100,3386250
20221122,09:35:35,18300.50,50,3386250
20221122,09:35:36,18302.00,300,3386250
20221122,09:35:37,18300.00,50,3386250
20221122,09:35:41,18300.80,500,3391700
20221122,09:35:42,18300.00,400,3391700
20221122,09:35:44,18300.00,50,3391700
20221122,09:35:45,18300.00,100,3391700
20221122,09:35:47,18297.30,750,3391700
20221122,09:35:48,18297.25,50,3391700
20221122,09:35:49,18299.45,100,3391700
20221122,09:35:50,18299.45,150,3391700
20221122,09:35:51,18298.05,150,3391700
20221122,09:35:53,18298.25,500,3391700
20221122,09:35:57,18296.00,50,3391700
20221122,09:35:58,18296.00,100,3391700
20221122,09:36:00,18296.00,50,3391700
20221122,09:36:01,18296.00,50,3391700
20221122,09:36:03,18295.75,100,3391700
20221122,09:36:07,18295.10,150,3391700
20221122,09:36:11,18292.00,150,3391700
20221122,09:36:12,18294.45,50,3391700
20221122,09:36:13,18292.40,50,3391700
20221122,09:36:16,18294.15,50,3391700
20221122,09:36:17,18290.05,1500,3391700
20221122,09:36:19,18290.05,150,3391700
20221122,09:36:20,18294.00,700,3391700
20221122,09:36:21,18290.30,50,3391700
20221122,09:36:23,18290.00,50,3391700
20221122,09:36:24,18290.00,50,3391700
20221122,09:36:25,18290.00,600,3391700
20221122,09:36:27,18290.00,200,3391700
20221122,09:36:29,18291.30,150,3391700
20221122,09:36:32,18289.40,50,3391700
20221122,09:36:33,18291.65,150,3391700
20221122,09:36:34,18290.15,200,3391700
20221122,09:36:35,18289.95,50,3391700
20221122,09:36:36,18292.00,400,3391700
20221122,09:36:38,18292.00,1250,3391700
20221122,09:36:39,18292.00,50,3391700
20221122,09:36:40,18292.00,150,3391700
20221122,09:36:41,18292.65,150,3391700
20221122,09:36:42,18292.00,50,3391700
20221122,09:36:44,18292.00,100,3391700
20221122,09:36:47,18293.95,50,3391700
20221122,09:36:47,18292.00,100,3391700
20221122,09:36:48,18293.95,50,3391700
20221122,09:36:50,18292.20,50,3391700
20221122,09:36:53,18292.20,100,3391700
20221122,09:36:54,18294.25,150,3391700
20221122,09:36:55,18292.05,50,3391700
20221122,09:36:57,18293.90,200,3391700
20221122,09:36:58,18292.40,50,3391700
20221122,09:37:00,18292.05,150,3391700
20221122,09:37:02,18292.05,50,3391700
20221122,09:37:03,18293.90,1200,3391700
20221122,09:37:04,18294.65,150,3391700
20221122,09:37:05,18295.00,150,3391700
20221122,09:37:06,18295.65,100,3391700
20221122,09:37:08,18295.05,300,3391700
20221122,09:37:10,18294.95,250,3391700
20221122,09:37:12,18297.60,50,3391700
20221122,09:37:14,18298.90,200,3391700
20221122,09:37:15,18296.75,150,3391700
20221122,09:37:19,18299.45,150,3391700
20221122,09:37:21,18299.95,100,3391700
20221122,09:37:23,18300.65,550,3391700
20221122,09:37:25,18301.95,500,3391700
20221122,09:37:26,18299.90,50,3391700
20221122,09:37:27,18303.00,400,3391700
20221122,09:37:28,18305.00,750,3391700
20221122,09:37:29,18305.00,800,3391700
20221122,09:37:31,18305.55,200,3391700
20221122,09:37:32,18305.65,100,3391700
20221122,09:37:33,18306.55,150,3391700
20221122,09:37:34,18307.00,50,3391700
20221122,09:37:36,18308.20,600,3391700
20221122,09:37:37,18308.60,200,3391700
20221122,09:37:39,18305.85,100,3391700
20221122,09:37:40,18305.50,150,3391700
20221122,09:37:42,18305.00,50,3391700
20221122,09:37:43,18305.00,1100,3391700
20221122,09:37:44,18303.10,100,3391700
20221122,09:37:45,18306.00,100,3391700
20221122,09:37:46,18306.00,50,3391700
20221122,09:37:48,18305.40,1600,3391700
20221122,09:37:49,18305.40,100,3391700
20221122,09:37:50,18305.75,150,3391700
20221122,09:37:52,18305.75,1200,3391700
20221122,09:37:53,18303.15,300,3391700
20221122,09:37:55,18305.00,100,3391700
20221122,09:37:59,18303.10,50,3391700
20221122,09:38:00,18305.65,50,3391700
20221122,09:38:01,18305.00,50,3391700
20221122,09:38:03,18305.75,200,3391700
20221122,09:38:06,18305.45,50,3391700
20221122,09:38:08,18305.75,100,3391700
20221122,09:38:10,18305.00,50,3391700
20221122,09:38:11,18305.70,50,3391700
20221122,09:38:12,18305.75,50,3391700
20221122,09:38:14,18305.00,50,3391700
20221122,09:38:15,18305.55,50,3391700
20221122,09:38:17,18303.00,100,3391700
20221122,09:38:20,18305.00,100,3391700
20221122,09:38:25,18304.90,600,3391700
20221122,09:38:26,18305.50,600,3391700
20221122,09:38:27,18310.00,1450,3391700
20221122,09:38:28,18308.15,250,3391700
20221122,09:38:29,18308.00,50,3391700
20221122,09:38:30,18308.00,50,3391700
20221122,09:38:32,18307.00,300,3391700
20221122,09:38:33,18306.00,150,3391700
20221122,09:38:34,18306.00,250,3391700
20221122,09:38:36,18306.00,2150,3391700
20221122,09:38:37,18305.00,300,3391700
20221122,09:38:39,18303.60,300,3397700
20221122,09:38:44,18305.80,50,3397700
20221122,09:38:49,18304.30,100,3397700
20221122,09:38:51,18306.00,300,3397700
20221122,09:38:56,18305.00,50,3397700
20221122,09:38:58,18305.00,50,3397700
20221122,09:39:01,18304.95,50,3397700
20221122,09:39:03,18302.95,50,3397700
20221122,09:39:08,18303.35,50,3397700
20221122,09:39:10,18302.85,100,3397700
20221122,09:39:13,18305.00,150,3397700
20221122,09:39:14,18302.35,100,3397700
20221122,09:39:16,18304.10,100,3397700
20221122,09:39:17,18303.55,50,3397700
20221122,09:39:19,18302.40,50,3397700
20221122,09:39:20,18302.40,50,3397700
20221122,09:39:21,18302.95,50,3397700
20221122,09:39:23,18302.95,100,3397700
20221122,09:39:24,18303.00,100,3397700
20221122,09:39:25,18302.85,100,3397700
20221122,09:39:26,18302.40,150,3397700
20221122,09:39:28,18302.40,50,3397700
20221122,09:39:30,18302.45,100,3397700
20221122,09:39:32,18302.45,50,3397700
20221122,09:39:34,18302.45,50,3397700
20221122,09:39:35,18302.45,450,3397700
20221122,09:39:36,18302.45,50,3397700
20221122,09:39:37,18303.80,100,3397700
20221122,09:39:38,18302.45,150,3397700
20221122,09:39:40,18302.45,50,3397700
20221122,09:39:41,18302.45,100,3397700
20221122,09:39:43,18302.55,50,3397700
20221122,09:39:44,18303.80,200,3397700
20221122,09:39:45,18303.20,50,3397700
20221122,09:39:46,18303.35,100,3397700
20221122,09:39:47,18304.95,250,3397700
20221122,09:39:48,18304.95,300,3397700
20221122,09:39:49,18302.55,1200,3397700
20221122,09:39:51,18305.00,200,3397700
20221122,09:39:52,18302.50,50,3397700
20221122,09:39:53,18302.75,50,3397700
20221122,09:39:54,18302.75,50,3397700
20221122,09:39:55,18302.80,50,3397700
20221122,09:39:56,18302.65,100,3397700
20221122,09:39:58,18302.60,150,3397700
20221122,09:39:59,18305.60,300,3397700
20221122,09:40:00,18302.70,350,3397700
20221122,09:40:01,18303.25,50,3397700
20221122,09:40:02,18302.95,50,3397700
20221122,09:40:03,18303.20,50,3397700
20221122,09:40:04,18302.75,50,3397700
20221122,09:40:05,18303.15,150,3397700
20221122,09:40:06,18302.50,50,3397700
20221122,09:40:07,18301.05,650,3397700
20221122,09:40:08,18301.00,50,3397700
20221122,09:40:10,18300.00,150,3397700
20221122,09:40:11,18300.00,200,3397700
20221122,09:40:12,18300.00,100,3397700
20221122,09:40:13,18300.90,100,3397700
20221122,09:40:14,18298.95,100,3397700
20221122,09:40:15,18300.45,250,3397700
20221122,09:40:17,18299.65,50,3397700
20221122,09:40:18,18300.15,150,3397700
20221122,09:40:19,18302.20,250,3397700
20221122,09:40:20,18300.20,150,3397700
20221122,09:40:21,18302.80,200,3397700
20221122,09:40:23,18299.90,100,3397700
20221122,09:40:24,18299.90,600,3397700
20221122,09:40:25,18299.90,200,3397700
20221122,09:40:26,18299.90,850,3397700
20221122,09:40:27,18300.55,200,3397700
20221122,09:40:28,18300.30,50,3397700
20221122,09:40:29,18300.40,300,3397700
20221122,09:40:30,18300.70,50,3397700
20221122,09:40:31,18301.20,400,3397700
20221122,09:40:32,18301.30,100,3397700
20221122,09:40:34,18304.40,50,3397700
20221122,09:40:34,18301.85,50,3397700
20221122,09:40:35,18302.25,50,3397700
20221122,09:40:37,18302.45,100,3397700
20221122,09:40:39,18303.45,300,3397700
20221122,09:40:41,18304.45,400,3397700
20221122,09:40:42,18305.00,250,3397700
20221122,09:40:45,18304.60,100,3397700
20221122,09:40:46,18304.40,150,3397700
20221122,09:40:47,18303.05,50,3397700
20221122,09:40:48,18303.20,50,3397700
20221122,09:40:49,18303.20,2000,3397700
20221122,09:40:51,18303.55,150,3397700
20221122,09:40:51,18303.60,50,3397700
20221122,09:40:53,18304.45,150,3397700
20221122,09:40:54,18304.45,150,3397700
20221122,09:40:55,18305.00,100,3397700
20221122,09:40:57,18304.65,100,3397700
20221122,09:40:58,18306.55,150,3397700
20221122,09:40:59,18304.55,100,3397700
20221122,09:41:00,18305.85,200,3397700
20221122,09:41:01,18304.55,50,3397700
20221122,09:41:02,18304.40,50,3397700
20221122,09:41:05,18304.70,50,3397700
20221122,09:41:06,18305.20,100,3397700
20221122,09:41:07,18304.60,100,3397700
20221122,09:41:08,18304.25,50,3397700
20221122,09:41:09,18304.15,50,3397700
20221122,09:41:11,18305.00,50,3397700
20221122,09:41:11,18304.35,100,3397700
20221122,09:41:13,18303.85,1150,3397700
20221122,09:41:14,18304.00,450,3397700
20221122,09:41:16,18303.25,50,3397700
20221122,09:41:17,18303.20,50,3397700
20221122,09:41:18,18303.00,50,3397700
20221122,09:41:20,18302.50,50,3397700
20221122,09:41:22,18302.00,50,3397700
20221122,09:41:23,18301.55,50,3397700
20221122,09:41:24,18301.65,100,3397700
20221122,09:41:25,18301.60,50,3397700
20221122,09:41:26,18301.60,50,3397700
20221122,09:41:27,18301.60,50,3397700
20221122,09:41:29,18302.00,50,3397700
20221122,09:41:30,18302.45,250,3397700
20221122,09:41:31,18302.40,350,3397700
20221122,09:41:35,18302.20,2050,3397700
20221122,09:41:35,18301.45,200,3397700
20221122,09:41:36,18304.00,150,3397700
20221122,09:41:37,18301.65,150,3397700
20221122,09:41:38,18301.60,50,3397700
20221122,09:41:39,18301.30,150,3407650
20221122,09:41:41,18301.30,1100,3407650
20221122,09:41:41,18301.20,50,3407650
20221122,09:41:42,18302.10,100,3407650
20221122,09:41:43,18302.05,50,3407650
20221122,09:41:46,18302.45,100,3407650
20221122,09:41:47,18303.45,50,3407650
20221122,09:41:55,18302.65,150,3407650
20221122,09:41:58,18302.80,50,3407650
20221122,09:41:58,18301.55,50,3407650
20221122,09:42:00,18302.80,150,3407650
20221122,09:42:07,18302.80,150,3407650
20221122,09:42:09,18303.45,1250,3407650
20221122,09:42:09,18303.15,150,3407650
20221122,09:42:10,18303.15,100,3407650
20221122,09:42:11,18304.05,200,3407650
20221122,09:42:12,18305.00,100,3407650
20221122,09:42:17,18304.95,50,3407650
20221122,09:42:23,18302.25,100,3407650
20221122,09:42:24,18302.25,5550,3407650
20221122,09:42:26,18302.20,500,3407650
20221122,09:42:26,18305.40,500,3407650
20221122,09:42:28,18302.35,50,3407650
20221122,09:42:29,18302.35,5550,3407650
20221122,09:42:30,18302.50,700,3407650
20221122,09:42:33,18302.50,1100,3407650
20221122,09:42:34,18302.50,100,3407650
20221122,09:42:36,18302.55,50,3407650
20221122,09:42:42,18302.25,100,3407650
20221122,09:42:44,18302.25,50,3407650
20221122,09:42:44,18301.00,3400,3407650
20221122,09:42:47,18300.00,550,3407650
20221122,09:42:50,18299.30,1500,3407650
20221122,09:42:52,18302.25,100,3407650
20221122,09:42:54,18302.25,50,3407650
20221122,09:42:55,18302.25,11250,3407650
20221122,09:42:55,18299.00,1100,3407650
20221122,09:42:57,18300.00,350,3407650
20221122,09:43:00,18300.00,1100,3407650
20221122,09:43:04,18301.65,100,3407650
20221122,09:43:05,18300.00,400,3407650
20221122,09:43:10,18301.65,50,3407650
20221122,09:43:12,18301.85,50,3407650
20221122,09:43:15,18304.00,300,3407650
20221122,09:43:15,18304.00,50,3407650
20221122,09:43:20,18303.00,300,3407650
20221122,09:43:23,18302.15,50,3407650
20221122,09:43:25,18302.55,50,3407650
20221122,09:43:29,18303.70,50,3407650
20221122,09:43:32,18303.70,11200,3407650
20221122,09:43:34,18304.90,1300,3407650
20221122,09:43:36,18303.70,450,3407650
20221122,09:43:37,18303.70,50,3407650
20221122,09:43:39,18303.70,50,3407650
20221122,09:43:40,18301.85,50,3407650
20221122,09:43:42,18303.50,250,3407650
20221122,09:43:44,18301.85,50,3407650
20221122,09:43:46,18300.40,50,3407650
20221122,09:43:49,18300.40,1100,3407650
20221122,09:43:50,18301.60,11250,3407650
20221122,09:43:52,18303.20,1350,3407650
20221122,09:43:54,18303.20,250,3407650
20221122,09:43:55,18303.70,50,3407650
20221122,09:43:56,18303.70,50,3407650
20221122,09:43:58,18303.70,100,3407650
20221122,09:44:01,18303.70,50,3407650
20221122,09:44:01,18303.00,100,3407650
20221122,09:44:03,18304.95,50,3407650
20221122,09:44:04,18305.00,100,3407650
20221122,09:44:07,18304.90,50,3407650
20221122,09:44:11,18305.50,150,3407650
20221122,09:44:14,18305.40,150,3407650
20221122,09:44:15,18305.40,50,3407650
20221122,09:44:16,18305.00,150,3407650
20221122,09:44:21,18304.95,50,3407650
20221122,09:44:22,18303.70,100,3407650
20221122,09:44:34,18305.00,50,3407650
20221122,09:44:40,18305.00,200,3407650
20221122,09:44:47,18305.00,50,3465600
20221122,09:44:49,18303.55,100,3465600
20221122,09:44:50,18303.55,1100,3465600
20221122,09:44:52,18305.00,50,3465600
20221122,09:44:53,18305.65,50,3465600
20221122,09:44:54,18305.65,50,3465600
20221122,09:44:57,18303.60,200,3465600
20221122,09:44:58,18306.00,250,3465600
20221122,09:44:59,18306.70,400,3465600
20221122,09:45:00,18307.00,150,3465600
20221122,09:45:01,18306.90,100,3465600
20221122,09:45:02,18308.00,200,3465600
20221122,09:45:03,18309.60,100,3465600
20221122,09:45:05,18310.50,2500,3465600
20221122,09:45:06,18310.50,1500,3465600
20221122,09:45:07,18310.75,500,3465600
20221122,09:45:09,18310.75,1100,3465600
20221122,09:45:10,18308.50,150,3465600
20221122,09:45:11,18310.75,1150,3465600
20221122,09:45:15,18307.20,50,3465600
20221122,09:45:18,18310.05,150,3465600
20221122,09:45:19,18310.05,1100,3465600
20221122,09:45:20,18307.15,200,3465600
20221122,09:45:21,18307.15,900,3465600
20221122,09:45:21,18307.15,150,3465600
20221122,09:45:22,18307.15,100,3465600
20221122,09:45:24,18309.90,550,3465600
20221122,09:45:25,18309.95,100,3465600
20221122,09:45:26,18310.65,300,3465600
20221122,09:45:27,18309.95,100,3465600
20221122,09:45:30,18309.00,1200,3465600
20221122,09:45:34,18309.30,50,3465600
20221122,09:45:36,18310.00,450,3465600
20221122,09:45:41,18309.00,100,3465600
20221122,09:45:42,18309.00,50,3465600
20221122,09:45:44,18309.00,50,3465600
20221122,09:45:46,18309.00,50,3465600
20221122,09:45:48,18309.00,2300,3465600
20221122,09:45:49,18307.40,250,3465600
20221122,09:45:50,18307.20,150,3465600
20221122,09:45:51,18307.20,200,3465600
20221122,09:45:56,18308.05,350,3465600
20221122,09:45:57,18308.05,900,3465600
20221122,09:45:58,18307.45,150,3465600
20221122,09:46:00,18308.00,50,3465600
20221122,09:46:04,18308.00,100,3465600
20221122,09:46:06,18308.00,150,3465600
20221122,09:46:07,18308.90,1100,3465600
20221122,09:46:09,18309.00,300,3465600
20221122,09:46:10,18310.30,1600,3465600
20221122,09:46:11,18310.75,950,3465600
20221122,09:46:15,18309.25,1200,3465600
20221122,09:46:18,18310.25,50,3465600
20221122,09:46:20,18310.25,100,3465600
20221122,09:46:21,18310.15,50,3465600
20221122,09:46:22,18310.15,50,3465600
20221122,09:46:24,18311.50,500,3465600
20221122,09:46:25,18309.10,50,3465600
20221122,09:46:26,18312.00,450,3465600
20221122,09:46:28,18310.65,50,3465600
20221122,09:46:29,18310.10,100,3465600
20221122,09:46:30,18312.00,50,3465600
20221122,09:46:32,18310.00,150,3465600
20221122,09:46:33,18312.00,150,3465600
20221122,09:46:34,18310.30,100,3465600
20221122,09:46:36,18311.75,100,3465600
20221122,09:46:40,18310.10,150,3465600
20221122,09:46:41,18310.00,50,3465600
20221122,09:46:42,18310.45,200,3465600
20221122,09:46:43,18309.70,50,3465600
20221122,09:46:45,18310.65,100,3465600
20221122,09:46:46,18310.65,100,3465600
20221122,09:46:51,18310.65,150,3465600
20221122,09:46:52,18310.65,600,3465600
20221122,09:46:58,18309.55,50,3465600
20221122,09:47:00,18309.55,50,3465600
20221122,09:47:00,18310.00,300,3465600
20221122,09:47:01,18310.45,950,3465600
20221122,09:47:02,18310.90,100,3465600
20221122,09:47:04,18309.40,100,3465600
20221122,09:47:05,18309.05,250,3465600
20221122,09:47:06,18310.00,50,3465600
20221122,09:47:07,18308.70,300,3465600
20221122,09:47:08,18310.00,50,3465600
20221122,09:47:10,18309.85,50,3465600
20221122,09:47:12,18308.00,200,3465600
20221122,09:47:13,18308.30,50,3465600
20221122,09:47:14,18308.30,2050,3465600
20221122,09:47:16,18308.55,200,3465600
20221122,09:47:17,18308.85,100,3465600
20221122,09:47:18,18308.85,100,3465600
20221122,09:47:19,18307.15,50,3465600
20221122,09:47:23,18308.35,50,3465600
20221122,09:47:26,18307.05,200,3465600
20221122,09:47:27,18309.10,50,3465600
20221122,09:47:29,18307.50,50,3465600
20221122,09:47:30,18307.50,100,3465600
20221122,09:47:35,18305.90,150,3465600
20221122,09:47:41,18305.00,100,3465600
20221122,09:47:45,18306.90,150,3487300
20221122,09:47:46,18307.05,200,3487300
20221122,09:47:47,18307.65,100,3487300
20221122,09:47:48,18307.65,50,3487300
20221122,09:47:49,18307.65,50,3487300
20221122,09:47:50,18307.65,150,3487300
20221122,09:47:50,18307.45,200,3487300
20221122,09:47:53,18310.00,50,3487300
20221122,09:47:54,18310.00,100,3487300
20221122,09:47:55,18308.75,50,3487300
20221122,09:47:56,18310.00,100,3487300
20221122,09:47:58,18310.00,50,3487300
20221122,09:48:02,18310.00,50,3487300
20221122,09:48:04,18309.35,50,3487300
20221122,09:48:08,18308.45,50,3487300
20221122,09:48:09,18309.90,150,3487300
20221122,09:48:11,18310.00,1150,3487300
20221122,09:48:13,18310.00,250,3487300
20221122,09:48:14,18308.95,50,3487300
20221122,09:48:18,18310.00,50,3487300
20221122,09:48:19,18308.75,100,3487300
20221122,09:48:21,18309.70,100,3487300
20221122,09:48:23,18309.05,50,3487300
20221122,09:48:25,18309.15,50,3487300
20221122,09:48:26,18311.00,750,3487300
20221122,09:48:29,18309.35,50,3487300
20221122,09:48:34,18310.00,50,3487300
20221122,09:48:38,18311.70,300,3487300
20221122,09:48:40,18309.35,250,3487300
20221122,09:48:41,18308.30,950,3487300
20221122,09:48:44,18309.75,50,3487300
20221122,09:48:45,18310.20,250,3487300
20221122,09:48:46,18309.35,700,3487300
20221122,09:48:47,18308.60,200,3487300
20221122,09:48:50,18311.25,100,3487300
20221122,09:48:52,18311.10,450,3487300
20221122,09:48:52,18308.40,50,3487300
20221122,09:48:54,18308.40,50,3487300
20221122,09:48:55,18308.40,300,3487300
20221122,09:48:56,18308.25,50,3487300
20221122,09:49:03,18307.75,250,3487300
20221122,09:49:04,18307.20,150,3487300
20221122,09:49:06,18307.55,50,3487300
20221122,09:49:10,18307.10,150,3487300
20221122,09:49:11,18309.05,50,3487300
20221122,09:49:12,18308.85,50,3487300
20221122,09:49:14,18310.00,50,3487300
20221122,09:49:16,18308.50,50,3487300
20221122,09:49:17,18307.55,100,3487300
20221122,09:49:17,18307.55,150,3487300
20221122,09:49:20,18310.00,50,3487300
20221122,09:49:23,18307.85,350,3487300
20221122,09:49:25,18308.45,50,3487300
20221122,09:49:27,18310.00,250,3487300
20221122,09:49:30,18310.00,350,3487300
20221122,09:49:32,18311.00,250,3487300
20221122,09:49:33,18310.10,50,3487300
20221122,09:49:34,18309.20,350,3487300
20221122,09:49:35,18310.00,100,3487300
20221122,09:49:37,18311.00,50,3487300
20221122,09:49:43,18310.90,2050,3487300
20221122,09:49:44,18310.90,800,3487300
20221122,09:49:45,18311.00,100,3487300
20221122,09:49:46,18310.90,50,3487300
20221122,09:49:47,18311.55,250,3487300
20221122,09:49:48,18312.00,100,3487300
20221122,09:49:49,18312.90,300,3487300
20221122,09:49:51,18313.00,150,3487300
20221122,09:49:57,18311.05,100,3487300
20221122,09:49:58,18312.00,150,3487300
20221122,09:50:01,18313.00,50,3487300
20221122,09:50:02,18313.95,200,3487300
20221122,09:50:05,18314.00,50,3487300
20221122,09:50:06,18314.00,250,3487300
20221122,09:50:09,18313.05,50,3487300
20221122,09:50:10,18313.05,100,3487300
20221122,09:50:11,18312.10,700,3487300
20221122,09:50:13,18314.55,650,3487300
20221122,09:50:14,18314.55,100,3487300
20221122,09:50:15,18314.00,50,3487300
20221122,09:50:16,18313.35,200,3487300
20221122,09:50:17,18313.00,250,3487300
20221122,09:50:18,18314.45,400,3487300
20221122,09:50:19,18314.45,200,3487300
20221122,09:50:24,18313.80,150,3487300
20221122,09:50:25,18312.10,50,3487300
20221122,09:50:31,18312.70,50,3487300
20221122,09:50:32,18312.00,100,3487300
20221122,09:50:33,18311.00,100,3487300
20221122,09:50:35,18310.75,300,3487300
20221122,09:50:36,18310.00,50,3487300
20221122,09:50:38,18310.00,100,3487300
20221122,09:50:41,18311.50,100,3487300
20221122,09:50:44,18309.45,50,3497900
20221122,09:50:45,18310.75,50,3497900
20221122,09:50:46,18311.50,100,3497900
20221122,09:50:50,18311.90,50,3497900
20221122,09:50:51,18312.40,100,3497900
20221122,09:50:53,18311.90,50,3497900
20221122,09:50:54,18312.95,100,3497900
20221122,09:50:56,18312.75,100,3497900
20221122,09:50:58,18312.75,50,3497900
20221122,09:51:01,18311.60,100,3497900
20221122,09:51:05,18308.50,150,3497900
20221122,09:51:14,18310.50,50,3497900
20221122,09:51:18,18312.75,150,3497900
20221122,09:51:22,18313.75,50,3497900
20221122,09:51:23,18314.65,100,3497900
20221122,09:51:25,18314.75,150,3497900
20221122,09:51:26,18315.00,700,3497900
20221122,09:51:27,18315.50,900,3497900
20221122,09:51:28,18315.70,400,3497900
20221122,09:51:29,18315.75,150,3497900
20221122,09:51:30,18316.00,900,3497900
20221122,09:51:31,18316.25,500,3497900
20221122,09:51:32,18318.00,150,3497900
20221122,09:51:33,18314.75,100,3497900
20221122,09:51:35,18317.00,50,3497900
20221122,09:51:36,18317.65,200,3497900
20221122,09:51:38,18317.10,50,3497900
20221122,09:51:40,18316.50,150,3497900
20221122,09:51:42,18316.50,50,3497900
20221122,09:51:43,18315.30,50,3497900
20221122,09:51:45,18315.25,50,3497900
20221122,09:51:47,18315.00,50,3497900
20221122,09:51:48,18316.50,500,3497900
20221122,09:51:51,18316.35,100,3497900
20221122,09:51:53,18315.75,100,3497900
20221122,09:51:55,18315.85,50,3497900
20221122,09:51:57,18315.45,200,3497900
20221122,09:51:58,18315.85,100,3497900
20221122,09:52:00,18315.90,100,3497900
20221122,09:52:00,18316.15,50,3497900
20221122,09:52:01,18316.05,350,3497900
20221122,09:52:02,18315.95,300,3497900
20221122,09:52:03,18315.50,300,3497900
20221122,09:52:07,18313.45,100,3497900
20221122,09:52:08,18312.55,900,3497900
20221122,09:52:10,18312.55,100,3497900
20221122,09:52:10,18312.55,50,3497900
20221122,09:52:11,18314.30,250,3497900
20221122,09:52:12,18313.80,250,3497900
20221122,09:52:13,18312.85,200,3497900
20221122,09:52:15,18313.20,300,3497900
20221122,09:52:15,18312.60,50,3497900
20221122,09:52:16,18314.45,50,3497900
20221122,09:52:21,18314.85,50,3497900
20221122,09:52:23,18315.05,200,3497900
20221122,09:52:24,18316.05,150,3497900
20221122,09:52:26,18316.05,50,3497900
20221122,09:52:29,18315.00,50,3497900
20221122,09:52:30,18313.80,50,3497900
20221122,09:52:31,18313.65,50,3497900
20221122,09:52:32,18313.65,50,3497900
20221122,09:52:33,18313.80,150,3497900
20221122,09:52:34,18313.70,100,3497900
20221122,09:52:35,18315.80,250,3497900
20221122,09:52:36,18315.40,100,3497900
20221122,09:52:37,18313.85,50,3497900
20221122,09:52:38,18313.95,200,3497900
20221122,09:52:39,18313.95,150,3497900
20221122,09:52:40,18315.75,750,3497900
20221122,09:52:41,18315.85,250,3497900
20221122,09:52:44,18316.00,300,3497900
20221122,09:52:46,18313.80,150,3497900
20221122,09:52:47,18313.65,100,3497900
20221122,09:52:48,18316.05,100,3497900
20221122,09:52:50,18315.90,150,3497900
20221122,09:52:52,18316.15,100,3497900
20221122,09:52:52,18316.25,50,3497900
20221122,09:52:53,18316.30,150,3497900
20221122,09:52:54,18316.80,350,3497900
20221122,09:52:55,18316.70,200,3497900
20221122,09:52:56,18316.40,150,3497900
20221122,09:53:01,18316.40,350,3497900
20221122,09:53:03,18316.30,50,3497900
20221122,09:53:03,18316.40,450,3497900
20221122,09:53:08,18315.30,50,3497900
20221122,09:53:08,18315.50,50,3497900
20221122,09:53:10,18315.00,100,3497900
20221122,09:53:11,18315.55,50,3497900
20221122,09:53:16,18316.25,350,3497900
20221122,09:53:17,18315.15,50,3497900
20221122,09:53:18,18315.60,50,3497900
20221122,09:53:20,18315.15,50,3497900
20221122,09:53:23,18315.15,200,3497900
20221122,09:53:24,18315.70,100,3497900
20221122,09:53:27,18315.15,50,3497900
20221122,09:53:28,18315.70,150,3497900
20221122,09:53:29,18315.15,100,3497900
20221122,09:53:30,18315.15,100,3497900
20221122,09:53:33,18315.20,100,3497900
20221122,09:53:34,18315.60,100,3497900
20221122,09:53:36,18315.65,250,3497900
20221122,09:53:37,18315.25,100,3497900
20221122,09:53:38,18315.50,50,3497900
20221122,09:53:40,18315.15,50,3497900
20221122,09:53:41,18316.05,200,3497900
20221122,09:53:42,18315.25,50,3497900
20221122,09:53:44,18315.25,50,3504900
20221122,09:53:47,18315.25,50,3504900
20221122,09:53:49,18316.00,50,3504900
20221122,09:53:54,18316.00,50,3504900
20221122,09:53:55,18317.00,250,3504900
20221122,09:53:56,18317.00,100,3504900
20221122,09:53:58,18317.65,100,3504900
20221122,09:53:59,18317.70,50,3504900
20221122,09:54:00,18317.35,150,3504900
20221122,09:54:01,18320.00,2200,3504900
20221122,09:54:02,18320.00,50,3504900
20221122,09:54:03,18320.00,1400,3504900
20221122,09:54:04,18320.75,450,3504900
20221122,09:54:05,18322.50,650,3504900
20221122,09:54:06,18322.50,150,3504900
20221122,09:54:08,18322.40,100,3504900
20221122,09:54:09,18323.45,600,3504900
20221122,09:54:10,18321.55,50,3504900
20221122,09:54:11,18323.20,150,3504900
20221122,09:54:13,18323.10,50,3504900
20221122,09:54:14,18322.75,50,3504900
20221122,09:54:15,18321.30,550,3504900
20221122,09:54:16,18321.35,550,3504900
20221122,09:54:18,18320.40,450,3504900
20221122,09:54:19,18320.55,200,3504900
20221122,09:54:21,18320.55,100,3504900
20221122,09:54:22,18321.50,250,3504900
20221122,09:54:23,18321.00,150,3504900
20221122,09:54:25,18321.15,50,3504900
20221122,09:54:26,18321.45,350,3504900
20221122,09:54:27,18321.25,100,3504900
20221122,09:54:28,18321.05,400,3504900
20221122,09:54:29,18320.60,50,3504900
20221122,09:54:31,18320.55,350,3504900
20221122,09:54:32,18320.10,150,3504900
20221122,09:54:33,18321.05,100,3504900
20221122,09:54:37,18321.70,250,3504900
20221122,09:54:38,18320.55,2150,3504900
20221122,09:54:39,18322.00,100,3504900
20221122,09:54:41,18320.85,100,3504900
20221122,09:54:42,18322.00,100,3504900
20221122,09:54:42,18322.00,50,3504900
20221122,09:54:43,18322.00,3250,3504900
20221122,09:54:44,18322.35,800,3504900
20221122,09:54:46,18321.65,350,3504900
20221122,09:54:47,18321.10,350,3504900
20221122,09:54:47,18321.60,50,3504900
20221122,09:54:49,18321.95,2050,3504900
20221122,09:54:50,18321.95,500,3504900
20221122,09:54:52,18323.00,400,3504900
20221122,09:54:53,18323.40,600,3504900
20221122,09:54:53,18323.40,50,3504900
20221122,09:54:54,18321.80,450,3504900
20221122,09:54:57,18321.80,2000,3504900
20221122,09:54:58,18321.65,200,3504900
20221122,09:55:00,18322.85,50,3504900
20221122,09:55:01,18321.70,50,3504900
20221122,09:55:03,18321.65,150,3504900
20221122,09:55:04,18322.85,2250,3504900
20221122,09:55:05,18323.95,50,3504900
20221122,09:55:06,18323.95,150,3504900
20221122,09:55:09,18322.85,150,3504900
20221122,09:55:09,18322.85,50,3504900
20221122,09:55:10,18321.95,2500,3504900
20221122,09:55:11,18321.90,450,3504900
20221122,09:55:13,18321.60,100,3504900
20221122,09:55:14,18322.40,850,3504900
20221122,09:55:15,18321.45,550,3504900
20221122,09:55:16,18320.00,50,3504900
20221122,09:55:18,18320.00,100,3504900
20221122,09:55:19,18320.00,250,3504900
20221122,09:55:19,18320.00,150,3504900
20221122,09:55:20,18320.40,100,3504900
20221122,09:55:21,18320.00,200,3504900
20221122,09:55:22,18320.00,50,3504900
20221122,09:55:23,18319.90,100,3504900
20221122,09:55:24,18319.50,2050,3504900
20221122,09:55:26,18318.90,200,3504900
20221122,09:55:27,18320.00,50,3504900
20221122,09:55:28,18320.25,150,3504900
20221122,09:55:29,18319.45,100,3504900
20221122,09:55:30,18320.05,50,3504900
20221122,09:55:32,18320.00,900,3504900
20221122,09:55:33,18319.90,50,3504900
20221122,09:55:36,18319.50,150,3504900
20221122,09:55:38,18319.50,150,3504900
20221122,09:55:39,18319.50,1000,3504900
20221122,09:55:40,18319.50,200,3504900
20221122,09:55:41,18319.85,100,3504900
20221122,09:55:42,18319.45,300,3504900
20221122,09:55:43,18319.90,300,3504900
20221122,09:55:45,18320.25,350,3504900
20221122,09:55:46,18320.25,900,3504900
20221122,09:55:47,18318.75,200,3504900
20221122,09:55:48,18319.50,50,3504900
20221122,09:55:49,18319.90,100,3504900
20221122,09:55:51,18320.75,950,3504900
20221122,09:55:52,18319.90,100,3504900
20221122,09:55:53,18320.30,150,3504900
20221122,09:55:54,18320.00,100,3504900
20221122,09:55:55,18320.15,150,3504900
20221122,09:55:57,18320.00,1300,3504900
20221122,09:55:58,18320.45,200,3504900
20221122,09:55:59,18320.60,100,3504900
20221122,09:56:03,18318.65,100,3504900
20221122,09:56:04,18320.65,250,3504900
20221122,09:56:06,18320.65,2100,3504900
20221122,09:56:08,18320.35,400,3504900
20221122,09:56:09,18317.95,600,3504900
20221122,09:56:12,18317.95,250,3504900
20221122,09:56:16,18316.25,100,3504900
20221122,09:56:17,18316.05,50,3504900
20221122,09:56:18,18316.05,2050,3504900
20221122,09:56:19,18316.15,250,3504900
20221122,09:56:20,18316.60,100,3504900
20221122,09:56:21,18316.25,150,3504900
20221122,09:56:22,18318.90,100,3504900
20221122,09:56:23,18316.40,100,3504900
20221122,09:56:24,18318.75,550,3504900
20221122,09:56:26,18316.70,350,3504900
20221122,09:56:27,18316.65,400,3504900
20221122,09:56:27,18316.70,50,3504900
20221122,09:56:28,18317.00,50,3504900
20221122,09:56:29,18316.55,100,3504900
20221122,09:56:31,18316.25,50,3504900
20221122,09:56:32,18318.20,250,3504900
20221122,09:56:34,18319.35,50,3504900
20221122,09:56:36,18317.00,100,3504900
20221122,09:56:38,18317.50,150,3504900
20221122,09:56:38,18317.50,100,3504900
20221122,09:56:39,18316.35,200,3504900
20221122,09:56:41,18317.50,100,3504900
20221122,09:56:42,18318.35,300,3504900
20221122,09:56:43,18318.40,50,3504900
20221122,09:56:44,18318.85,100,3536400
20221122,09:56:45,18317.10,50,3536400
20221122,09:56:47,18317.10,1950,3536400
20221122,09:56:48,18317.10,250,3536400
20221122,09:56:49,18318.95,150,3536400
20221122,09:56:50,18317.65,150,3536400
20221122,09:56:51,18320.15,1550,3536400
20221122,09:56:53,18319.55,100,3536400
20221122,09:56:54,18320.20,200,3536400
20221122,09:56:55,18321.00,450,3536400
20221122,09:56:56,18320.00,50,3536400
20221122,09:56:58,18319.45,150,3536400
20221122,09:57:00,18320.20,100,3536400
20221122,09:57:01,18322.00,300,3536400
20221122,09:57:03,18322.00,300,3536400
20221122,09:57:04,18322.65,150,3536400
20221122,09:57:05,18322.10,50,3536400
20221122,09:57:06,18323.85,350,3536400
20221122,09:57:06,18322.65,50,3536400
20221122,09:57:07,18324.35,1300,3536400
20221122,09:57:09,18324.45,150,3536400
20221122,09:57:10,18324.10,200,3536400
20221122,09:57:11,18322.60,450,3536400
20221122,09:57:12,18324.05,250,3536400
20221122,09:57:14,18323.10,200,3536400
20221122,09:57:15,18323.60,200,3536400
20221122,09:57:17,18325.00,600,3536400
20221122,09:57:18,18324.10,600,3536400
20221122,09:57:19,18324.90,1850,3536400
20221122,09:57:22,18324.65,250,3536400
20221122,09:57:23,18324.55,450,3536400
20221122,09:57:24,18324.55,500,3536400
20221122,09:57:26,18324.65,300,3536400
20221122,09:57:27,18321.90,250,3536400
20221122,09:57:28,18323.10,100,3536400
20221122,09:57:29,18324.00,400,3536400
20221122,09:57:32,18324.80,100,3536400
20221122,09:57:33,18323.60,100,3536400
20221122,09:57:34,18323.60,100,3536400
20221122,09:57:35,18323.60,50,3536400
20221122,09:57:36,18321.55,200,3536400
20221122,09:57:38,18323.55,200,3536400
20221122,09:57:39,18323.25,600,3536400
20221122,09:57:41,18323.55,900,3536400
20221122,09:57:42,18323.25,100,3536400
20221122,09:57:44,18323.75,100,3536400
20221122,09:57:47,18323.80,100,3536400
20221122,09:57:47,18321.50,50,3536400
20221122,09:57:52,18323.30,1950,3536400
20221122,09:57:53,18323.30,100,3536400
20221122,09:57:54,18320.80,50,3536400
20221122,09:57:55,18320.20,150,3536400
20221122,09:57:57,18318.00,150,3536400
20221122,09:58:00,18321.10,450,3536400
20221122,09:58:01,18320.60,1350,3536400
20221122,09:58:03,18320.60,50,3536400
20221122,09:58:04,18321.50,850,3536400
20221122,09:58:05,18320.60,200,3536400
20221122,09:58:09,18320.70,150,3536400
20221122,09:58:10,18320.70,100,3536400
20221122,09:58:14,18321.20,100,3536400
20221122,09:58:17,18320.70,50,3536400
20221122,09:58:18,18321.50,100,3536400
20221122,09:58:23,18320.20,100,3536400
20221122,09:58:25,18320.70,50,3536400
20221122,09:58:29,18321.00,2850,3536400
20221122,09:58:30,18321.20,350,3536400
20221122,09:58:32,18321.50,150,3536400
20221122,09:58:33,18321.10,950,3536400
20221122,09:58:34,18321.90,1550,3536400
20221122,09:58:35,18322.20,650,3536400
20221122,09:58:36,18321.90,100,3536400
20221122,09:58:37,18321.65,200,3536400
20221122,09:58:38,18321.65,50,3536400
20221122,09:58:40,18321.65,300,3536400
20221122,09:58:41,18321.20,450,3536400
20221122,09:58:42,18321.20,100,3536400
20221122,09:58:43,18321.20,400,3536400
20221122,09:58:45,18321.95,150,3536400
20221122,09:58:47,18320.45,600,3536400
20221122,09:58:49,18322.15,350,3536400
20221122,09:58:50,18322.15,200,3536400
20221122,09:58:51,18322.95,250,3536400
20221122,09:58:52,18322.40,200,3536400
20221122,09:58:54,18322.40,200,3536400
20221122,09:58:59,18323.00,300,3536400
20221122,09:59:00,18323.00,50,3536400
20221122,09:59:01,18323.00,50,3536400
20221122,09:59:02,18323.00,50,3536400
20221122,09:59:03,18323.05,50,3536400
20221122,09:59:06,18323.65,150,3536400
20221122,09:59:07,18323.00,150,3536400
20221122,09:59:08,18323.00,50,3536400
20221122,09:59:11,18323.00,100,3536400
20221122,09:59:12,18323.00,150,3536400
20221122,09:59:14,18323.30,100,3536400
20221122,09:59:15,18323.30,100,3536400
20221122,09:59:16,18323.40,750,3536400
20221122,09:59:17,18323.30,50,3536400
20221122,09:59:18,18323.30,100,3536400
20221122,09:59:20,18323.30,150,3536400
20221122,09:59:21,18323.30,100,3536400
20221122,09:59:22,18322.80,450,3536400
20221122,09:59:23,18322.80,300,3536400
20221122,09:59:24,18323.35,100,3536400
20221122,09:59:26,18321.80,200,3536400
20221122,09:59:28,18321.65,100,3536400
20221122,09:59:29,18321.65,150,3536400
20221122,09:59:30,18321.30,100,3536400
20221122,09:59:31,18321.30,100,3536400
20221122,09:59:31,18321.30,50,3536400
20221122,09:59:33,18321.65,550,3536400
20221122,09:59:34,18321.80,200,3536400
20221122,09:59:36,18322.80,550,3536400
20221122,09:59:39,18319.35,250,3536400
20221122,09:59:40,18321.60,100,3536400
20221122,09:59:41,18320.80,50,3536400
20221122,09:59:46,18320.80,50,3536400
20221122,09:59:48,18320.80,50,3561450
20221122,09:59:49,18320.80,300,3561450
20221122,09:59:51,18320.40,400,3561450
20221122,09:59:51,18321.40,350,3561450
20221122,09:59:52,18321.15,500,3561450
20221122,09:59:54,18320.70,150,3561450
20221122,09:59:55,18319.90,150,3561450
20221122,09:59:56,18319.90,200,3561450
20221122,09:59:57,18319.90,100,3561450
20221122,09:59:57,18319.90,50,3561450
20221122,09:59:59,18319.95,100,3561450
20221122,10:00:00,18319.95,100,3561450
20221122,10:00:02,18321.10,1000,3561450
20221122,10:00:03,18319.00,800,3561450
20221122,10:00:05,18320.70,350,3561450
20221122,10:00:06,18320.95,300,3561450
20221122,10:00:07,18321.05,250,3561450
20221122,10:00:08,18319.90,50,3561450
20221122,10:00:10,18319.90,50,3561450
20221122,10:00:11,18320.00,150,3561450
20221122,10:00:12,18320.55,200,3561450
20221122,10:00:13,18319.40,50,3561450
20221122,10:00:14,18319.90,50,3561450
20221122,10:00:16,18320.35,250,3561450
20221122,10:00:17,18320.35,200,3561450
20221122,10:00:21,18320.40,150,3561450
20221122,10:00:23,18320.30,100,3561450
20221122,10:00:24,18320.40,50,3561450
20221122,10:00:25,18320.90,200,3561450
20221122,10:00:26,18321.40,250,3561450
20221122,10:00:27,18322.40,450,3561450
20221122,10:00:29,18322.95,50,3561450
20221122,10:00:30,18323.00,300,3561450
20221122,10:00:32,18323.75,200,3561450
20221122,10:00:33,18324.05,150,3561450
20221122,10:00:35,18323.40,350,3561450
20221122,10:00:35,18323.40,50,3561450
20221122,10:00:38,18324.00,250,3561450
20221122,10:00:39,18324.05,100,3561450
20221122,10:00:40,18323.90,250,3561450
20221122,10:00:43,18323.90,350,3561450
20221122,10:00:44,18324.00,300,3561450
20221122,10:00:45,18323.95,100,3561450
20221122,10:00:50,18325.05,1500,3561450
20221122,10:00:51,18325.75,300,3561450
20221122,10:00:52,18325.75,100,3561450
20221122,10:00:53,18325.70,300,3561450
20221122,10:00:54,18325.00,200,3561450
20221122,10:00:56,18326.00,450,3561450
20221122,10:00:57,18326.00,450,3561450
20221122,10:00:58,18326.00,50,3561450
20221122,10:00:59,18326.00,100,3561450
20221122,10:01:01,18326.00,150,3561450
20221122,10:01:03,18326.00,100,3561450
20221122,10:01:04,18326.05,200,3561450
20221122,10:01:06,18326.85,150,3561450
20221122,10:01:07,18326.00,50,3561450
20221122,10:01:09,18326.90,100,3561450
20221122,10:01:10,18327.00,50,3561450
20221122,10:01:11,18328.65,600,3561450
20221122,10:01:12,18328.70,50,3561450
20221122,10:01:14,18328.75,50,3561450
20221122,10:01:15,18329.75,650,3561450
20221122,10:01:16,18329.75,200,3561450
20221122,10:01:18,18328.45,50,3561450
20221122,10:01:20,18330.00,350,3561450
20221122,10:01:21,18330.00,550,3561450
20221122,10:01:22,18330.25,900,3561450
20221122,10:01:23,18330.25,350,3561450
20221122,10:01:24,18331.00,350,3561450
20221122,10:01:25,18332.00,150,3561450
20221122,10:01:26,18332.00,100,3561450
20221122,10:01:27,18330.75,500,3561450
20221122,10:01:29,18332.00,100,3561450
20221122,10:01:30,18330.75,150,3561450
20221122,10:01:32,18332.00,150,3561450
20221122,10:01:33,18332.75,100,3561450
20221122,10:01:34,18334.00,1050,3561450
20221122,10:01:35,18334.65,200,3561450
20221122,10:01:37,18335.00,50,3561450
20221122,10:01:38,18335.00,50,3561450
20221122,10:01:39,18335.00,250,3561450
20221122,10:01:42,18332.05,100,3561450
20221122,10:01:43,18332.05,350,3561450
20221122,10:01:44,18332.00,250,3561450
20221122,10:01:45,18333.25,100,3561450
20221122,10:01:46,18332.00,50,3561450
20221122,10:01:47,18332.85,50,3561450
20221122,10:01:49,18333.05,900,3561450
20221122,10:01:50,18333.35,150,3561450
20221122,10:01:51,18330.80,100,3561450
20221122,10:01:53,18330.75,100,3561450
20221122,10:01:55,18332.00,200,3561450
20221122,10:01:57,18333.20,200,3561450
20221122,10:01:58,18333.20,50,3561450
20221122,10:01:59,18332.00,550,3561450
20221122,10:02:02,18331.05,300,3561450
20221122,10:02:03,18332.10,150,3561450
20221122,10:02:04,18332.35,750,3561450
20221122,10:02:05,18333.45,100,3561450
20221122,10:02:06,18333.85,400,3561450
20221122,10:02:08,18336.00,1050,3561450
20221122,10:02:09,18334.00,50,3561450
20221122,10:02:10,18336.65,650,3561450
20221122,10:02:11,18336.25,600,3561450
20221122,10:02:12,18335.60,200,3561450
20221122,10:02:14,18335.65,100,3561450
20221122,10:02:15,18336.55,550,3561450
20221122,10:02:16,18335.65,200,3561450
20221122,10:02:17,18335.65,100,3561450
20221122,10:02:18,18333.80,50,3561450
20221122,10:02:21,18335.65,200,3561450
20221122,10:02:23,18334.00,50,3561450
20221122,10:02:24,18334.00,450,3561450
20221122,10:02:25,18334.00,50,3561450
20221122,10:02:26,18334.00,500,3561450
20221122,10:02:27,18335.00,100,3561450
20221122,10:02:28,18335.15,250,3561450
20221122,10:02:29,18334.00,100,3561450
20221122,10:02:30,18334.00,600,3561450
20221122,10:02:32,18334.00,150,3561450
20221122,10:02:33,18334.00,200,3561450
20221122,10:02:34,18334.70,300,3561450
20221122,10:02:36,18335.35,50,3561450
20221122,10:02:38,18333.75,50,3561450
20221122,10:02:39,18333.75,50,3561450
20221122,10:02:40,18333.95,100,3561450
20221122,10:02:41,18333.05,50,3561450
20221122,10:02:42,18333.55,100,3561450
20221122,10:02:44,18333.05,250,3561450
20221122,10:02:45,18333.05,150,3576950
20221122,10:02:46,18333.05,150,3576950
20221122,10:02:47,18333.75,100,3576950
20221122,10:02:49,18333.05,50,3576950
20221122,10:02:50,18334.90,400,3576950
20221122,10:02:51,18334.00,150,3576950
20221122,10:02:52,18334.00,100,3576950
20221122,10:02:53,18333.05,50,3576950
20221122,10:02:54,18333.05,50,3576950
20221122,10:02:56,18333.90,300,3576950
20221122,10:02:58,18333.95,50,3576950
20221122,10:02:59,18334.00,150,3576950
20221122,10:03:00,18334.00,50,3576950
20221122,10:03:01,18334.45,150,3576950
20221122,10:03:02,18334.45,150,3576950
20221122,10:03:03,18334.00,100,3576950
20221122,10:03:04,18335.00,200,3576950
20221122,10:03:05,18334.80,50,3576950
20221122,10:03:07,18334.00,50,3576950
20221122,10:03:08,18334.00,50,3576950
20221122,10:03:09,18334.05,50,3576950
20221122,10:03:13,18334.80,50,3576950
20221122,10:03:14,18334.00,200,3576950
20221122,10:03:15,18334.05,650,3576950
20221122,10:03:16,18334.05,150,3576950
20221122,10:03:19,18335.00,250,3576950
20221122,10:03:20,18334.05,200,3576950
20221122,10:03:21,18334.05,600,3576950
20221122,10:03:22,18334.05,50,3576950
20221122,10:03:23,18334.05,50,3576950
20221122,10:03:25,18334.20,100,3576950
20221122,10:03:27,18334.00,150,3576950
20221122,10:03:29,18334.00,50,3576950
20221122,10:03:30,18334.05,300,3576950
20221122,10:03:32,18334.80,150,3576950
20221122,10:03:34,18334.80,50,3576950
20221122,10:03:34,18334.85,50,3576950
20221122,10:03:37,18334.00,450,3576950
20221122,10:03:39,18334.00,100,3576950
20221122,10:03:39,18334.00,50,3576950
20221122,10:03:40,18334.40,100,3576950
20221122,10:03:41,18333.05,100,3576950
20221122,10:03:42,18333.05,300,3576950
20221122,10:03:43,18333.05,200,3576950
20221122,10:03:44,18333.50,100,3576950
20221122,10:03:46,18332.80,150,3576950
20221122,10:03:49,18333.00,150,3576950
20221122,10:03:51,18331.30,100,3576950
20221122,10:03:54,18333.00,350,3576950
20221122,10:03:54,18333.00,50,3576950
20221122,10:03:55,18333.00,50,3576950
20221122,10:03:56,18333.20,800,3576950
20221122,10:03:57,18331.55,400,3576950
20221122,10:04:00,18331.55,50,3576950
20221122,10:04:01,18331.70,50,3576950
20221122,10:04:02,18331.50,200,3576950
20221122,10:04:03,18332.10,50,3576950
20221122,10:04:04,18331.45,750,3576950
20221122,10:04:06,18331.50,150,3576950
20221122,10:04:06,18331.50,50,3576950
20221122,10:04:07,18331.05,100,3576950
20221122,10:04:08,18331.05,50,3576950
20221122,10:04:09,18331.10,50,3576950
20221122,10:04:10,18331.05,150,3576950
20221122,10:04:12,18331.05,50,3576950
20221122,10:04:12,18331.05,100,3576950
20221122,10:04:13,18331.45,100,3576950
20221122,10:04:14,18331.45,350,3576950
20221122,10:04:15,18331.05,100,3576950
20221122,10:04:17,18331.10,150,3576950
20221122,10:04:17,18331.10,50,3576950
20221122,10:04:18,18331.05,100,3576950
20221122,10:04:19,18330.05,2400,3576950
20221122,10:04:24,18332.00,150,3576950
20221122,10:04:25,18331.65,150,3576950
20221122,10:04:28,18333.35,300,3576950
20221122,10:04:29,18333.00,250,3576950
20221122,10:04:30,18333.00,50,3576950
20221122,10:04:31,18333.00,400,3576950
20221122,10:04:33,18333.00,250,3576950
20221122,10:04:34,18333.00,50,3576950
20221122,10:04:35,18333.40,100,3576950
20221122,10:04:36,18333.95,500,3576950
20221122,10:04:37,18333.50,100,3576950
20221122,10:04:39,18333.00,50,3576950
20221122,10:04:40,18333.55,50,3576950
20221122,10:04:41,18333.10,50,3576950
20221122,10:04:42,18333.00,150,3576950
20221122,10:04:44,18333.05,100,3576950
20221122,10:04:46,18332.95,550,3576950
20221122,10:04:47,18332.95,200,3576950
20221122,10:04:48,18332.20,50,3576950
20221122,10:04:49,18332.95,100,3576950
20221122,10:04:50,18332.70,250,3576950
20221122,10:04:51,18333.00,50,3576950
20221122,10:04:53,18332.70,50,3576950
20221122,10:04:54,18332.70,50,3576950
20221122,10:04:57,18332.00,50,3576950
20221122,10:05:00,18332.00,200,3576950
20221122,10:05:01,18331.50,50,3576950
20221122,10:05:03,18331.50,50,3576950
20221122,10:05:06,18331.50,50,3576950
20221122,10:05:08,18331.50,100,3576950
20221122,10:05:08,18332.00,50,3576950
20221122,10:05:10,18331.50,250,3576950
20221122,10:05:12,18331.50,50,3576950
20221122,10:05:13,18331.50,200,3576950
20221122,10:05:14,18331.50,100,3576950
20221122,10:05:16,18331.05,150,3576950
20221122,10:05:18,18330.30,50,3576950
20221122,10:05:19,18330.30,50,3576950
20221122,10:05:20,18330.00,200,3576950
20221122,10:05:21,18329.90,150,3576950
20221122,10:05:23,18329.90,100,3576950
20221122,10:05:23,18329.35,150,3576950
20221122,10:05:24,18328.85,50,3576950
20221122,10:05:25,18330.00,150,3576950
20221122,10:05:26,18330.15,200,3576950
20221122,10:05:27,18330.10,200,3576950
20221122,10:05:29,18330.00,700,3576950
20221122,10:05:29,18330.00,50,3576950
20221122,10:05:30,18330.05,100,3576950
20221122,10:05:31,18330.05,50,3576950
20221122,10:05:32,18330.10,100,3576950
20221122,10:05:35,18331.00,100,3576950
20221122,10:05:35,18332.00,250,3576950
20221122,10:05:36,18331.10,200,3576950
20221122,10:05:37,18331.05,50,3576950
20221122,10:05:38,18331.05,150,3576950
20221122,10:05:40,18330.55,100,3576950
20221122,10:05:41,18330.40,50,3576950
20221122,10:05:41,18331.85,50,3576950
20221122,10:05:43,18331.05,50,3576950
20221122,10:05:44,18331.05,250,3576950
20221122,10:05:45,18331.05,150,3588100
20221122,10:05:47,18331.85,50,3588100
20221122,10:05:48,18331.00,50,3588100
20221122,10:05:49,18331.00,50,3588100
20221122,10:05:53,18331.95,250,3588100
20221122,10:05:54,18331.00,100,3588100
20221122,10:05:55,18331.90,50,3588100
20221122,10:06:00,18331.90,200,3588100
20221122,10:06:01,18330.85,50,3588100
20221122,10:06:05,18331.90,50,3588100
20221122,10:06:07,18331.15,50,3588100
20221122,10:06:10,18331.00,200,3588100
20221122,10:06:12,18330.00,100,3588100
20221122,10:06:15,18331.10,100,3588100
20221122,10:06:16,18330.55,50,3588100
20221122,10:06:17,18332.00,200,3588100
20221122,10:06:21,18331.00,200,3588100
20221122,10:06:23,18331.00,50,3588100
20221122,10:06:26,18332.00,100,3588100
20221122,10:06:39,18331.00,50,3588100
20221122,10:06:40,18331.25,150,3588100
20221122,10:06:43,18330.00,300,3588100
20221122,10:06:44,18330.65,100,3588100
20221122,10:06:47,18330.00,100,3588100
20221122,10:06:48,18328.00,350,3588100
20221122,10:06:55,18327.75,150,3588100
20221122,10:06:56,18328.10,50,3588100
20221122,10:06:57,18328.60,100,3588100
20221122,10:07:00,18328.05,100,3588100
20221122,10:07:01,18327.05,50,3588100
20221122,10:07:02,18327.50,100,3588100
20221122,10:07:04,18327.00,200,3588100
20221122,10:07:05,18327.00,100,3588100
20221122,10:07:06,18327.00,150,3588100
20221122,10:07:07,18327.00,150,3588100
20221122,10:07:09,18327.00,100,3588100
20221122,10:07:10,18327.00,100,3588100
20221122,10:07:11,18327.00,200,3588100
20221122,10:07:11,18327.00,100,3588100
20221122,10:07:12,18327.00,150,3588100
20221122,10:07:13,18327.00,550,3588100
20221122,10:07:16,18327.00,100,3588100
20221122,10:07:17,18327.80,250,3588100
20221122,10:07:18,18327.90,100,3588100
20221122,10:07:20,18327.30,200,3588100
20221122,10:07:21,18328.10,100,3588100
20221122,10:07:22,18329.00,100,3588100
20221122,10:07:25,18328.85,100,3588100
20221122,10:07:26,18328.00,100,3588100
20221122,10:07:28,18328.55,100,3588100
20221122,10:07:29,18328.90,150,3588100
20221122,10:07:30,18329.35,200,3588100
20221122,10:07:32,18329.25,200,3588100
20221122,10:07:34,18329.45,100,3588100
20221122,10:07:35,18329.45,200,3588100
20221122,10:07:36,18330.00,550,3588100
20221122,10:07:39,18330.05,100,3588100
20221122,10:07:40,18329.15,100,3588100
20221122,10:07:41,18329.70,50,3588100
20221122,10:07:42,18329.40,250,3588100
20221122,10:07:43,18330.05,200,3588100
20221122,10:07:46,18330.05,350,3588100
20221122,10:07:47,18328.90,50,3588100
20221122,10:07:48,18328.15,50,3588100
20221122,10:07:50,18328.15,50,3588100
20221122,10:07:54,18327.55,50,3588100
20221122,10:07:55,18327.55,50,3588100
20221122,10:07:56,18327.70,150,3588100
20221122,10:07:59,18328.10,200,3588100
20221122,10:08:00,18328.15,100,3588100
20221122,10:08:01,18328.15,50,3588100
20221122,10:08:02,18328.15,50,3588100
20221122,10:08:05,18328.55,100,3588100
20221122,10:08:06,18329.95,100,3588100
20221122,10:08:07,18330.00,150,3588100
20221122,10:08:08,18330.00,100,3588100
20221122,10:08:09,18330.00,200,3588100
20221122,10:08:13,18331.00,50,3588100
20221122,10:08:14,18331.40,150,3588100
20221122,10:08:15,18332.90,750,3588100
20221122,10:08:16,18332.05,1600,3588100
20221122,10:08:18,18332.05,250,3588100
20221122,10:08:19,18332.30,100,3588100
20221122,10:08:21,18330.90,50,3588100
20221122,10:08:22,18330.90,50,3588100
20221122,10:08:27,18331.00,400,3588100
20221122,10:08:28,18332.05,50,3588100
20221122,10:08:32,18333.00,50,3588100
20221122,10:08:33,18333.00,250,3588100
20221122,10:08:34,18330.65,250,3588100
20221122,10:08:35,18331.00,100,3588100
20221122,10:08:38,18330.95,100,3588100
20221122,10:08:39,18330.50,100,3588100
20221122,10:08:41,18331.10,450,3588100
20221122,10:08:42,18330.40,500,3588100
20221122,10:08:43,18330.25,150,3588100
20221122,10:08:45,18330.50,150,3588100
20221122,10:08:46,18330.60,300,3588100
20221122,10:08:47,18330.05,100,3592950
20221122,10:08:49,18330.10,50,3592950
20221122,10:08:50,18330.25,100,3592950
20221122,10:08:51,18330.40,100,3592950
20221122,10:08:55,18330.15,150,3592950
20221122,10:08:56,18330.30,400,3592950
20221122,10:08:57,18329.95,350,3592950
20221122,10:08:58,18329.95,50,3592950
20221122,10:08:59,18329.40,150,3592950
20221122,10:08:59,18329.85,50,3592950
20221122,10:09:01,18330.00,50,3592950
20221122,10:09:04,18329.05,50,3592950
20221122,10:09:05,18330.00,50,3592950
20221122,10:09:06,18331.55,200,3592950
20221122,10:09:07,18331.55,50,3592950
20221122,10:09:08,18331.50,400,3592950
20221122,10:09:12,18331.70,150,3592950
20221122,10:09:13,18331.60,50,3592950
20221122,10:09:15,18331.40,50,3592950
20221122,10:09:16,18331.65,50,3592950
20221122,10:09:18,18331.65,50,3592950
20221122,10:09:19,18331.25,50,3592950
20221122,10:09:21,18330.80,50,3592950
20221122,10:09:22,18331.25,50,3592950
20221122,10:09:24,18331.20,50,3592950
20221122,10:09:25,18331.30,950,3592950
20221122,10:09:27,18330.85,50,3592950
20221122,10:09:28,18331.65,50,3592950
20221122,10:09:29,18330.90,100,3592950
20221122,10:09:32,18330.25,100,3592950
20221122,10:09:34,18330.30,50,3592950
20221122,10:09:35,18331.30,50,3592950
20221122,10:09:40,18330.90,50,3592950
20221122,10:09:40,18331.05,200,3592950
20221122,10:09:44,18331.75,100,3592950
20221122,10:09:46,18331.40,50,3592950
20221122,10:09:48,18331.20,450,3592950
20221122,10:09:49,18331.20,100,3592950
20221122,10:09:52,18331.20,50,3592950
20221122,10:09:53,18332.00,400,3592950
20221122,10:09:55,18332.00,50,3592950
20221122,10:09:56,18330.95,150,3592950
20221122,10:10:00,18332.85,100,3592950
20221122,10:10:02,18333.00,150,3592950
20221122,10:10:04,18332.00,50,3592950
20221122,10:10:06,18331.50,100,3592950
20221122,10:10:07,18332.35,50,3592950
20221122,10:10:08,18331.85,100,3592950
20221122,10:10:11,18331.50,50,3592950
20221122,10:10:12,18331.50,100,3592950
20221122,10:10:12,18330.95,50,3592950
20221122,10:10:13,18330.00,250,3592950
20221122,10:10:17,18330.00,50,3592950
20221122,10:10:18,18331.00,100,3592950
20221122,10:10:21,18331.50,50,3592950
20221122,10:10:22,18331.00,50,3592950
20221122,10:10:25,18331.15,100,3592950
20221122,10:10:27,18331.15,150,3592950
20221122,10:10:29,18330.70,550,3592950
20221122,10:10:31,18331.50,150,3592950
20221122,10:10:32,18330.55,400,3592950
20221122,10:10:35,18330.75,50,3592950
20221122,10:10:36,18330.45,50,3592950
20221122,10:10:38,18330.85,100,3592950
20221122,10:10:41,18330.25,100,3592950
20221122,10:10:44,18330.90,150,3592950
20221122,10:10:46,18330.00,300,3592950
20221122,10:10:48,18328.90,100,3592950
20221122,10:10:49,18328.80,50,3592950
20221122,10:10:50,18330.15,300,3592950
20221122,10:10:53,18328.70,100,3592950
20221122,10:10:54,18329.90,100,3592950
20221122,10:10:58,18329.05,50,3592950
20221122,10:11:02,18328.20,50,3592950
20221122,10:11:03,18329.00,50,3592950
20221122,10:11:04,18328.00,100,3592950
20221122,10:11:05,18329.05,750,3592950
20221122,10:11:06,18329.05,250,3592950
20221122,10:11:09,18329.05,300,3592950
20221122,10:11:11,18329.05,50,3592950
20221122,10:11:12,18329.50,50,3592950
20221122,10:11:15,18329.95,200,3592950
20221122,10:11:16,18330.00,50,3592950
20221122,10:11:18,18329.05,50,3592950
20221122,10:11:19,18329.05,50,3592950
20221122,10:11:19,18331.70,550,3592950
20221122,10:11:20,18329.10,50,3592950
20221122,10:11:22,18331.60,650,3592950
20221122,10:11:23,18332.30,750,3592950
20221122,10:11:24,18330.10,1200,3592950
20221122,10:11:27,18331.65,100,3592950
20221122,10:11:29,18332.00,100,3592950
20221122,10:11:30,18330.10,100,3592950
20221122,10:11:31,18330.10,50,3592950
20221122,10:11:33,18330.60,200,3592950
20221122,10:11:36,18330.15,50,3592950
20221122,10:11:37,18330.10,50,3592950
20221122,10:11:38,18329.40,100,3592950
20221122,10:11:40,18329.10,50,3592950
20221122,10:11:42,18329.05,100,3592950
20221122,10:11:43,18330.60,50,3592950
20221122,10:11:44,18330.60,250,3592950
20221122,10:11:47,18331.00,50,3592950
20221122,10:11:48,18330.55,100,3596650
20221122,10:11:49,18330.00,100,3596650
20221122,10:11:52,18330.55,100,3596650
20221122,10:11:54,18330.60,100,3596650
20221122,10:11:56,18330.00,50,3596650
20221122,10:12:00,18330.00,50,3596650
20221122,10:12:02,18330.50,50,3596650
20221122,10:12:03,18330.65,50,3596650
20221122,10:12:07,18330.50,50,3596650
20221122,10:12:15,18331.70,800,3596650
20221122,10:12:16,18332.05,200,3596650
20221122,10:12:17,18332.35,50,3596650
20221122,10:12:18,18333.00,300,3596650
20221122,10:12:19,18333.00,500,3596650
20221122,10:12:23,18334.50,150,3596650
20221122,10:12:30,18334.00,50,3596650
20221122,10:12:34,18334.85,50,3596650
20221122,10:12:35,18334.55,1100,3596650
20221122,10:12:37,18336.75,400,3596650
20221122,10:12:41,18338.10,1800,3596650
20221122,10:12:42,18335.95,350,3596650
20221122,10:12:43,18335.95,50,3596650
20221122,10:12:44,18335.90,100,3596650
20221122,10:12:45,18334.45,250,3596650
20221122,10:12:48,18337.65,1250,3596650
20221122,10:12:49,18336.00,100,3596650
20221122,10:12:50,18334.15,50,3596650
20221122,10:12:54,18336.45,250,3596650
20221122,10:12:55,18335.75,150,3596650
20221122,10:12:57,18335.30,200,3596650
20221122,10:12:59,18335.30,50,3596650
20221122,10:13:03,18336.55,300,3596650
20221122,10:13:08,18336.40,50,3596650
20221122,10:13:10,18335.45,600,3596650
20221122,10:13:18,18335.45,2050,3596650
20221122,10:13:19,18335.05,4100,3596650
20221122,10:13:23,18336.30,100,3596650
20221122,10:13:24,18336.55,250,3596650
20221122,10:13:26,18335.85,50,3596650
20221122,10:13:29,18336.25,50,3596650
20221122,10:13:31,18335.90,50,3596650
20221122,10:13:32,18335.85,50,3596650
20221122,10:13:34,18335.25,550,3596650
20221122,10:13:37,18335.90,300,3596650
20221122,10:13:38,18336.55,50,3596650
20221122,10:13:40,18335.95,150,3596650
20221122,10:13:41,18335.90,200,3596650
20221122,10:13:42,18335.90,2150,3596650
20221122,10:13:43,18335.90,150,3596650
20221122,10:13:48,18335.05,50,3596650
20221122,10:13:49,18335.05,100,3596650
20221122,10:13:50,18336.00,100,3596650
20221122,10:13:52,18335.05,100,3596650
20221122,10:13:53,18335.95,200,3596650
20221122,10:14:01,18332.70,200,3596650
20221122,10:14:02,18331.60,2050,3596650
20221122,10:14:03,18333.50,100,3596650
20221122,10:14:05,18331.85,50,3596650
20221122,10:14:06,18332.75,50,3596650
20221122,10:14:07,18334.15,50,3596650
20221122,10:14:08,18333.30,50,3596650
20221122,10:14:15,18332.10,50,3596650
20221122,10:14:16,18331.30,350,3596650
20221122,10:14:19,18331.80,50,3596650
20221122,10:14:20,18333.00,900,3596650
20221122,10:14:22,18331.20,250,3596650
20221122,10:14:23,18331.55,100,3596650
20221122,10:14:25,18331.55,50,3596650
20221122,10:14:26,18331.55,50,3596650
20221122,10:14:27,18331.80,50,3596650
20221122,10:14:28,18331.55,100,3596650
20221122,10:14:30,18331.80,50,3596650
20221122,10:14:31,18331.80,50,3596650
20221122,10:14:32,18331.50,450,3596650
20221122,10:14:34,18331.80,50,3596650
20221122,10:14:41,18331.80,200,3596650
20221122,10:14:44,18331.80,100,3596650
20221122,10:14:45,18332.00,500,3596650
20221122,10:14:47,18332.35,100,3596650
20221122,10:14:52,18333.00,50,3610650
20221122,10:14:54,18333.60,600,3610650
20221122,10:14:57,18333.60,100,3610650
20221122,10:14:59,18333.55,50,3610650
20221122,10:15:01,18335.20,350,3610650
20221122,10:15:03,18335.90,550,3610650
20221122,10:15:03,18336.90,150,3610650
20221122,10:15:06,18336.20,100,3610650
20221122,10:15:08,18336.85,450,3610650
20221122,10:15:10,18336.85,50,3610650
20221122,10:15:11,18336.85,1700,3610650
20221122,10:15:12,18336.85,100,3610650
20221122,10:15:13,18337.00,50,3610650
20221122,10:15:18,18336.00,550,3610650
20221122,10:15:19,18336.00,350,3610650
20221122,10:15:22,18335.45,100,3610650
20221122,10:15:25,18336.10,50,3610650
20221122,10:15:26,18336.30,50,3610650
20221122,10:15:27,18336.25,50,3610650
20221122,10:15:28,18336.55,100,3610650
20221122,10:15:31,18336.00,100,3610650
20221122,10:15:32,18336.00,100,3610650
20221122,10:15:44,18334.60,100,3610650
20221122,10:15:45,18335.15,100,3610650
20221122,10:15:50,18334.35,50,3610650
20221122,10:15:55,18334.35,50,3610650
20221122,10:15:56,18333.55,50,3610650
20221122,10:15:59,18334.90,200,3610650
20221122,10:16:05,18333.60,50,3610650
20221122,10:16:06,18333.60,50,3610650
20221122,10:16:07,18333.30,550,3610650
20221122,10:16:09,18333.05,50,3610650
20221122,10:16:11,18333.55,50,3610650
20221122,10:16:12,18333.30,100,3610650
20221122,10:16:13,18333.00,100,3610650
20221122,10:16:16,18333.30,50,3610650
20221122,10:16:17,18333.30,50,3610650
20221122,10:16:19,18333.30,200,3610650
20221122,10:16:20,18333.30,100,3610650
20221122,10:16:21,18332.75,50,3610650
20221122,10:16:22,18332.45,50,3610650
20221122,10:16:26,18331.45,50,3610650
20221122,10:16:27,18332.30,50,3610650
20221122,10:16:30,18331.35,300,3610650
20221122,10:16:37,18332.20,50,3610650
20221122,10:16:38,18332.20,150,3610650
20221122,10:16:41,18332.20,750,3610650
20221122,10:16:51,18331.20,650,3610650
20221122,10:16:53,18331.00,50,3610650
20221122,10:16:58,18330.00,450,3610650
20221122,10:17:00,18331.10,50,3610650
20221122,10:17:04,18331.55,50,3610650
20221122,10:17:08,18331.60,50,3610650
20221122,10:17:09,18331.55,50,3610650
20221122,10:17:10,18331.10,50,3610650
20221122,10:17:12,18330.85,100,3610650
20221122,10:17:13,18330.90,100,3610650
20221122,10:17:15,18331.10,150,3610650
20221122,10:17:17,18331.45,50,3610650
20221122,10:17:23,18331.45,50,3610650
20221122,10:17:25,18330.20,50,3610650
20221122,10:17:27,18330.20,100,3610650
20221122,10:17:29,18330.25,100,3610650
20221122,10:17:30,18331.00,100,3610650
20221122,10:17:31,18331.05,50,3610650
20221122,10:17:35,18332.30,1300,3610650
20221122,10:17:36,18332.15,200,3610650
20221122,10:17:37,18333.00,100,3610650
20221122,10:17:38,18332.85,100,3610650
20221122,10:17:40,18332.85,500,3610650
20221122,10:17:43,18332.15,50,3610650
20221122,10:17:46,18331.65,50,3610650
20221122,10:17:51,18332.50,50,3613350
20221122,10:17:52,18332.00,350,3613350
20221122,10:17:56,18332.00,250,3613350
20221122,10:17:58,18332.90,50,3613350
20221122,10:18:00,18332.05,100,3613350
20221122,10:18:01,18332.10,150,3613350
20221122,10:18:02,18332.10,50,3613350
20221122,10:18:06,18332.10,50,3613350
20221122,10:18:08,18332.10,300,3613350
20221122,10:18:14,18332.05,50,3613350
20221122,10:18:19,18332.00,50,3613350
20221122,10:18:21,18332.30,150,3613350
20221122,10:18:26,18332.10,200,3613350
20221122,10:18:27,18332.10,200,3613350
20221122,10:18:27,18332.10,50,3613350
20221122,10:18:28,18332.10,50,3613350
20221122,10:18:31,18334.00,200,3613350
20221122,10:18:33,18334.25,100,3613350
20221122,10:18:34,18335.00,200,3613350
20221122,10:18:36,18334.15,100,3613350
20221122,10:18:37,18333.90,100,3613350
20221122,10:18:40,18333.05,50,3613350
20221122,10:18:42,18333.90,50,3613350
20221122,10:18:43,18334.00,50,3613350
20221122,10:18:47,18333.35,150,3613350
20221122,10:18:48,18333.35,50,3613350
20221122,10:18:49,18334.35,50,3613350
20221122,10:18:50,18334.65,100,3613350
20221122,10:18:52,18334.40,500,3613350
20221122,10:18:54,18334.40,150,3613350
20221122,10:18:57,18334.95,50,3613350
20221122,10:19:00,18335.00,100,3613350
20221122,10:19:02,18335.00,150,3613350
20221122,10:19:03,18335.15,100,3613350
20221122,10:19:05,18334.50,100,3613350
20221122,10:19:08,18334.70,100,3613350
20221122,10:19:10,18335.00,50,3613350
20221122,10:19:11,18334.40,50,3613350
20221122,10:19:14,18334.40,250,3613350
20221122,10:19:16,18334.85,150,3613350
20221122,10:19:17,18334.05,150,3613350
20221122,10:19:23,18334.05,100,3613350
20221122,10:19:24,18333.65,50,3613350
20221122,10:19:25,18335.00,300,3613350
20221122,10:19:26,18334.70,150,3613350
20221122,10:19:27,18334.25,150,3613350
20221122,10:19:30,18335.00,100,3613350
20221122,10:19:32,18335.50,150,3613350
20221122,10:19:33,18335.10,100,3613350
20221122,10:19:33,18335.05,50,3613350
20221122,10:19:34,18335.05,150,3613350
20221122,10:19:35,18335.45,150,3613350
20221122,10:19:37,18335.25,50,3613350
20221122,10:19:38,18335.05,300,3613350
20221122,10:19:39,18334.45,150,3613350
20221122,10:19:39,18334.85,50,3613350
20221122,10:19:41,18334.30,50,3613350
20221122,10:19:44,18334.20,300,3613350
20221122,10:19:46,18333.80,50,3613350
20221122,10:19:47,18334.15,100,3613350
20221122,10:19:50,18334.30,150,3613350
20221122,10:19:53,18334.55,50,3613350
20221122,10:19:54,18334.60,50,3613350
20221122,10:19:57,18334.00,100,3613350
20221122,10:19:58,18334.00,100,3613350
20221122,10:20:00,18333.80,100,3613350
20221122,10:20:02,18333.50,200,3613350
20221122,10:20:03,18333.95,100,3613350
20221122,10:20:05,18334.00,50,3613350
20221122,10:20:06,18334.30,100,3613350
20221122,10:20:10,18334.20,100,3613350
20221122,10:20:12,18334.15,200,3613350
20221122,10:20:12,18335.00,50,3613350
20221122,10:20:13,18334.45,100,3613350
20221122,10:20:15,18335.00,150,3613350
20221122,10:20:17,18334.40,150,3613350
20221122,10:20:18,18335.00,100,3613350
20221122,10:20:18,18334.50,100,3613350
20221122,10:20:20,18334.20,200,3613350
20221122,10:20:22,18334.00,150,3613350
20221122,10:20:23,18333.85,50,3613350
20221122,10:20:26,18333.95,100,3613350
20221122,10:20:29,18333.85,100,3613350
20221122,10:20:30,18335.00,400,3613350
20221122,10:20:31,18334.15,150,3613350
20221122,10:20:32,18334.30,100,3613350
20221122,10:20:33,18334.30,100,3613350
20221122,10:20:34,18334.30,400,3613350
20221122,10:20:44,18333.90,50,3613350
20221122,10:20:46,18334.60,500,3613350
20221122,10:20:49,18333.90,150,3613350
20221122,10:20:50,18333.90,50,3616500
20221122,10:20:51,18335.00,50,3616500
20221122,10:20:52,18334.50,200,3616500
20221122,10:20:54,18335.00,100,3616500
20221122,10:20:56,18336.05,1950,3616500
20221122,10:20:57,18336.00,50,3616500
20221122,10:20:58,18336.90,50,3616500
20221122,10:20:59,18335.60,100,3616500
20221122,10:21:02,18335.60,50,3616500
20221122,10:21:04,18337.00,50,3616500
20221122,10:21:05,18336.75,50,3616500
20221122,10:21:09,18337.95,150,3616500
20221122,10:21:10,18339.95,1000,3616500
20221122,10:21:11,18340.00,300,3616500
20221122,10:21:12,18340.00,2050,3616500
20221122,10:21:13,18340.00,300,3616500
20221122,10:21:15,18340.00,200,3616500
20221122,10:21:16,18340.35,250,3616500
20221122,10:21:17,18340.50,300,3616500
20221122,10:21:19,18340.50,100,3616500
20221122,10:21:20,18341.00,150,3616500
20221122,10:21:21,18340.00,800,3616500
20221122,10:21:24,18338.60,50,3616500
20221122,10:21:25,18338.80,300,3616500
20221122,10:21:26,18339.25,100,3616500
20221122,10:21:29,18338.95,100,3616500
20221122,10:21:31,18340.00,150,3616500
20221122,10:21:33,18338.65,50,3616500
20221122,10:21:34,18338.70,50,3616500
20221122,10:21:35,18339.50,50,3616500
20221122,10:21:37,18339.10,150,3616500
20221122,10:21:42,18340.15,150,3616500
20221122,10:21:44,18338.65,50,3616500
20221122,10:21:46,18339.70,250,3616500
20221122,10:21:47,18339.70,50,3616500
20221122,10:21:48,18339.95,100,3616500
20221122,10:21:50,18340.00,100,3616500
20221122,10:21:51,18339.30,200,3616500
20221122,10:21:53,18338.65,100,3616500
20221122,10:21:56,18338.10,50,3616500
20221122,10:21:57,18338.00,100,3616500
20221122,10:22:00,18337.80,250,3616500
20221122,10:22:02,18336.90,50,3616500
20221122,10:22:05,18337.00,50,3616500
20221122,10:22:08,18336.65,50,3616500
20221122,10:22:10,18336.60,50,3616500
20221122,10:22:14,18336.60,50,3616500
20221122,10:22:17,18336.55,350,3616500
20221122,10:22:20,18336.90,50,3616500
20221122,10:22:21,18336.55,100,3616500
20221122,10:22:23,18335.00,100,3616500
20221122,10:22:24,18335.40,50,3616500
20221122,10:22:26,18335.40,50,3616500
20221122,10:22:27,18335.00,50,3616500
20221122,10:22:29,18335.00,50,3616500
20221122,10:22:31,18335.00,50,3616500
20221122,10:22:34,18333.25,250,3616500
20221122,10:22:35,18336.10,400,3616500
20221122,10:22:35,18333.70,50,3616500
20221122,10:22:38,18335.35,50,3616500
20221122,10:22:39,18333.55,150,3616500
20221122,10:22:41,18336.00,50,3616500
20221122,10:22:45,18335.00,50,3616500
20221122,10:22:50,18334.75,50,3616500
20221122,10:22:53,18333.05,1800,3616500
20221122,10:22:56,18333.65,150,3616500
20221122,10:22:59,18333.30,100,3616500
20221122,10:23:02,18333.70,50,3616500
20221122,10:23:05,18333.70,250,3616500
20221122,10:23:08,18333.75,100,3616500
20221122,10:23:10,18334.65,50,3616500
20221122,10:23:15,18334.65,50,3616500
20221122,10:23:19,18333.70,50,3616500
20221122,10:23:21,18333.90,150,3616500
20221122,10:23:24,18333.90,50,3616500
20221122,10:23:29,18333.75,50,3616500
20221122,10:23:30,18334.25,50,3616500
20221122,10:23:33,18335.20,550,3616500
20221122,10:23:36,18334.50,100,3616500
20221122,10:23:37,18334.50,50,3616500
20221122,10:23:39,18334.35,50,3616500
20221122,10:23:40,18335.00,150,3616500
20221122,10:23:42,18334.35,50,3616500
20221122,10:23:43,18335.70,200,3616500
20221122,10:23:54,18335.70,450,3620450
20221122,10:23:55,18335.70,50,3620450
20221122,10:23:57,18334.55,150,3620450
20221122,10:23:59,18334.65,100,3620450
20221122,10:24:00,18334.65,50,3620450
20221122,10:24:02,18335.00,150,3620450
20221122,10:24:05,18335.00,1650,3620450
20221122,10:24:07,18335.15,300,3620450
20221122,10:24:08,18335.15,50,3620450
20221122,10:24:11,18335.25,100,3620450
20221122,10:24:12,18335.30,150,3620450
20221122,10:24:13,18334.80,200,3620450
20221122,10:24:14,18334.70,50,3620450
20221122,10:24:15,18335.00,450,3620450
20221122,10:24:20,18335.00,150,3620450
20221122,10:24:23,18335.70,50,3620450
20221122,10:24:24,18335.75,200,3620450
20221122,10:24:28,18335.00,50,3620450
20221122,10:24:29,18335.35,50,3620450
20221122,10:24:30,18335.35,100,3620450
20221122,10:24:31,18335.15,50,3620450
20221122,10:24:32,18335.00,500,3620450
20221122,10:24:35,18335.70,150,3620450
20221122,10:24:37,18335.60,50,3620450
20221122,10:24:39,18335.70,50,3620450
20221122,10:24:40,18334.65,50,3620450
20221122,10:24:42,18334.65,50,3620450
20221122,10:24:44,18334.85,50,3620450
20221122,10:24:47,18335.60,100,3620450
20221122,10:24:49,18335.00,50,3620450
20221122,10:24:55,18335.60,50,3620450
20221122,10:24:58,18335.55,200,3620450
20221122,10:24:59,18335.10,50,3620450
20221122,10:25:01,18335.10,400,3620450
20221122,10:25:02,18334.05,50,3620450
20221122,10:25:04,18334.80,50,3620450
20221122,10:25:05,18333.90,200,3620450
20221122,10:25:06,18333.60,50,3620450
20221122,10:25:07,18333.20,50,3620450
20221122,10:25:09,18333.00,350,3620450
20221122,10:25:10,18332.65,50,3620450
20221122,10:25:15,18331.95,350,3620450
20221122,10:25:16,18331.55,400,3620450
20221122,10:25:17,18331.25,50,3620450
20221122,10:25:21,18330.75,50,3620450
20221122,10:25:24,18331.15,50,3620450
20221122,10:25:25,18332.00,100,3620450
20221122,10:25:26,18330.55,300,3620450
20221122,10:25:27,18331.25,100,3620450
20221122,10:25:28,18330.95,50,3620450
20221122,10:25:29,18332.00,300,3620450
20221122,10:25:32,18332.00,50,3620450
20221122,10:25:33,18332.05,250,3620450
20221122,10:25:34,18332.05,50,3620450
20221122,10:25:35,18332.00,300,3620450
20221122,10:25:36,18332.00,100,3620450
20221122,10:25:38,18332.00,50,3620450
20221122,10:25:40,18332.05,50,3620450
20221122,10:25:42,18331.20,50,3620450
20221122,10:25:44,18332.00,100,3620450
20221122,10:25:46,18333.00,300,3620450
20221122,10:25:51,18333.00,50,3620450
20221122,10:25:52,18331.95,250,3620450
20221122,10:25:55,18333.00,50,3620450
20221122,10:25:56,18333.00,50,3620450
20221122,10:25:57,18333.00,150,3620450
20221122,10:25:58,18331.95,300,3620450
20221122,10:26:01,18332.55,50,3620450
20221122,10:26:02,18333.00,200,3620450
20221122,10:26:04,18333.00,50,3620450
20221122,10:26:06,18333.00,50,3620450
20221122,10:26:06,18334.00,150,3620450
20221122,10:26:08,18334.00,150,3620450
20221122,10:26:10,18333.50,650,3620450
20221122,10:26:14,18334.00,200,3620450
20221122,10:26:20,18334.00,150,3620450
20221122,10:26:21,18334.00,350,3620450
20221122,10:26:23,18333.90,300,3620450
20221122,10:26:25,18335.00,800,3620450
20221122,10:26:26,18335.00,1500,3620450
20221122,10:26:27,18336.00,1050,3620450
20221122,10:26:28,18335.70,300,3620450
20221122,10:26:30,18336.80,100,3620450
20221122,10:26:30,18337.40,50,3620450
20221122,10:26:31,18337.25,50,3620450
20221122,10:26:33,18337.75,50,3620450
20221122,10:26:34,18337.75,100,3620450
20221122,10:26:35,18337.75,700,3620450
20221122,10:26:36,18337.65,100,3620450
20221122,10:26:38,18337.00,50,3620450
20221122,10:26:40,18336.20,50,3620450
20221122,10:26:42,18337.45,50,3620450
20221122,10:26:43,18337.55,150,3620450
20221122,10:26:51,18338.20,500,3630400
20221122,10:26:52,18338.70,50,3630400
20221122,10:26:53,18338.10,100,3630400
20221122,10:26:54,18338.10,50,3630400
20221122,10:26:57,18339.00,50,3630400
20221122,10:26:58,18340.00,450,3630400
20221122,10:27:00,18339.00,50,3630400
20221122,10:27:01,18341.20,2050,3630400
20221122,10:27:03,18342.00,500,3630400
20221122,10:27:05,18342.00,350,3630400
20221122,10:27:06,18342.75,150,3630400
20221122,10:27:07,18342.85,300,3630400
20221122,10:27:08,18343.00,300,3630400
20221122,10:27:09,18343.25,500,3630400
20221122,10:27:10,18343.20,400,3630400
20221122,10:27:12,18342.90,500,3630400
20221122,10:27:12,18343.05,50,3630400
20221122,10:27:13,18342.20,400,3630400
20221122,10:27:14,18341.70,550,3630400
20221122,10:27:15,18341.90,450,3630400
20221122,10:27:17,18342.30,300,3630400
20221122,10:27:18,18342.30,100,3630400
20221122,10:27:19,18341.20,50,3630400
20221122,10:27:20,18342.20,100,3630400
20221122,10:27:21,18342.30,250,3630400
20221122,10:27:22,18342.75,250,3630400
