20221130,09:15:06,43600.00,1,290275
20221130,09:15:06,43600.00,25,290275
20221130,09:15:08,43604.30,450,290275
20221130,09:15:11,43593.40,25,290275
20221130,09:15:15,43620.60,25,290275
20221130,09:15:17,43625.00,50,290275
20221130,09:15:23,43625.00,25,290275
20221130,09:15:26,43624.95,25,290275
20221130,09:15:29,43625.00,50,290275
20221130,09:15:33,43625.25,25,290275
20221130,09:15:39,43625.95,25,290275
20221130,09:15:41,43628.80,75,290275
20221130,09:15:53,43640.00,50,290275
20221130,09:15:54,43639.35,25,290275
20221130,09:15:59,43650.00,150,290275
20221130,09:16:02,43655.00,25,290275
20221130,09:16:05,43660.00,75,290275
20221130,09:16:08,43661.85,50,290275
20221130,09:16:14,43674.95,275,290275
20221130,09:16:17,43674.95,75,290275
20221130,09:16:19,43675.00,50,290275
20221130,09:16:20,43675.00,50,290275
20221130,09:16:30,43670.00,25,290275
20221130,09:16:33,43670.90,25,290275
20221130,09:16:36,43671.55,25,290275
20221130,09:16:37,43670.90,300,290275
20221130,09:16:40,43689.50,900,290275
20221130,09:16:42,43689.50,25,290275
20221130,09:16:43,43689.75,300,290275
20221130,09:16:53,43689.75,50,290275
20221130,09:16:55,43675.00,50,290275
20221130,09:17:00,43675.60,25,290275
20221130,09:17:18,43675.60,75,290275
20221130,09:17:19,43680.00,100,290275
20221130,09:17:23,43680.00,50,288825
20221130,09:17:24,43678.10,50,288825
20221130,09:17:30,43678.10,75,288825
20221130,09:17:33,43675.10,50,288825
20221130,09:17:36,43680.00,50,288825
20221130,09:17:44,43675.15,25,288825
20221130,09:17:45,43675.75,25,288825
20221130,09:17:48,43680.00,175,288825
20221130,09:17:51,43685.95,25,288825
20221130,09:17:53,43692.40,225,288825
20221130,09:17:56,43696.15,150,288825
20221130,09:18:02,43698.95,25,288825
20221130,09:18:05,43698.95,25,288825
20221130,09:18:11,43695.00,25,288825
20221130,09:18:14,43698.00,25,288825
20221130,09:18:20,43699.00,25,288825
20221130,09:18:32,43699.00,25,288825
20221130,09:18:33,43697.95,50,288825
20221130,09:18:38,43689.50,25,288825
20221130,09:18:45,43688.90,100,288825
20221130,09:18:48,43690.10,75,288825
20221130,09:18:50,43697.30,25,288825
20221130,09:18:58,43683.30,100,288825
20221130,09:19:07,43678.80,25,288825
20221130,09:19:09,43683.00,50,288825
20221130,09:19:12,43685.15,25,288825
20221130,09:19:15,43687.45,50,288825
20221130,09:19:18,43684.50,75,288825
20221130,09:19:20,43683.45,100,288825
20221130,09:19:23,43685.00,25,288825
20221130,09:19:29,43681.75,175,288825
20221130,09:19:32,43695.30,175,288825
20221130,09:19:39,43680.45,25,288825
20221130,09:19:53,43680.45,350,288825
20221130,09:19:56,43680.45,25,288825
20221130,09:20:04,43675.85,50,288825
20221130,09:20:24,43685.25,25,288875
20221130,09:20:38,43689.05,125,288875
20221130,09:20:48,43692.60,25,288875
20221130,09:21:01,43692.00,25,288875
20221130,09:21:17,43683.15,25,288875
20221130,09:21:40,43687.95,175,288875
20221130,09:21:47,43692.00,50,288875
20221130,09:21:52,43695.95,200,288875
20221130,09:21:53,43698.00,50,288875
20221130,09:22:07,43692.05,25,288875
20221130,09:22:12,43692.00,25,288875
20221130,09:22:15,43700.00,700,288875
20221130,09:22:17,43700.00,150,288875
20221130,09:22:32,43700.00,25,288875
20221130,09:22:43,43700.00,325,288875
20221130,09:23:15,43692.10,25,288875
20221130,09:23:27,43700.95,50,289150
20221130,09:23:32,43700.95,25,289150
20221130,09:23:37,43694.05,25,289150
20221130,09:23:39,43690.00,150,289150
20221130,09:24:08,43685.00,25,289150
20221130,09:24:13,43681.00,25,289150
20221130,09:24:23,43683.00,25,289150
20221130,09:24:44,43688.10,25,289150
20221130,09:25:02,43678.05,50,289150
20221130,09:25:35,43682.55,25,289150
20221130,09:25:42,43683.60,50,289150
20221130,09:25:43,43684.10,50,289150
20221130,09:25:45,43684.00,175,289150
20221130,09:25:46,43684.00,125,289150
20221130,09:25:48,43684.00,150,289150
20221130,09:25:57,43688.00,25,289150
20221130,09:26:08,43680.00,50,289150
20221130,09:26:10,43680.00,25,289150
20221130,09:26:27,43680.00,25,289450
20221130,09:27:44,43668.05,50,289450
20221130,09:28:02,43668.00,100,289450
20221130,09:28:05,43669.70,25,289450
20221130,09:28:23,43664.95,100,289450
20221130,09:28:24,43661.00,25,289450
20221130,09:28:59,43668.00,25,289450
20221130,09:29:00,43661.75,25,289450
20221130,09:29:19,43668.00,25,289450
20221130,09:29:26,43668.00,25,289400
20221130,09:29:27,43668.00,25,289400
20221130,09:29:30,43668.00,25,289400
20221130,09:29:52,43668.00,50,289400
20221130,09:29:57,43668.00,25,289400
20221130,09:30:00,43662.50,25,289400
20221130,09:30:03,43670.00,25,289400
20221130,09:30:24,43674.25,25,289400
20221130,09:30:48,43680.00,25,289400
20221130,09:31:36,43685.00,25,289400
20221130,09:31:38,43686.00,25,289400
20221130,09:31:44,43681.00,50,289400
20221130,09:31:49,43680.00,250,289400
20221130,09:31:57,43668.25,25,289400
20221130,09:32:02,43661.00,100,289400
20221130,09:32:23,43678.50,50,289250
20221130,09:33:39,43678.50,25,289250
20221130,09:33:44,43677.95,25,289250
20221130,09:34:02,43678.50,25,289250
20221130,09:34:05,43673.30,25,289250
20221130,09:34:11,43680.00,25,289250
20221130,09:34:13,43673.40,25,289250
20221130,09:34:15,43674.05,25,289250
20221130,09:34:26,43680.00,25,289250
20221130,09:34:37,43672.10,25,289250
20221130,09:35:04,43670.00,50,289250
20221130,09:35:16,43674.05,25,289250
20221130,09:35:57,43670.00,25,289350
20221130,09:37:08,43660.00,150,289350
20221130,09:37:10,43658.00,25,289350
20221130,09:37:22,43658.00,100,289350
20221130,09:37:30,43651.00,25,289350
20221130,09:37:48,43651.00,25,289350
20221130,09:37:52,43651.00,25,289350
20221130,09:38:12,43660.75,50,289350
20221130,09:38:29,43660.00,50,289350
20221130,09:38:38,43660.00,150,289350
20221130,09:39:06,43651.00,25,289350
20221130,09:39:29,43650.00,75,289350
20221130,09:39:49,43641.00,300,289350
20221130,09:39:59,43641.55,25,289350
20221130,09:40:01,43644.10,25,289350
20221130,09:40:10,43654.95,25,289350
20221130,09:40:45,43644.05,50,289350
20221130,09:41:03,43640.00,25,289350
20221130,09:41:14,43640.00,25,289350
20221130,09:41:29,43634.05,25,289625
20221130,09:41:32,43630.10,25,289625
20221130,09:41:54,43643.05,25,289625
20221130,09:42:07,43640.05,150,289625
20221130,09:42:16,43640.05,25,289625
20221130,09:42:22,43649.95,75,289625
20221130,09:42:54,43640.10,25,289625
20221130,09:43:16,43640.00,25,289625
20221130,09:43:25,43640.15,25,289625
20221130,09:43:34,43634.35,25,289625
20221130,09:44:32,43634.35,25,289775
20221130,09:44:55,43630.00,25,289775
20221130,09:44:58,43630.00,75,289775
20221130,09:45:03,43618.25,25,289775
20221130,09:45:13,43631.90,25,289775
20221130,09:45:21,43622.00,25,289775
20221130,09:45:24,43600.00,1025,289775
20221130,09:45:26,43594.00,25,289775
20221130,09:45:28,43592.30,50,289775
20221130,09:45:29,43592.30,50,289775
20221130,09:45:35,43593.30,25,289775
20221130,09:45:48,43589.65,25,289775
20221130,09:45:51,43579.75,50,289775
20221130,09:45:53,43575.00,50,289775
20221130,09:45:54,43570.00,50,289775
20221130,09:45:59,43568.15,25,289775
20221130,09:46:01,43568.15,150,289775
20221130,09:46:07,43577.15,25,289775
20221130,09:46:18,43584.95,25,289775
20221130,09:46:21,43580.00,100,289775
20221130,09:46:28,43584.05,25,289775
20221130,09:46:38,43584.05,50,289775
20221130,09:47:11,43594.30,25,289775
20221130,09:47:17,43590.00,100,289775
20221130,09:47:35,43603.90,25,289775
20221130,09:47:48,43603.85,25,290175
20221130,09:47:55,43605.00,25,290175
20221130,09:48:11,43593.00,25,290175
20221130,09:48:13,43590.00,50,290175
20221130,09:48:35,43590.00,25,290175
20221130,09:48:44,43596.65,25,290175
20221130,09:48:46,43586.05,25,290175
20221130,09:49:28,43606.65,25,290175
20221130,09:49:34,43604.70,50,290175
20221130,09:49:37,43591.05,25,290175
20221130,09:49:49,43600.00,25,290175
20221130,09:50:04,43600.00,25,290175
20221130,09:50:19,43613.60,25,290175
20221130,09:50:26,43615.90,25,290175
20221130,09:51:04,43600.00,25,290250
20221130,09:51:12,43590.95,25,290250
20221130,09:51:27,43590.95,25,290250
20221130,09:51:40,43589.95,25,290250
20221130,09:51:42,43586.05,25,290250
20221130,09:51:44,43586.05,75,290250
20221130,09:51:45,43586.00,175,290250
20221130,09:52:09,43582.45,25,290250
20221130,09:52:31,43580.00,50,290250
20221130,09:52:35,43581.95,25,290250
20221130,09:52:47,43578.05,25,290250
20221130,09:52:56,43582.20,25,290250
20221130,09:53:13,43587.60,25,290250
20221130,09:53:24,43586.00,25,290250
20221130,09:53:48,43587.15,25,290525
20221130,09:54:00,43582.20,50,290525
20221130,09:54:21,43578.00,50,290525
20221130,09:54:23,43578.00,225,290525
20221130,09:54:41,43575.00,50,290525
20221130,09:54:44,43572.00,75,290525
20221130,09:54:49,43579.90,25,290525
20221130,09:54:56,43570.00,25,290525
20221130,09:55:17,43570.05,25,290525
20221130,09:55:19,43570.00,475,290525
20221130,09:55:28,43573.55,25,290525
20221130,09:55:30,43570.00,50,290525
20221130,09:55:44,43565.40,100,290525
20221130,09:55:59,43555.55,175,290525
20221130,09:56:14,43555.55,25,290525
20221130,09:56:37,43565.00,50,291075
20221130,09:56:44,43564.15,25,291075
20221130,09:56:57,43570.95,25,291075
20221130,09:57:39,43584.95,25,291075
20221130,09:58:16,43581.90,25,291075
20221130,09:58:46,43583.95,25,291075
20221130,09:59:07,43585.00,25,291075
20221130,09:59:10,43583.95,25,291075
20221130,09:59:18,43589.00,25,291075
20221130,09:59:27,43589.95,25,291075
20221130,10:00:21,43589.00,25,291075
20221130,10:01:07,43571.00,25,291075
20221130,10:02:22,43590.00,25,291075
20221130,10:02:23,43591.40,25,291075
20221130,10:03:44,43591.00,25,291075
20221130,10:04:54,43592.95,50,291075
20221130,10:05:05,43588.00,50,291075
20221130,10:05:25,43581.85,25,291075
20221130,10:05:27,43584.80,25,291075
20221130,10:05:38,43587.70,25,291150
20221130,10:06:34,43603.95,25,291150
20221130,10:06:42,43600.00,25,291150
20221130,10:07:10,43590.00,25,291150
20221130,10:07:58,43590.00,75,291150
20221130,10:09:23,43585.40,175,291250
20221130,10:09:25,43585.00,50,291250
20221130,10:09:26,43584.00,25,291250
20221130,10:09:39,43584.00,25,291250
20221130,10:10:03,43591.05,25,291250
20221130,10:10:36,43589.95,25,291250
20221130,10:11:13,43576.60,25,291250
20221130,10:11:57,43589.80,25,291275
20221130,10:11:58,43589.95,25,291275
20221130,10:12:56,43589.95,25,291275
20221130,10:14:51,43588.00,25,291275
20221130,10:15:09,43577.05,50,291275
20221130,10:15:20,43577.00,25,291275
20221130,10:15:27,43577.00,125,291275
20221130,10:16:47,43582.00,25,291275
20221130,10:17:45,43575.00,50,291325
20221130,10:17:47,43575.00,200,291325
20221130,10:17:48,43574.10,50,291325
20221130,10:17:50,43570.00,175,291325
20221130,10:18:11,43575.60,25,291325
20221130,10:18:21,43566.25,25,291325
20221130,10:19:00,43570.10,25,291325
20221130,10:19:03,43566.00,25,291325
20221130,10:19:12,43564.15,25,291325
20221130,10:19:35,43560.25,100,291325
20221130,10:20:05,43564.75,25,291325
20221130,10:21:07,43571.45,25,291425
20221130,10:22:28,43556.00,25,291425
20221130,10:22:41,43556.00,25,291425
20221130,10:22:56,43551.00,25,291425
20221130,10:23:08,43551.00,25,291425
20221130,10:23:22,43559.65,250,291425
20221130,10:25:01,43562.00,25,291325
20221130,10:25:07,43559.65,50,291325
20221130,10:25:15,43563.25,25,291325
20221130,10:26:17,43563.25,25,291325
20221130,10:26:31,43563.25,75,291325
20221130,10:26:57,43559.70,25,291400
20221130,10:27:30,43565.00,25,291400
20221130,10:27:36,43559.65,25,291400
20221130,10:27:40,43559.65,25,291400
20221130,10:29:19,43555.00,25,291400
20221130,10:29:22,43555.00,25,291400
20221130,10:29:44,43555.00,50,291450
20221130,10:29:49,43550.00,50,291450
20221130,10:29:55,43549.00,25,291450
20221130,10:30:26,43549.00,25,291450
20221130,10:30:37,43557.90,25,291450
20221130,10:30:55,43557.95,25,291450
20221130,10:31:21,43561.00,25,291450
20221130,10:31:49,43557.95,25,291450
20221130,10:31:57,43557.95,25,291450
20221130,10:31:59,43551.45,25,291450
20221130,10:32:17,43545.00,50,291450
20221130,10:32:19,43535.05,200,291450
20221130,10:32:25,43540.15,50,291450
20221130,10:33:01,43539.70,25,291400
20221130,10:33:27,43549.95,25,291400
20221130,10:33:40,43544.75,50,291400
20221130,10:34:13,43551.90,25,291400
20221130,10:34:42,43555.00,25,291400
20221130,10:34:49,43550.00,25,291400
20221130,10:35:21,43550.00,25,291400
20221130,10:36:08,43547.00,25,291475
20221130,10:36:09,43544.00,25,291475
20221130,10:36:18,43537.00,25,291475
20221130,10:36:49,43543.70,25,291475
20221130,10:37:11,43543.85,25,291475
20221130,10:37:13,43535.00,50,291475
20221130,10:37:37,43535.00,25,291475
20221130,10:37:56,43541.35,75,291475
20221130,10:38:04,43541.35,75,291475
20221130,10:38:17,43541.30,25,291475
20221130,10:38:20,43541.35,25,291475
20221130,10:38:28,43541.35,275,291475
20221130,10:38:35,43541.70,25,291475
20221130,10:38:58,43542.00,25,291250
20221130,10:39:30,43540.00,25,291250
20221130,10:39:40,43539.90,25,291250
20221130,10:39:53,43536.70,25,291250
20221130,10:40:12,43534.55,25,291250
20221130,10:40:54,43534.55,50,291250
20221130,10:40:55,43534.05,25,291250
20221130,10:41:12,43534.05,200,291250
20221130,10:41:17,43537.00,50,291250
20221130,10:41:24,43551.55,25,291250
20221130,10:41:26,43541.00,550,291250
20221130,10:41:55,43535.00,25,291500
20221130,10:42:16,43531.00,150,291500
20221130,10:42:19,43531.00,25,291500
20221130,10:42:47,43530.00,75,291500
20221130,10:43:03,43525.00,225,291500
20221130,10:43:05,43511.00,50,291500
20221130,10:43:23,43508.00,25,291500
20221130,10:43:25,43501.00,50,291500
20221130,10:43:27,43500.00,875,291500
20221130,10:43:37,43500.00,25,291500
20221130,10:43:45,43499.30,25,291500
20221130,10:43:53,43499.30,50,291500
20221130,10:44:00,43508.85,50,291500
20221130,10:44:03,43502.25,50,291500
20221130,10:44:11,43495.30,50,291500
20221130,10:44:14,43488.20,25,291500
20221130,10:44:16,43488.15,50,291500
20221130,10:44:21,43501.00,125,291500
20221130,10:44:26,43490.05,25,291500
20221130,10:44:29,43494.45,50,291500
20221130,10:44:34,43494.45,375,291500
20221130,10:44:39,43497.15,25,292200
20221130,10:44:43,43490.00,100,292200
20221130,10:44:54,43488.00,200,292200
20221130,10:44:56,43487.00,25,292200
20221130,10:45:01,43487.00,50,292200
20221130,10:45:02,43481.10,25,292200
20221130,10:45:04,43480.05,50,292200
20221130,10:45:07,43480.05,100,292200
20221130,10:45:11,43480.05,25,292200
20221130,10:45:14,43480.00,200,292200
20221130,10:45:16,43473.00,250,292200
20221130,10:45:24,43473.00,25,292200
20221130,10:45:25,43470.60,200,292200
20221130,10:45:27,43470.50,25,292200
20221130,10:45:29,43470.10,25,292200
20221130,10:45:34,43470.10,100,292200
20221130,10:45:55,43470.50,50,292200
20221130,10:45:57,43470.00,125,292200
20221130,10:46:00,43470.00,100,292200
20221130,10:46:03,43460.00,50,292200
20221130,10:46:05,43452.75,25,292200
20221130,10:46:08,43450.00,175,292200
20221130,10:46:12,43450.00,25,292200
20221130,10:46:13,43450.00,25,292200
20221130,10:46:15,43450.00,25,292200
20221130,10:46:17,43450.00,50,292200
20221130,10:46:18,43450.00,225,292200
20221130,10:46:22,43444.00,100,292200
20221130,10:46:25,43444.00,250,292200
20221130,10:46:27,43434.20,50,292200
20221130,10:46:32,43434.20,25,292200
20221130,10:46:37,43431.40,25,292200
20221130,10:46:38,43430.00,25,292200
20221130,10:46:51,43430.00,275,292200
20221130,10:46:56,43449.95,25,292200
20221130,10:47:00,43449.85,25,292200
20221130,10:47:01,43447.90,25,292200
20221130,10:47:23,43432.60,25,292200
20221130,10:47:28,43434.95,100,292200
20221130,10:47:38,43435.10,25,292475
20221130,10:47:54,43435.10,25,292475
20221130,10:47:56,43435.10,50,292475
20221130,10:47:57,43441.70,25,292475
20221130,10:48:02,43439.95,25,292475
20221130,10:48:07,43435.05,25,292475
20221130,10:48:11,43435.95,25,292475
20221130,10:48:12,43431.00,25,292475
20221130,10:48:22,43430.00,200,292475
20221130,10:48:24,43430.00,75,292475
20221130,10:48:27,43425.00,25,292475
20221130,10:48:34,43423.85,50,292475
20221130,10:48:40,43422.90,100,292475
20221130,10:48:42,43412.00,25,292475
20221130,10:49:12,43412.00,100,292475
20221130,10:49:20,43432.55,25,292475
20221130,10:49:22,43440.00,25,292475
20221130,10:49:35,43432.70,25,292475
20221130,10:49:42,43450.00,625,292475
20221130,10:49:50,43447.95,25,292475
20221130,10:49:54,43440.20,25,292475
20221130,10:50:02,43447.95,75,292475
20221130,10:50:07,43455.00,75,292475
20221130,10:50:09,43453.50,25,292475
20221130,10:50:10,43453.50,25,292475
20221130,10:50:12,43447.95,25,292475
20221130,10:50:15,43456.00,25,292475
20221130,10:50:19,43455.65,25,292475
20221130,10:50:22,43450.10,25,292475
20221130,10:50:23,43447.95,50,292475
20221130,10:50:35,43451.45,100,292475
20221130,10:50:38,43451.90,50,292525
20221130,10:50:51,43445.00,25,292525
20221130,10:50:59,43451.45,25,292525
20221130,10:51:21,43462.00,75,292525
20221130,10:51:42,43469.00,350,292525
20221130,10:51:46,43471.00,25,292525
20221130,10:51:51,43470.00,50,292525
20221130,10:51:59,43466.90,25,292525
20221130,10:52:09,43459.80,25,292525
20221130,10:52:11,43459.80,25,292525
20221130,10:52:12,43460.00,25,292525
20221130,10:52:22,43463.00,25,292525
20221130,10:52:27,43456.65,50,292525
20221130,10:53:00,43457.45,50,292525
20221130,10:53:10,43457.45,50,292525
20221130,10:53:24,43450.00,25,292525
20221130,10:53:44,43450.20,25,292650
20221130,10:54:03,43465.35,25,292650
20221130,10:54:24,43465.35,25,292650
20221130,10:54:26,43466.50,25,292650
20221130,10:54:52,43466.45,250,292650
20221130,10:55:09,43460.00,25,292650
20221130,10:55:12,43463.90,25,292650
20221130,10:55:40,43479.85,50,292650
20221130,10:55:42,43480.00,50,292650
20221130,10:55:45,43475.90,25,292650
20221130,10:56:02,43475.90,25,292650
20221130,10:56:12,43466.30,50,292650
20221130,10:56:30,43468.00,25,292650
20221130,10:57:08,43469.90,125,292600
20221130,10:57:11,43466.80,100,292600
20221130,10:57:38,43467.20,25,292600
20221130,10:58:17,43460.00,25,292600
20221130,10:58:28,43463.00,25,292600
20221130,10:58:49,43463.25,25,292600
20221130,10:58:54,43464.70,25,292600
20221130,10:58:57,43464.70,25,292600
20221130,10:59:29,43450.20,125,292600
20221130,10:59:40,43458.65,25,292625
20221130,11:00:03,43454.30,50,292625
20221130,11:00:06,43456.00,25,292625
20221130,11:00:16,43455.85,25,292625
20221130,11:00:24,43460.00,25,292625
20221130,11:00:31,43460.00,25,292625
20221130,11:01:02,43452.50,25,292625
20221130,11:01:04,43450.00,425,292625
20221130,11:01:06,43450.00,75,292625
20221130,11:01:19,43450.00,50,292625
20221130,11:01:20,43446.35,25,292625
20221130,11:01:34,43454.00,50,292625
20221130,11:01:49,43455.05,25,292625
20221130,11:01:52,43455.00,25,292625
20221130,11:02:16,43455.00,25,292625
20221130,11:02:20,43455.00,25,292625
20221130,11:02:25,43455.00,25,292625
20221130,11:03:18,43459.00,25,292575
20221130,11:03:39,43455.15,25,292575
20221130,11:03:40,43461.60,50,292575
20221130,11:04:11,43455.00,50,292575
20221130,11:04:29,43450.00,25,292575
20221130,11:04:42,43450.00,25,292575
20221130,11:04:44,43450.00,25,292575
20221130,11:04:48,43450.00,100,292575
20221130,11:05:30,43465.55,125,292575
20221130,11:05:47,43465.55,25,292525
20221130,11:06:01,43465.55,25,292525
20221130,11:06:26,43474.45,25,292525
20221130,11:06:32,43469.00,150,292525
20221130,11:06:40,43476.80,25,292525
20221130,11:07:01,43473.80,25,292525
20221130,11:07:13,43465.55,100,292525
20221130,11:07:28,43465.00,25,292525
20221130,11:07:32,43469.10,25,292525
20221130,11:07:41,43477.45,25,292525
20221130,11:08:11,43475.55,100,292525
20221130,11:08:17,43474.65,100,292525
20221130,11:08:33,43476.15,50,292525
20221130,11:08:52,43476.20,25,292575
20221130,11:09:09,43472.15,25,292575
20221130,11:09:25,43470.00,50,292575
20221130,11:09:42,43470.00,25,292575
20221130,11:09:53,43470.00,25,292575
20221130,11:09:54,43471.50,25,292575
20221130,11:09:59,43470.00,25,292575
20221130,11:11:43,43480.00,25,292575
20221130,11:11:55,43480.10,25,292575
20221130,11:12:08,43485.00,50,292575
20221130,11:12:28,43485.90,25,292575
20221130,11:13:20,43484.50,25,292575
20221130,11:15:27,43471.55,25,292600
20221130,11:15:50,43470.00,25,292600
20221130,11:15:55,43474.90,25,292600
20221130,11:16:20,43475.00,50,292600
20221130,11:16:53,43465.95,25,292600
20221130,11:17:10,43465.05,25,292600
20221130,11:18:59,43485.90,25,292525
20221130,11:19:09,43483.95,100,292525
20221130,11:19:22,43483.95,25,292525
20221130,11:19:37,43484.40,25,292525
20221130,11:20:00,43483.90,25,292525
20221130,11:20:31,43480.75,25,292525
20221130,11:21:22,43480.00,25,292500
20221130,11:21:30,43466.10,50,292500
20221130,11:22:21,43465.00,50,292500
20221130,11:22:23,43466.00,25,292500
20221130,11:23:04,43471.00,25,292500
20221130,11:25:22,43470.00,25,292500
20221130,11:25:46,43461.00,25,292575
20221130,11:25:52,43464.70,25,292575
20221130,11:26:03,43460.00,25,292575
20221130,11:26:06,43460.00,50,292575
20221130,11:26:54,43450.00,50,292600
20221130,11:26:56,43445.00,325,292600
20221130,11:27:05,43441.00,25,292600
20221130,11:27:07,43440.00,125,292600
20221130,11:27:23,43427.90,25,292600
20221130,11:27:28,43427.60,25,292600
20221130,11:27:35,43425.95,25,292600
20221130,11:27:45,43425.95,500,292600
20221130,11:28:26,43428.00,25,292600
20221130,11:28:46,43439.90,25,292600
20221130,11:28:48,43437.90,25,292600
20221130,11:28:53,43437.90,25,292600
20221130,11:29:03,43422.50,25,292600
20221130,11:30:19,43425.00,25,292575
20221130,11:30:43,43427.45,150,292575
20221130,11:30:45,43425.00,250,292575
20221130,11:30:47,43425.85,25,292575
20221130,11:30:52,43422.05,25,292575
20221130,11:31:02,43437.95,50,292575
20221130,11:32:05,43432.05,50,292575
20221130,11:32:07,43421.05,25,292575
20221130,11:32:50,43430.00,25,292325
20221130,11:32:58,43431.80,25,292325
20221130,11:33:08,43428.10,25,292325
20221130,11:33:31,43439.90,125,292325
20221130,11:33:36,43443.95,25,292325
20221130,11:33:58,43444.80,25,292325
20221130,11:34:16,43445.00,25,292325
20221130,11:34:37,43456.20,25,292325
20221130,11:34:51,43456.40,100,292325
20221130,11:35:00,43456.55,75,292325
20221130,11:35:01,43460.00,100,292325
20221130,11:35:11,43460.00,25,292325
20221130,11:35:24,43460.00,50,292325
20221130,11:35:27,43467.45,50,292325
20221130,11:35:42,43466.10,50,292325
20221130,11:35:49,43468.10,25,292375
20221130,11:36:18,43458.05,25,292375
20221130,11:36:40,43452.20,25,292375
20221130,11:37:21,43467.95,50,292375
20221130,11:37:42,43470.00,25,292375
20221130,11:38:00,43478.95,125,292375
20221130,11:38:02,43478.00,100,292375
20221130,11:38:26,43472.60,25,292375
20221130,11:39:10,43471.95,25,292325
20221130,11:39:26,43472.00,25,292325
20221130,11:40:25,43471.95,25,292325
20221130,11:40:47,43471.00,75,292325
20221130,11:41:14,43479.00,25,292325
20221130,11:41:50,43484.05,400,292275
20221130,11:42:11,43496.45,75,292275
20221130,11:42:18,43496.90,25,292275
20221130,11:42:29,43497.00,25,292275
20221130,11:42:39,43500.00,75,292275
20221130,11:42:42,43500.00,25,292275
20221130,11:42:44,43500.20,50,292275
20221130,11:42:49,43500.65,50,292275
20221130,11:42:54,43500.00,25,292275
20221130,11:42:59,43494.10,25,292275
20221130,11:43:08,43500.00,75,292275
20221130,11:43:18,43500.45,25,292275
20221130,11:43:21,43500.00,25,292275
20221130,11:43:26,43500.30,25,292275
20221130,11:43:30,43501.05,25,292275
20221130,11:43:32,43492.10,25,292275
20221130,11:44:09,43490.00,25,292275
20221130,11:44:12,43492.00,50,292275
20221130,11:44:19,43490.00,75,292275
20221130,11:45:05,43487.50,50,292375
20221130,11:45:41,43485.00,25,292375
20221130,11:46:00,43499.90,75,292375
20221130,11:46:03,43499.80,50,292375
20221130,11:46:42,43493.90,25,292375
20221130,11:46:43,43492.00,25,292375
20221130,11:47:01,43495.95,25,292375
20221130,11:47:04,43497.95,25,292375
20221130,11:47:12,43491.95,25,292375
20221130,11:47:37,43478.90,25,292375
20221130,11:47:59,43479.65,25,292525
20221130,11:48:14,43489.90,125,292525
20221130,11:48:40,43491.80,25,292525
20221130,11:48:45,43485.00,25,292525
20221130,11:50:00,43500.00,75,292525
20221130,11:50:10,43509.25,75,292525
20221130,11:50:23,43504.55,50,292525
20221130,11:50:26,43498.00,25,292525
20221130,11:50:38,43501.95,25,292525
20221130,11:51:06,43505.95,25,292800
20221130,11:51:19,43495.10,25,292800
20221130,11:51:41,43502.75,25,292800
20221130,11:51:58,43495.10,25,292800
20221130,11:52:18,43495.00,25,292800
20221130,11:52:20,43495.00,25,292800
20221130,11:52:39,43498.65,50,292800
20221130,11:52:45,43501.25,75,292800
20221130,11:52:50,43501.25,25,292800
20221130,11:53:19,43497.35,75,292800
20221130,11:53:40,43495.90,25,292800
20221130,11:53:48,43490.00,25,292800
20221130,11:54:40,43485.00,50,293150
20221130,11:54:47,43480.00,25,293150
20221130,11:55:05,43480.00,25,293150
20221130,11:55:26,43463.05,25,293150
20221130,11:55:49,43469.05,25,293150
20221130,11:56:08,43464.00,25,293150
20221130,11:56:33,43468.00,25,293150
20221130,12:00:03,43480.70,25,293150
20221130,12:00:47,43468.15,25,293150
20221130,12:00:54,43468.15,25,293150
20221130,12:01:12,43468.00,25,293150
20221130,12:01:21,43468.00,25,293150
20221130,12:01:23,43467.10,25,293150
20221130,12:01:24,43467.00,175,293150
20221130,12:02:09,43465.00,75,293150
20221130,12:02:12,43467.10,25,293150
20221130,12:02:14,43466.90,25,293150
20221130,12:03:22,43465.90,25,293150
20221130,12:03:35,43463.95,75,293150
20221130,12:05:22,43470.10,25,293150
20221130,12:05:25,43468.05,50,293150
20221130,12:07:00,43483.25,25,293150
20221130,12:07:22,43479.40,25,293150
20221130,12:08:14,43475.00,25,293150
20221130,12:09:30,43464.00,125,293175
20221130,12:11:06,43463.35,50,293175
20221130,12:11:27,43472.65,50,293175
20221130,12:12:08,43484.90,25,293100
20221130,12:12:16,43491.10,25,293100
20221130,12:12:18,43484.05,25,293100
20221130,12:12:40,43484.05,25,293100
20221130,12:12:55,43480.15,25,293100
20221130,12:14:13,43470.00,25,293100
20221130,12:16:08,43460.00,25,293075
20221130,12:17:32,43469.95,25,293075
20221130,12:18:35,43470.00,25,293100
20221130,12:19:42,43479.95,125,293100
20221130,12:26:05,43463.35,25,293050
20221130,12:26:31,43466.25,200,293050
20221130,12:28:13,43472.80,25,293150
20221130,12:28:36,43466.25,25,293150
20221130,12:29:50,43473.00,25,293150
20221130,12:32:33,43481.80,25,293125
20221130,12:32:52,43476.70,25,293125
20221130,12:33:34,43480.00,25,293125
20221130,12:33:49,43486.95,25,293125
20221130,12:33:54,43486.95,25,293125
20221130,12:35:33,43473.25,25,293125
20221130,12:36:17,43483.70,25,293150
20221130,12:36:30,43485.95,25,293150
20221130,12:39:14,43484.15,25,293200
20221130,12:41:26,43470.15,25,293200
20221130,12:41:46,43470.15,50,293200
20221130,12:45:52,43475.40,25,293150
20221130,12:45:57,43487.95,50,293150
20221130,12:46:30,43470.20,150,293150
20221130,12:49:49,43478.65,25,293200
20221130,12:52:11,43470.00,300,293200
20221130,12:52:53,43460.15,25,293200
20221130,12:52:58,43461.45,25,293200
20221130,12:53:22,43460.00,75,293200
20221130,12:53:37,43453.15,50,293200
20221130,12:53:47,43453.00,50,293200
20221130,12:54:09,43455.00,25,293650
20221130,12:54:37,43455.00,25,293650
20221130,12:54:52,43463.95,125,293650
20221130,12:54:59,43453.90,75,293650
20221130,12:55:03,43463.70,25,293650
20221130,12:55:21,43464.00,25,293650
20221130,12:56:56,43460.05,25,293650
20221130,12:57:30,43470.00,25,293650
20221130,12:58:37,43486.00,25,293675
20221130,12:58:41,43495.00,25,293675
20221130,12:58:47,43501.00,125,293675
20221130,12:59:23,43490.05,25,293675
20221130,12:59:35,43500.00,50,293675
20221130,13:00:14,43500.00,25,293575
20221130,13:01:36,43500.00,25,293575
20221130,13:02:07,43493.00,25,293575
20221130,13:03:11,43499.40,25,293550
20221130,13:03:29,43491.05,50,293550
20221130,13:04:00,43499.75,25,293550
20221130,13:05:00,43500.00,50,293550
20221130,13:06:06,43504.00,25,293550
20221130,13:06:09,43502.85,75,293550
20221130,13:06:11,43500.00,25,293550
20221130,13:06:22,43500.00,25,293550
20221130,13:07:13,43502.15,75,293550
20221130,13:07:54,43510.00,50,293550
20221130,13:07:57,43510.55,50,293550
20221130,13:08:12,43511.00,25,293550
20221130,13:08:59,43520.00,50,293550
20221130,13:09:03,43525.00,25,293550
20221130,13:09:21,43528.30,25,293550
20221130,13:10:24,43520.00,25,293550
20221130,13:11:05,43518.15,25,293550
20221130,13:11:10,43513.30,25,293550
20221130,13:11:11,43513.40,25,293550
20221130,13:11:31,43520.00,25,293550
20221130,13:11:32,43514.20,125,293550
20221130,13:12:01,43525.85,25,293550
20221130,13:12:10,43516.10,25,293425
20221130,13:12:29,43520.05,25,293425
20221130,13:12:35,43518.10,25,293425
20221130,13:13:28,43527.75,100,293425
20221130,13:13:29,43529.45,25,293425
20221130,13:13:53,43525.00,25,293425
20221130,13:14:54,43530.00,25,293425
20221130,13:14:59,43533.00,25,293425
20221130,13:15:14,43525.00,25,293425
20221130,13:16:10,43520.55,25,293425
20221130,13:16:33,43523.00,25,293425
20221130,13:16:51,43529.30,25,293425
20221130,13:17:50,43514.30,25,293425
20221130,13:18:36,43511.25,25,293425
20221130,13:19:50,43511.90,25,293425
20221130,13:21:00,43515.85,50,293425
20221130,13:22:57,43503.95,25,293500
20221130,13:23:18,43513.90,25,293500
20221130,13:24:15,43513.90,25,293500
20221130,13:25:17,43529.30,25,293500
20221130,13:25:41,43535.00,25,293500
20221130,13:26:13,43545.95,25,293500
20221130,13:26:22,43541.95,25,293500
20221130,13:27:06,43541.95,25,293500
20221130,13:28:09,43517.05,25,293525
20221130,13:29:52,43518.05,25,293525
20221130,13:30:06,43528.40,100,293525
20221130,13:30:16,43515.00,25,293600
20221130,13:30:29,43515.00,25,293600
20221130,13:30:58,43513.05,25,293600
20221130,13:31:00,43511.05,25,293600
20221130,13:32:10,43520.00,25,293600
20221130,13:32:43,43519.05,50,293600
20221130,13:33:49,43518.00,25,293575
20221130,13:34:09,43516.05,25,293575
20221130,13:35:18,43516.05,25,293575
20221130,13:35:30,43523.95,75,293575
20221130,13:37:05,43515.00,25,293550
20221130,13:37:07,43505.85,25,293550
20221130,13:37:51,43510.00,25,293550
20221130,13:37:53,43512.35,25,293550
20221130,13:38:47,43500.00,25,293550
20221130,13:38:53,43494.00,25,293550
20221130,13:38:54,43494.15,25,293550
20221130,13:39:00,43496.25,25,293550
20221130,13:39:13,43503.15,75,293525
20221130,13:39:26,43490.00,25,293525
20221130,13:39:41,43488.00,25,293525
20221130,13:40:10,43487.95,100,293525
20221130,13:40:15,43480.10,75,293525
20221130,13:40:27,43481.10,75,293525
20221130,13:40:33,43484.05,25,293525
20221130,13:40:38,43485.05,25,293525
20221130,13:40:55,43485.00,25,293525
20221130,13:41:02,43485.00,25,293525
20221130,13:44:13,43488.00,25,293650
20221130,13:44:35,43494.00,25,293650
20221130,13:44:56,43500.00,25,293650
20221130,13:45:11,43494.00,25,293650
20221130,13:45:39,43492.50,25,293600
20221130,13:45:59,43500.00,50,293600
20221130,13:47:54,43504.00,25,293600
20221130,13:48:37,43508.50,25,293525
20221130,13:48:40,43504.00,25,293525
20221130,13:50:46,43500.00,25,293525
20221130,13:53:31,43500.00,25,293550
20221130,13:53:36,43504.00,25,293550
20221130,13:55:52,43510.00,25,293550
20221130,13:57:02,43515.00,200,293550
20221130,13:57:42,43514.55,25,293525
20221130,13:58:01,43506.15,50,293525
20221130,13:58:17,43506.15,25,293525
20221130,13:58:29,43499.05,50,293525
20221130,13:58:31,43498.25,225,293525
20221130,13:59:42,43506.00,50,293525
20221130,14:00:15,43515.00,25,293850
20221130,14:00:29,43515.00,25,293850
20221130,14:00:34,43520.05,50,293850
20221130,14:03:39,43526.00,100,293800
20221130,14:04:08,43518.90,100,293800
20221130,14:05:27,43522.30,25,293800
20221130,14:05:29,43527.10,75,293800
20221130,14:07:33,43523.70,25,293550
20221130,14:07:42,43514.50,25,293550
20221130,14:07:45,43518.00,25,293550
20221130,14:07:46,43520.00,25,293550
20221130,14:08:08,43518.45,25,293550
20221130,14:08:23,43522.10,25,293550
20221130,14:10:08,43509.00,25,293575
20221130,14:10:59,43512.30,25,293575
20221130,14:11:10,43502.55,25,293575
20221130,14:11:22,43515.70,50,293575
20221130,14:11:23,43515.70,100,293575
20221130,14:11:25,43515.70,150,293575
20221130,14:12:03,43525.00,25,293575
20221130,14:13:05,43537.70,25,293525
20221130,14:13:33,43532.50,25,293525
20221130,14:15:00,43544.00,25,293525
20221130,14:15:01,43550.00,650,293525
20221130,14:15:03,43550.10,225,293525
20221130,14:15:11,43558.75,100,293525
20221130,14:15:19,43560.00,75,292775
20221130,14:15:21,43557.40,25,292775
20221130,14:15:26,43556.15,50,292775
20221130,14:15:33,43554.30,25,292775
20221130,14:15:42,43558.75,25,292775
20221130,14:15:56,43558.75,25,292775
20221130,14:16:08,43546.10,300,292775
20221130,14:16:21,43550.85,25,292775
20221130,14:16:26,43552.00,25,292775
20221130,14:16:34,43543.85,25,292775
20221130,14:16:39,43543.70,25,292775
20221130,14:17:52,43546.45,25,292775
20221130,14:18:06,43549.95,100,292775
20221130,14:18:18,43532.75,25,292600
20221130,14:18:46,43535.00,25,292600
20221130,14:18:57,43536.85,25,292600
20221130,14:19:03,43549.35,25,292600
20221130,14:19:35,43554.00,25,292600
20221130,14:20:11,43550.00,50,292600
20221130,14:20:38,43536.10,25,292600
20221130,14:21:29,43535.00,25,292625
20221130,14:22:09,43532.00,50,292625
20221130,14:22:57,43530.75,75,292625
20221130,14:23:32,43528.45,75,292625
20221130,14:23:48,43541.55,25,292625
20221130,14:24:32,43533.70,50,292550
20221130,14:24:40,43543.80,75,292550
20221130,14:24:58,43538.30,75,292550
20221130,14:26:16,43548.00,25,292550
20221130,14:26:17,43548.00,25,292550
20221130,14:26:27,43555.40,25,292550
20221130,14:26:30,43555.25,25,292550
20221130,14:26:35,43558.00,25,292550
20221130,14:26:36,43560.00,50,292550
20221130,14:26:46,43563.00,50,292550
20221130,14:26:49,43564.55,50,292550
20221130,14:28:04,43565.00,25,292550
20221130,14:28:52,43556.05,50,292575
20221130,14:28:55,43557.70,25,292575
20221130,14:29:05,43552.10,25,292575
20221130,14:29:07,43562.25,25,292575
20221130,14:29:36,43556.45,25,292575
20221130,14:29:37,43565.00,25,292575
20221130,14:29:41,43565.00,25,292575
20221130,14:29:47,43565.00,25,292575
20221130,14:29:56,43568.05,25,292575
20221130,14:30:06,43570.00,25,292575
20221130,14:30:09,43575.00,25,292575
20221130,14:30:13,43566.05,25,292575
20221130,14:30:22,43568.05,25,292525
20221130,14:30:44,43587.70,75,292525
20221130,14:31:02,43587.70,25,292525
20221130,14:31:24,43590.25,25,292525
20221130,14:31:41,43587.70,25,292525
20221130,14:32:00,43590.00,25,292525
20221130,14:32:03,43587.05,25,292525
20221130,14:32:05,43590.25,50,292525
20221130,14:32:07,43585.20,50,292525
20221130,14:32:30,43594.95,125,292525
20221130,14:32:58,43595.00,50,292525
20221130,14:33:01,43595.00,200,292525
20221130,14:33:03,43595.00,25,292525
20221130,14:33:26,43584.15,25,292175
20221130,14:33:35,43587.90,400,292175
20221130,14:33:48,43580.90,50,292175
20221130,14:33:50,43580.00,25,292175
20221130,14:33:57,43575.20,25,292175
20221130,14:34:14,43570.80,25,292175
20221130,14:34:49,43570.80,25,292175
20221130,14:36:14,43567.10,25,292175
20221130,14:36:26,43570.75,25,292425
20221130,14:36:44,43570.00,25,292425
20221130,14:36:46,43570.00,75,292425
20221130,14:36:47,43570.75,25,292425
20221130,14:36:54,43574.00,25,292425
20221130,14:37:18,43575.00,25,292425
20221130,14:37:41,43577.65,125,292425
20221130,14:37:54,43580.85,50,292425
20221130,14:38:02,43577.65,25,292425
20221130,14:38:52,43575.00,25,292425
20221130,14:39:10,43580.90,150,292425
20221130,14:39:23,43586.35,500,292650
20221130,14:39:44,43575.00,25,292650
20221130,14:40:27,43578.10,50,292650
20221130,14:40:42,43575.00,25,292650
20221130,14:41:03,43566.05,25,292650
20221130,14:41:19,43566.20,25,292650
20221130,14:41:52,43574.45,25,292650
20221130,14:42:00,43574.45,75,292650
20221130,14:42:39,43591.90,25,293050
20221130,14:42:47,43578.50,25,293050
20221130,14:43:38,43585.00,25,293050
20221130,14:44:08,43581.05,25,293050
20221130,14:44:13,43590.95,25,293050
20221130,14:44:23,43587.00,25,293050
20221130,14:44:26,43576.30,25,293050
20221130,14:44:34,43578.05,25,293050
20221130,14:44:52,43583.35,50,293050
20221130,14:44:54,43574.20,25,293050
20221130,14:44:55,43583.35,50,293050
20221130,14:44:57,43574.20,25,293050
20221130,14:45:03,43583.00,125,293050
20221130,14:45:49,43594.70,25,293000
20221130,14:46:33,43577.45,25,293000
20221130,14:46:42,43578.15,150,293000
20221130,14:46:48,43586.20,25,293000
20221130,14:47:31,43586.15,25,293000
20221130,14:48:46,43582.60,50,292875
20221130,14:49:10,43576.10,50,292875
20221130,14:49:31,43576.10,25,292875
20221130,14:49:37,43572.10,50,292875
20221130,14:50:48,43588.00,50,292875
20221130,14:50:52,43583.40,25,292875
20221130,14:51:32,43589.45,25,292775
20221130,14:51:49,43589.85,25,292775
20221130,14:53:08,43592.05,75,292775
20221130,14:53:32,43592.00,25,292775
20221130,14:53:34,43595.00,25,292775
20221130,14:55:42,43590.30,25,292775
20221130,14:55:44,43579.95,50,292775
20221130,14:55:47,43567.80,100,292775
20221130,14:55:49,43567.10,225,292775
20221130,14:55:50,43560.00,200,292775
20221130,14:55:52,43564.65,125,292775
20221130,14:56:10,43552.60,25,292775
20221130,14:56:13,43550.40,100,292775
20221130,14:56:36,43545.25,50,292775
20221130,14:56:58,43539.40,50,292775
20221130,14:56:59,43545.25,300,292775
20221130,14:57:09,43545.25,150,292775
20221130,14:57:11,43545.25,25,292775
20221130,14:57:18,43545.25,75,292775
20221130,14:57:19,43555.20,50,292775
20221130,14:57:52,43542.35,25,292200
20221130,14:58:09,43542.25,25,292200
20221130,14:58:11,43555.35,25,292200
20221130,14:58:16,43544.20,25,292200
20221130,14:58:34,43542.85,25,292200
20221130,14:58:45,43547.65,25,292200
20221130,14:58:53,43550.85,25,292200
20221130,14:59:08,43554.30,25,292200
20221130,14:59:10,43548.85,25,292200
20221130,14:59:51,43550.05,25,292200
20221130,14:59:52,43550.05,25,292200
20221130,15:00:02,43555.00,50,292200
20221130,15:00:05,43550.05,50,292200
20221130,15:00:35,43592.00,50,292225
20221130,15:00:38,43585.25,25,292225
20221130,15:00:42,43595.00,25,292225
20221130,15:01:15,43600.00,150,292225
20221130,15:01:16,43598.95,25,292225
20221130,15:01:18,43605.00,250,292225
20221130,15:01:19,43605.00,150,292225
20221130,15:01:21,43609.05,50,292225
20221130,15:01:33,43608.95,50,292225
20221130,15:01:41,43609.35,50,292225
20221130,15:01:43,43610.00,25,292225
20221130,15:01:44,43610.00,225,292225
20221130,15:01:48,43610.00,150,292225
20221130,15:01:52,43622.40,300,292225
20221130,15:01:57,43618.05,25,292225
20221130,15:02:04,43617.30,25,292225
20221130,15:02:17,43625.00,250,292225
20221130,15:02:27,43625.25,25,292225
20221130,15:02:31,43626.00,50,292225
20221130,15:02:40,43625.25,100,292225
20221130,15:02:48,43618.80,500,292225
20221130,15:02:53,43621.90,50,292225
20221130,15:02:55,43629.95,75,292225
20221130,15:02:56,43630.00,50,292225
20221130,15:03:10,43636.85,50,292225
20221130,15:03:15,43630.00,100,292225
20221130,15:03:18,43637.45,25,292225
20221130,15:03:32,43637.45,50,291375
20221130,15:03:37,43635.00,50,291375
20221130,15:03:41,43635.00,150,291375
20221130,15:03:42,43634.95,25,291375
20221130,15:03:51,43635.00,50,291375
20221130,15:03:52,43629.65,25,291375
20221130,15:03:54,43634.05,125,291375
20221130,15:03:56,43637.45,50,291375
20221130,15:03:57,43639.00,75,291375
20221130,15:03:59,43640.00,25,291375
20221130,15:04:04,43644.95,75,291375
20221130,15:04:19,43640.85,25,291375
20221130,15:04:25,43645.00,100,291375
20221130,15:04:29,43650.00,100,291375
20221130,15:04:32,43652.00,500,291375
20221130,15:04:37,43654.95,75,291375
20221130,15:04:43,43655.00,200,291375
20221130,15:04:45,43655.00,300,291375
20221130,15:04:47,43665.95,125,291375
20221130,15:04:50,43665.30,25,291375
20221130,15:04:58,43656.10,25,291375
20221130,15:05:03,43664.95,100,291375
20221130,15:05:10,43662.85,50,291375
20221130,15:05:12,43664.95,25,291375
20221130,15:05:15,43666.45,25,291375
20221130,15:05:17,43669.00,25,291375
20221130,15:05:19,43668.95,100,291375
20221130,15:05:24,43670.95,50,291375
20221130,15:05:25,43672.00,25,291375
20221130,15:05:27,43675.00,75,291375
20221130,15:05:29,43680.00,50,291375
20221130,15:05:34,43675.00,100,291375
20221130,15:05:45,43667.65,25,291375
20221130,15:05:52,43660.10,75,291375
20221130,15:05:55,43666.05,25,291375
20221130,15:06:00,43662.10,25,291375
20221130,15:06:08,43675.00,25,291375
20221130,15:06:18,43670.95,50,291375
20221130,15:06:25,43660.20,25,291375
20221130,15:06:38,43663.20,50,290300
20221130,15:06:42,43670.00,50,290300
20221130,15:06:43,43675.00,25,290300
20221130,15:06:45,43675.65,25,290300
20221130,15:06:58,43676.10,75,290300
20221130,15:07:04,43674.05,75,290300
20221130,15:07:16,43678.10,50,290300
20221130,15:07:17,43680.00,275,290300
20221130,15:07:24,43673.35,25,290300
20221130,15:07:27,43680.00,75,290300
20221130,15:07:37,43684.05,50,290300
20221130,15:08:08,43682.65,50,290300
20221130,15:08:10,43680.60,100,290300
20221130,15:08:16,43670.00,25,290300
20221130,15:08:18,43665.00,50,290300
20221130,15:08:20,43660.00,25,290300
20221130,15:08:26,43663.75,175,290300
20221130,15:08:28,43654.35,50,290300
20221130,15:08:31,43660.00,75,290300
20221130,15:08:33,43660.00,25,290300
20221130,15:08:40,43652.25,25,290300
20221130,15:08:41,43660.00,25,290300
20221130,15:08:43,43660.00,25,290300
20221130,15:08:48,43657.20,25,290300
20221130,15:08:53,43656.10,75,290300
20221130,15:08:56,43654.10,25,290300
20221130,15:09:03,43660.00,25,290300
20221130,15:09:09,43670.00,25,290300
20221130,15:09:26,43670.00,25,290300
20221130,15:09:46,43670.00,275,290050
20221130,15:10:04,43660.90,25,290050
20221130,15:10:24,43670.00,25,290050
20221130,15:10:36,43669.80,25,290050
20221130,15:10:39,43671.10,25,290050
20221130,15:10:40,43678.00,25,290050
20221130,15:10:49,43675.00,25,290050
20221130,15:10:53,43673.50,75,290050
20221130,15:11:05,43678.00,125,290050
20221130,15:11:08,43680.00,75,290050
20221130,15:11:27,43685.00,25,290050
20221130,15:11:29,43682.65,25,290050
20221130,15:11:32,43684.30,50,290050
20221130,15:11:33,43686.00,25,290050
20221130,15:11:37,43690.00,50,290050
20221130,15:11:38,43689.35,50,290050
20221130,15:11:40,43690.95,50,290050
20221130,15:11:51,43695.00,100,290050
20221130,15:12:00,43694.85,225,290050
20221130,15:12:01,43699.85,100,290050
20221130,15:12:03,43702.00,1575,290050
20221130,15:12:04,43702.00,175,290050
20221130,15:12:06,43701.35,25,290050
20221130,15:12:11,43705.55,25,290050
20221130,15:12:16,43705.55,25,290050
20221130,15:12:24,43705.55,100,290050
20221130,15:12:43,43700.00,25,290700
20221130,15:12:56,43705.55,75,290700
20221130,15:12:58,43710.95,175,290700
20221130,15:13:00,43717.95,50,290700
20221130,15:13:26,43718.00,25,290700
20221130,15:13:29,43718.00,25,290700
20221130,15:13:31,43708.05,25,290700
20221130,15:13:36,43711.25,25,290700
20221130,15:13:39,43704.10,100,290700
20221130,15:13:46,43704.05,25,290700
20221130,15:13:47,43713.80,500,290700
20221130,15:13:54,43706.05,100,290700
20221130,15:14:04,43714.85,25,290700
20221130,15:14:06,43715.00,25,290700
20221130,15:14:24,43708.10,75,290700
20221130,15:14:37,43717.00,50,290700
20221130,15:14:38,43718.00,400,290700
20221130,15:14:46,43716.50,50,290700
20221130,15:14:50,43718.00,25,290700
20221130,15:14:51,43720.00,300,290700
20221130,15:14:55,43720.00,75,290700
20221130,15:14:56,43720.00,50,290700
20221130,15:14:58,43720.00,100,290700
20221130,15:15:00,43725.00,100,290700
20221130,15:15:06,43725.00,25,290700
20221130,15:15:08,43729.00,25,290700
20221130,15:15:10,43730.00,25,290700
20221130,15:15:13,43738.70,150,290700
20221130,15:15:18,43738.70,25,290700
20221130,15:15:25,43732.00,25,290700
20221130,15:15:26,43729.00,25,290700
20221130,15:15:31,43729.00,75,290700
20221130,15:15:33,43730.00,225,290350
20221130,15:15:36,43732.00,50,290350
20221130,15:15:43,43731.60,25,290350
20221130,15:15:48,43738.95,50,290350
20221130,15:15:51,43738.95,25,290350
20221130,15:16:03,43738.95,25,290350
20221130,15:16:06,43706.05,50,290350
20221130,15:16:15,43706.05,75,290350
20221130,15:16:18,43706.05,25,290350
20221130,15:16:24,43700.40,50,290350
20221130,15:16:26,43716.45,25,290350
20221130,15:16:34,43716.10,25,290350
20221130,15:16:36,43716.00,25,290350
20221130,15:16:44,43710.10,25,290350
20221130,15:16:54,43710.75,25,290350
20221130,15:16:59,43712.40,50,290350
20221130,15:17:01,43706.10,525,290350
20221130,15:17:17,43706.10,25,290350
20221130,15:17:20,43709.00,25,290350
20221130,15:17:22,43706.15,200,290350
20221130,15:17:27,43710.00,75,290350
20221130,15:17:35,43714.95,50,290350
20221130,15:17:52,43704.10,25,290350
20221130,15:17:57,43704.00,25,290350
20221130,15:18:00,43710.00,250,290350
20221130,15:18:17,43710.00,100,290350
20221130,15:18:28,43719.35,50,290350
20221130,15:18:45,43715.00,25,289750
20221130,15:18:51,43715.45,25,289750
20221130,15:19:04,43708.05,25,289750
20221130,15:19:05,43708.45,25,289750
20221130,15:19:10,43715.45,75,289750
20221130,15:19:13,43713.50,25,289750
20221130,15:19:18,43719.00,25,289750
20221130,15:19:24,43719.90,25,289750
20221130,15:19:27,43713.55,25,289750
20221130,15:19:38,43713.50,25,289750
20221130,15:19:47,43706.10,100,289750
20221130,15:19:48,43707.05,100,289750
20221130,15:19:50,43706.50,25,289750
20221130,15:20:04,43713.55,25,289750
20221130,15:20:06,43713.55,25,289750
20221130,15:20:09,43718.00,25,289750
20221130,15:20:19,43720.00,50,289750
20221130,15:20:20,43720.00,175,289750
20221130,15:20:24,43725.00,100,289750
20221130,15:20:27,43730.00,150,289750
20221130,15:20:29,43730.00,300,289750
20221130,15:20:32,43733.95,25,289750
20221130,15:20:34,43735.95,50,289750
20221130,15:20:35,43737.90,100,289750
20221130,15:20:37,43737.95,25,289750
20221130,15:20:39,43738.00,25,289750
20221130,15:20:48,43740.00,75,289750
20221130,15:20:50,43740.00,25,289750
20221130,15:21:04,43740.00,500,289750
20221130,15:21:11,43728.20,300,289750
20221130,15:21:20,43729.75,100,289750
20221130,15:21:35,43735.00,50,289750
20221130,15:21:38,43739.95,100,289750
20221130,15:21:43,43739.45,25,289750
20221130,15:21:46,43739.95,175,289750
20221130,15:21:48,43739.95,25,289750
20221130,15:21:50,43740.00,25,289750
20221130,15:21:53,43734.50,200,289750
20221130,15:21:56,43740.00,25,289750
20221130,15:22:03,43740.00,175,289750
20221130,15:22:04,43740.00,50,289750
20221130,15:22:06,43741.95,25,289750
20221130,15:22:08,43741.95,25,289750
20221130,15:22:13,43738.40,300,289750
20221130,15:22:17,43743.95,50,289750
20221130,15:22:19,43745.95,75,289750
20221130,15:22:22,43743.85,25,289750
20221130,15:22:24,43743.85,200,289750
20221130,15:22:28,43730.80,50,289750
20221130,15:22:30,43733.05,25,289750
20221130,15:22:37,43737.15,25,289750
20221130,15:22:38,43723.65,25,289750
20221130,15:22:45,43733.05,25,289750
20221130,15:22:48,43743.80,300,289750
20221130,15:23:00,43728.70,25,289750
20221130,15:23:03,43730.75,100,289750
20221130,15:23:06,43737.50,75,289750
20221130,15:23:14,43729.85,125,289750
20221130,15:23:35,43727.00,25,289750
20221130,15:23:38,43730.00,25,289750
20221130,15:23:51,43730.00,25,289750
20221130,15:23:53,43730.00,50,289750
20221130,15:23:59,43730.00,25,289750
20221130,15:24:01,43725.15,25,289750
20221130,15:24:03,43726.40,50,289750
20221130,15:24:06,43730.00,25,289750
20221130,15:24:11,43730.00,25,289750
20221130,15:24:14,43738.85,25,289750
20221130,15:24:17,43737.80,25,289750
20221130,15:24:29,43731.95,100,289750
20221130,15:24:43,43725.00,125,289725
20221130,15:24:51,43726.20,200,289725
20221130,15:24:57,43735.00,75,289725
20221130,15:25:00,43738.40,50,289725
20221130,15:25:03,43738.30,150,289725
20221130,15:25:08,43737.05,25,289725
20221130,15:25:11,43725.00,300,289725
20221130,15:25:15,43730.00,50,289725
20221130,15:25:18,43725.00,50,289725
20221130,15:25:21,43725.00,25,289725
20221130,15:25:24,43730.00,50,289725
20221130,15:25:34,43730.00,100,289725
20221130,15:25:37,43730.00,25,289725
20221130,15:25:39,43730.00,125,289725
20221130,15:25:41,43730.00,100,289725
20221130,15:25:44,43730.00,25,289725
20221130,15:25:46,43725.10,25,289725
20221130,15:25:52,43732.00,25,289725
20221130,15:25:59,43734.95,25,289725
20221130,15:26:24,43735.00,300,289725
20221130,15:26:27,43735.00,175,289725
20221130,15:26:28,43735.00,125,289725
20221130,15:26:33,43739.00,75,289725
20221130,15:26:37,43740.00,25,289725
20221130,15:26:38,43737.20,25,289725
20221130,15:26:46,43737.50,50,289725
20221130,15:26:48,43744.65,50,289725
20221130,15:26:54,43744.65,25,289725
20221130,15:27:04,43745.00,100,289725
20221130,15:27:07,43750.00,825,289725
20221130,15:27:09,43750.00,50,289725
20221130,15:27:14,43746.40,25,289725
20221130,15:27:17,43736.55,25,289725
20221130,15:27:20,43745.00,25,289725
20221130,15:27:30,43744.95,25,290000
20221130,15:27:35,43743.40,25,290000
20221130,15:27:40,43740.20,25,290000
20221130,15:27:42,43744.90,75,290000
20221130,15:27:50,43740.00,200,290000
20221130,15:27:53,43736.75,25,290000
20221130,15:28:13,43744.75,50,290000
20221130,15:28:20,43744.75,25,290000
20221130,15:28:34,43736.75,25,290000
20221130,15:28:44,43735.20,50,290000
20221130,15:28:50,43740.00,25,290000
20221130,15:28:54,43736.85,25,290000
20221130,15:28:57,43740.00,25,290000
20221130,15:29:02,43735.05,200,290000
20221130,15:29:05,43735.25,75,290000
20221130,15:29:06,43742.95,100,290000
20221130,15:29:08,43743.00,50,290000
20221130,15:29:13,43735.35,75,290000
20221130,15:29:16,43744.00,575,290000
20221130,15:29:18,43735.25,125,290000
20221130,15:29:21,43735.25,50,290000
20221130,15:29:23,43742.95,25,290000
20221130,15:29:24,43743.00,25,290000
20221130,15:29:29,43740.00,150,290000
20221130,15:29:33,43745.95,75,290000
20221130,15:29:34,43739.95,250,290000
20221130,15:29:46,43739.95,25,290000
20221130,15:29:49,43735.00,50,290000
20221130,15:29:52,43735.00,25,290000
20221130,15:29:54,43740.00,100,290000
20221130,15:29:56,43740.00,225,290000
20221130,15:30:01,43740.00,50,290000
