20221130,09:15:00,43344.40,1,2835975
20221130,09:15:00,43335.65,1,2835975
20221130,09:15:00,43344.40,400,2835975
20221130,09:15:01,43327.95,350,2835975
20221130,09:15:02,43347.85,2000,2835975
20221130,09:15:03,43350.00,300,2835975
20221130,09:15:05,43356.80,525,2835975
20221130,09:15:06,43358.95,825,2835975
20221130,09:15:07,43368.05,1325,2835975
20221130,09:15:09,43362.00,1525,2835975
20221130,09:15:10,43354.65,525,2835975
20221130,09:15:12,43369.95,2725,2835975
20221130,09:15:13,43360.75,900,2835975
20221130,09:15:15,43377.70,1100,2835975
20221130,09:15:16,43379.15,1825,2835975
20221130,09:15:18,43377.45,250,2835975
20221130,09:15:19,43368.55,675,2835975
20221130,09:15:21,43372.50,1000,2835975
20221130,09:15:22,43358.00,300,2835975
20221130,09:15:24,43368.55,1400,2835975
20221130,09:15:25,43369.15,225,2835975
20221130,09:15:27,43365.65,575,2835975
20221130,09:15:28,43374.75,600,2835975
20221130,09:15:30,43384.95,800,2835975
20221130,09:15:31,43386.15,825,2835975
20221130,09:15:33,43386.65,1125,2835975
20221130,09:15:34,43379.95,475,2835975
20221130,09:15:36,43381.45,1125,2835975
20221130,09:15:37,43380.00,675,2835975
20221130,09:15:39,43380.00,1000,2835975
20221130,09:15:40,43378.40,825,2835975
20221130,09:15:42,43389.00,475,2835975
20221130,09:15:43,43390.00,425,2835975
20221130,09:15:45,43390.00,1100,2835975
20221130,09:15:46,43384.85,50,2835975
20221130,09:15:48,43390.65,975,2835975
20221130,09:15:50,43390.70,350,2835975
20221130,09:15:51,43392.30,1125,2835975
20221130,09:15:53,43390.70,575,2835975
20221130,09:15:54,43397.80,1175,2835975
20221130,09:15:56,43400.00,1925,2835975
20221130,09:15:57,43398.00,875,2835975
20221130,09:15:59,43408.20,3125,2835975
20221130,09:16:00,43408.40,425,2835975
20221130,09:16:02,43409.00,775,2835975
20221130,09:16:03,43409.90,475,2835975
20221130,09:16:05,43416.00,1700,2835975
20221130,09:16:06,43417.00,1675,2835975
20221130,09:16:08,43418.00,525,2835975
20221130,09:16:09,43420.00,550,2835975
20221130,09:16:11,43421.00,725,2835975
20221130,09:16:12,43413.55,125,2835975
20221130,09:16:14,43417.90,1300,2835975
20221130,09:16:16,43419.95,525,2835975
20221130,09:16:17,43421.00,950,2835975
20221130,09:16:19,43425.00,575,2835975
20221130,09:16:20,43419.95,775,2835975
20221130,09:16:22,43415.00,1675,2835975
20221130,09:16:23,43417.95,75,2835975
20221130,09:16:25,43416.75,300,2835975
20221130,09:16:26,43419.65,75,2835975
20221130,09:16:28,43420.00,1075,2835975
20221130,09:16:29,43419.65,375,2835975
20221130,09:16:31,43419.10,325,2835975
20221130,09:16:32,43419.10,450,2835975
20221130,09:16:34,43419.00,400,2835975
20221130,09:16:36,43423.55,1650,2835975
20221130,09:16:37,43425.00,450,2835975
20221130,09:16:39,43421.65,850,2835975
20221130,09:16:40,43420.00,1125,2835975
20221130,09:16:42,43421.65,650,2835975
20221130,09:16:43,43425.00,450,2835975
20221130,09:16:45,43417.50,175,2835975
20221130,09:16:46,43420.00,300,2835975
20221130,09:16:48,43419.85,425,2835975
20221130,09:16:49,43422.70,250,2835975
20221130,09:16:51,43416.40,225,2835975
20221130,09:16:52,43425.00,675,2835975
20221130,09:16:54,43416.30,1175,2835975
20221130,09:16:55,43417.80,325,2835975
20221130,09:16:57,43419.50,75,2835975
20221130,09:16:58,43421.55,250,2835975
20221130,09:16:59,43420.00,375,2835975
20221130,09:17:01,43417.80,525,2835975
20221130,09:17:02,43414.00,150,2835975
20221130,09:17:04,43416.05,250,2835975
20221130,09:17:06,43416.65,575,2835975
20221130,09:17:07,43416.10,300,2835975
20221130,09:17:09,43416.55,500,2835975
20221130,09:17:10,43416.65,3200,2835975
20221130,09:17:12,43419.95,375,2835975
20221130,09:17:13,43414.05,325,2835975
20221130,09:17:15,43417.20,225,2835975
20221130,09:17:16,43418.00,125,2835975
20221130,09:17:18,43421.00,800,2835975
20221130,09:17:19,43421.00,375,2835975
20221130,09:17:21,43420.00,150,2835975
20221130,09:17:22,43421.00,125,2835975
20221130,09:17:24,43420.05,300,2835975
20221130,09:17:25,43419.65,325,2835975
20221130,09:17:27,43419.00,425,2835975
20221130,09:17:28,43417.00,125,2835975
20221130,09:17:30,43414.35,125,2835975
20221130,09:17:31,43418.00,175,2852850
20221130,09:17:33,43416.95,175,2852850
20221130,09:17:35,43415.50,200,2852850
20221130,09:17:36,43416.80,175,2852850
20221130,09:17:37,43416.85,275,2852850
20221130,09:17:39,43416.85,125,2852850
20221130,09:17:40,43416.20,400,2852850
20221130,09:17:42,43419.00,500,2852850
20221130,09:17:44,43419.00,125,2852850
20221130,09:17:45,43417.70,1000,2852850
20221130,09:17:47,43418.45,550,2852850
20221130,09:17:48,43420.10,925,2852850
20221130,09:17:50,43428.00,3350,2852850
20221130,09:17:51,43437.40,4625,2852850
20221130,09:17:53,43441.90,8825,2852850
20221130,09:17:54,43439.40,425,2852850
20221130,09:17:56,43444.00,1125,2852850
20221130,09:17:57,43439.40,175,2852850
20221130,09:17:59,43440.35,325,2852850
20221130,09:18:00,43436.00,350,2852850
20221130,09:18:02,43439.40,425,2852850
20221130,09:18:03,43437.15,1300,2852850
20221130,09:18:05,43445.00,475,2852850
20221130,09:18:06,43445.90,500,2852850
20221130,09:18:08,43448.00,1125,2852850
20221130,09:18:09,43444.00,125,2852850
20221130,09:18:11,43446.90,1025,2852850
20221130,09:18:12,43447.20,275,2852850
20221130,09:18:14,43443.80,625,2852850
20221130,09:18:15,43440.15,150,2852850
20221130,09:18:17,43440.10,225,2852850
20221130,09:18:18,43440.00,650,2852850
20221130,09:18:20,43444.00,150,2852850
20221130,09:18:21,43440.05,250,2852850
20221130,09:18:23,43440.00,700,2852850
20221130,09:18:24,43440.00,175,2852850
20221130,09:18:26,43436.10,1100,2852850
20221130,09:18:27,43433.65,825,2852850
20221130,09:18:29,43435.40,800,2852850
20221130,09:18:30,43439.45,125,2852850
20221130,09:18:32,43436.25,150,2852850
20221130,09:18:33,43436.00,150,2852850
20221130,09:18:35,43435.85,200,2852850
20221130,09:18:36,43432.20,1000,2852850
20221130,09:18:38,43431.20,100,2852850
20221130,09:18:39,43438.40,525,2852850
20221130,09:18:41,43440.00,150,2852850
20221130,09:18:42,43440.00,1125,2852850
20221130,09:18:44,43439.45,225,2852850
20221130,09:18:45,43439.95,375,2852850
20221130,09:18:47,43434.10,125,2852850
20221130,09:18:48,43435.80,3050,2852850
20221130,09:18:50,43437.90,2375,2852850
20221130,09:18:51,43435.20,75,2852850
20221130,09:18:53,43435.00,75,2852850
20221130,09:18:54,43433.70,275,2852850
20221130,09:18:56,43434.00,125,2852850
20221130,09:18:58,43432.25,75,2852850
20221130,09:18:59,43434.00,575,2852850
20221130,09:19:01,43426.05,300,2852850
20221130,09:19:02,43431.40,150,2852850
20221130,09:19:04,43430.20,500,2852850
20221130,09:19:05,43425.05,850,2852850
20221130,09:19:07,43425.60,250,2852850
20221130,09:19:09,43426.85,200,2852850
20221130,09:19:10,43429.10,200,2852850
20221130,09:19:12,43428.70,400,2852850
20221130,09:19:13,43431.05,625,2852850
20221130,09:19:15,43432.40,400,2852850
20221130,09:19:16,43431.90,50,2852850
20221130,09:19:18,43434.00,50,2852850
20221130,09:19:20,43434.00,325,2852850
20221130,09:19:21,43431.90,175,2852850
20221130,09:19:23,43431.80,200,2852850
20221130,09:19:24,43435.10,525,2852850
20221130,09:19:26,43430.30,100,2852850
20221130,09:19:27,43430.00,250,2852850
20221130,09:19:29,43428.45,475,2852850
20221130,09:19:31,43430.30,75,2852850
20221130,09:19:32,43430.25,150,2852850
20221130,09:19:34,43429.65,175,2852850
20221130,09:19:35,43435.00,125,2852850
20221130,09:19:37,43435.00,425,2852850
20221130,09:19:38,43437.15,550,2852850
20221130,09:19:40,43431.05,375,2852850
20221130,09:19:42,43431.05,425,2852850
20221130,09:19:43,43431.30,175,2852850
20221130,09:19:45,43431.15,200,2852850
20221130,09:19:46,43435.00,350,2852850
20221130,09:19:48,43431.15,100,2852850
20221130,09:19:49,43435.00,175,2852850
20221130,09:19:51,43431.30,325,2852850
20221130,09:19:52,43435.00,100,2852850
20221130,09:19:54,43431.25,450,2852850
20221130,09:19:56,43430.00,200,2852850
20221130,09:19:57,43433.90,250,2852850
20221130,09:19:59,43429.55,100,2852850
20221130,09:20:00,43435.00,450,2852850
20221130,09:20:02,43439.10,6225,2852850
20221130,09:20:03,43439.15,800,2852850
20221130,09:20:05,43432.60,175,2852850
20221130,09:20:06,43432.60,75,2852850
20221130,09:20:08,43432.60,150,2852850
20221130,09:20:09,43430.05,200,2852850
20221130,09:20:11,43430.05,150,2852850
20221130,09:20:13,43430.00,525,2852850
20221130,09:20:14,43430.00,225,2852850
20221130,09:20:16,43430.20,2050,2852850
20221130,09:20:17,43422.30,475,2852850
20221130,09:20:19,43429.00,75,2852850
20221130,09:20:21,43421.45,275,2852850
20221130,09:20:22,43422.20,125,2852850
20221130,09:20:24,43420.70,300,2852850
20221130,09:20:25,43424.40,150,2852850
20221130,09:20:27,43425.40,375,2852850
20221130,09:20:29,43428.60,225,2852850
20221130,09:20:30,43430.00,125,2864275
20221130,09:20:32,43435.00,850,2864275
20221130,09:20:33,43435.00,2125,2864275
20221130,09:20:35,43434.20,500,2864275
20221130,09:20:37,43439.55,875,2864275
20221130,09:20:38,43440.00,550,2864275
20221130,09:20:40,43442.65,2475,2864275
20221130,09:20:41,43441.95,225,2864275
20221130,09:20:43,43433.65,350,2864275
20221130,09:20:45,43433.75,325,2864275
20221130,09:20:46,43431.75,375,2864275
20221130,09:20:48,43440.00,200,2864275
20221130,09:20:50,43431.60,425,2864275
20221130,09:20:51,43433.20,150,2864275
20221130,09:20:53,43431.65,625,2864275
20221130,09:20:54,43430.45,200,2864275
20221130,09:20:56,43430.00,450,2864275
20221130,09:20:58,43430.00,550,2864275
20221130,09:20:59,43430.45,1200,2864275
20221130,09:21:01,43433.20,975,2864275
20221130,09:21:02,43433.80,625,2864275
20221130,09:21:04,43430.00,200,2864275
20221130,09:21:06,43429.85,875,2864275
20221130,09:21:07,43431.00,1275,2864275
20221130,09:21:09,43430.40,650,2864275
20221130,09:21:10,43432.20,400,2864275
20221130,09:21:12,43429.95,175,2864275
20221130,09:21:14,43429.05,25,2864275
20221130,09:21:15,43430.40,75,2864275
20221130,09:21:17,43430.40,100,2864275
20221130,09:21:19,43430.00,475,2864275
20221130,09:21:20,43430.00,200,2864275
20221130,09:21:22,43430.40,300,2864275
20221130,09:21:23,43430.00,200,2864275
20221130,09:21:27,43430.00,100,2864275
20221130,09:21:28,43427.45,125,2864275
20221130,09:21:30,43427.05,75,2864275
20221130,09:21:32,43426.15,250,2864275
20221130,09:21:34,43429.45,200,2864275
20221130,09:21:35,43433.00,1925,2864275
20221130,09:21:37,43432.95,125,2864275
20221130,09:21:39,43438.25,725,2864275
20221130,09:21:40,43438.25,225,2864275
20221130,09:21:42,43432.20,100,2864275
20221130,09:21:43,43438.25,150,2864275
20221130,09:21:45,43433.65,250,2864275
20221130,09:21:47,43439.90,425,2864275
20221130,09:21:48,43436.50,100,2864275
20221130,09:21:50,43437.35,400,2864275
20221130,09:21:52,43441.90,4400,2864275
20221130,09:21:53,43440.00,1625,2864275
20221130,09:21:55,43440.70,200,2864275
20221130,09:21:57,43438.50,50,2864275
20221130,09:21:58,43438.15,850,2864275
20221130,09:22:00,43440.70,50,2864275
20221130,09:22:02,43440.90,250,2864275
20221130,09:22:03,43440.45,100,2864275
20221130,09:22:05,43438.25,450,2864275
20221130,09:22:07,43438.45,1150,2864275
20221130,09:22:08,43436.60,200,2864275
20221130,09:22:10,43436.35,75,2864275
20221130,09:22:12,43440.00,875,2864275
20221130,09:22:13,43440.00,175,2864275
20221130,09:22:15,43450.00,2625,2864275
20221130,09:22:17,43441.15,150,2864275
20221130,09:22:18,43436.80,625,2864275
20221130,09:22:20,43440.50,100,2864275
20221130,09:22:22,43440.50,100,2864275
20221130,09:22:23,43440.35,125,2864275
20221130,09:22:25,43441.90,225,2864275
20221130,09:22:26,43444.50,500,2864275
20221130,09:22:28,43444.90,75,2864275
20221130,09:22:30,43446.00,450,2864275
20221130,09:22:31,43441.85,250,2864275
20221130,09:22:33,43440.05,25,2864275
20221130,09:22:35,43443.10,25,2864275
20221130,09:22:36,43446.80,675,2864275
20221130,09:22:38,43442.15,125,2864275
20221130,09:22:40,43442.40,625,2864275
20221130,09:22:41,43446.80,150,2864275
20221130,09:22:43,43444.00,175,2864275
20221130,09:22:45,43443.25,50,2864275
20221130,09:22:46,43443.10,525,2864275
20221130,09:22:49,43447.95,25,2864275
20221130,09:22:51,43446.45,200,2864275
20221130,09:22:53,43447.95,75,2864275
20221130,09:22:54,43444.00,25,2864275
20221130,09:22:56,43447.95,1175,2864275
20221130,09:22:58,43443.10,350,2864275
20221130,09:22:59,43441.40,100,2864275
20221130,09:23:01,43440.00,225,2864275
20221130,09:23:03,43443.20,1125,2864275
20221130,09:23:04,43443.35,1700,2864275
20221130,09:23:06,43440.10,75,2864275
20221130,09:23:09,43436.10,25,2864275
20221130,09:23:11,43437.60,175,2864275
20221130,09:23:13,43447.95,625,2864275
20221130,09:23:14,43440.00,125,2864275
20221130,09:23:16,43440.00,150,2864275
20221130,09:23:18,43440.10,25,2864275
20221130,09:23:19,43443.00,50,2864275
20221130,09:23:21,43443.65,25,2864275
20221130,09:23:22,43440.45,50,2864275
20221130,09:23:24,43444.80,25,2864275
20221130,09:23:25,43444.80,100,2864275
20221130,09:23:27,43443.65,50,2864275
20221130,09:23:29,43444.90,25,2864275
20221130,09:23:30,43440.55,50,2879300
20221130,09:23:32,43443.30,125,2879300
20221130,09:23:34,43447.10,50,2879300
20221130,09:23:35,43441.05,25,2879300
20221130,09:23:37,43441.00,650,2879300
20221130,09:23:38,43440.00,75,2879300
20221130,09:23:40,43441.00,475,2879300
20221130,09:23:42,43441.00,325,2879300
20221130,09:23:43,43441.00,500,2879300
20221130,09:23:45,43440.00,150,2879300
20221130,09:23:47,43440.00,25,2879300
20221130,09:23:48,43440.85,2925,2879300
20221130,09:23:50,43438.10,100,2879300
20221130,09:23:52,43440.00,400,2879300
20221130,09:23:53,43440.00,150,2879300
20221130,09:23:55,43440.00,875,2879300
20221130,09:23:57,43440.60,500,2879300
20221130,09:23:58,43441.00,125,2879300
20221130,09:24:00,43440.85,25,2879300
20221130,09:24:01,43437.60,100,2879300
20221130,09:24:03,43439.90,725,2879300
20221130,09:24:05,43436.45,75,2879300
20221130,09:24:06,43435.25,350,2879300
20221130,09:24:08,43435.45,75,2879300
20221130,09:24:10,43431.45,250,2879300
20221130,09:24:11,43435.80,550,2879300
20221130,09:24:13,43431.40,100,2879300
20221130,09:24:14,43431.40,25,2879300
20221130,09:24:18,43430.05,250,2879300
20221130,09:24:19,43430.10,100,2879300
20221130,09:24:21,43428.85,100,2879300
20221130,09:24:22,43428.55,325,2879300
20221130,09:24:24,43429.50,125,2879300
20221130,09:24:26,43427.30,125,2879300
20221130,09:24:27,43428.50,50,2879300
20221130,09:24:29,43427.75,50,2879300
20221130,09:24:31,43426.50,425,2879300
20221130,09:24:32,43426.95,25,2879300
20221130,09:24:34,43430.00,75,2879300
20221130,09:24:35,43431.15,175,2879300
20221130,09:24:37,43435.00,600,2879300
20221130,09:24:39,43434.25,300,2879300
20221130,09:24:40,43433.10,25,2879300
20221130,09:24:42,43438.00,100,2879300
20221130,09:24:44,43433.15,25,2879300
20221130,09:24:45,43434.90,225,2879300
20221130,09:24:47,43438.00,225,2879300
20221130,09:24:49,43433.00,100,2879300
20221130,09:24:50,43438.00,50,2879300
20221130,09:24:53,43430.00,250,2879300
20221130,09:24:55,43427.00,25,2879300
20221130,09:24:57,43425.80,150,2879300
20221130,09:24:58,43425.00,225,2879300
20221130,09:25:00,43429.95,25,2879300
20221130,09:25:02,43430.00,25,2879300
20221130,09:25:03,43424.00,400,2879300
20221130,09:25:05,43434.85,750,2879300
20221130,09:25:07,43428.40,1550,2879300
20221130,09:25:08,43428.70,1100,2879300
20221130,09:25:10,43433.85,400,2879300
20221130,09:25:11,43427.80,25,2879300
20221130,09:25:13,43427.10,25,2879300
20221130,09:25:15,43425.75,175,2879300
20221130,09:25:16,43425.10,400,2879300
20221130,09:25:18,43425.15,25,2879300
20221130,09:25:19,43426.55,275,2879300
20221130,09:25:21,43424.15,175,2879300
20221130,09:25:23,43424.20,50,2879300
20221130,09:25:24,43423.85,425,2879300
20221130,09:25:26,43424.15,25,2879300
20221130,09:25:27,43424.00,150,2879300
20221130,09:25:29,43427.95,325,2879300
20221130,09:25:31,43432.15,125,2879300
20221130,09:25:32,43428.70,200,2879300
20221130,09:25:34,43433.50,100,2879300
20221130,09:25:35,43427.95,50,2879300
20221130,09:25:37,43432.00,75,2879300
20221130,09:25:38,43432.70,25,2879300
20221130,09:25:41,43430.00,275,2879300
20221130,09:25:43,43429.75,150,2879300
20221130,09:25:44,43432.70,75,2879300
20221130,09:25:46,43431.40,125,2879300
20221130,09:25:48,43434.85,50,2879300
20221130,09:25:49,43435.00,125,2879300
20221130,09:25:51,43435.00,325,2879300
20221130,09:25:52,43431.30,25,2879300
20221130,09:25:55,43431.40,25,2879300
20221130,09:25:57,43435.00,100,2879300
20221130,09:25:59,43432.15,100,2879300
20221130,09:26:00,43435.00,25,2879300
20221130,09:26:02,43435.10,25,2879300
20221130,09:26:03,43435.00,175,2879300
20221130,09:26:05,43434.80,275,2879300
20221130,09:26:07,43436.25,125,2879300
20221130,09:26:08,43433.00,25,2879300
20221130,09:26:10,43431.00,225,2879300
20221130,09:26:11,43425.25,275,2879300
20221130,09:26:13,43424.15,175,2879300
20221130,09:26:15,43424.05,525,2879300
20221130,09:26:16,43422.00,300,2879300
20221130,09:26:18,43424.00,50,2879300
20221130,09:26:19,43424.00,25,2879300
20221130,09:26:21,43421.05,125,2879300
20221130,09:26:22,43422.30,400,2879300
20221130,09:26:24,43424.05,750,2879300
20221130,09:26:25,43422.40,25,2879300
20221130,09:26:27,43422.05,50,2879300
20221130,09:26:30,43428.00,150,2879300
20221130,09:26:31,43420.10,950,2880725
20221130,09:26:33,43416.85,375,2880725
20221130,09:26:35,43416.80,400,2880725
20221130,09:26:36,43414.50,850,2880725
20221130,09:26:38,43414.05,500,2880725
20221130,09:26:40,43410.40,925,2880725
20221130,09:26:41,43407.25,2400,2880725
20221130,09:26:43,43411.90,1050,2880725
20221130,09:26:44,43414.00,350,2880725
20221130,09:26:46,43414.30,975,2880725
20221130,09:26:48,43419.00,300,2880725
20221130,09:26:49,43415.60,175,2880725
20221130,09:26:51,43419.90,700,2880725
20221130,09:26:53,43419.95,250,2880725
20221130,09:26:54,43415.40,750,2880725
20221130,09:26:56,43416.15,325,2880725
20221130,09:26:57,43418.95,175,2880725
20221130,09:26:59,43419.75,725,2880725
20221130,09:27:01,43418.95,175,2880725
20221130,09:27:02,43420.00,650,2880725
20221130,09:27:04,43416.15,400,2880725
20221130,09:27:06,43415.40,550,2880725
20221130,09:27:09,43418.45,50,2880725
20221130,09:27:10,43422.05,175,2880725
20221130,09:27:13,43418.80,75,2880725
20221130,09:27:15,43419.55,800,2880725
20221130,09:27:17,43418.85,150,2880725
20221130,09:27:18,43419.30,150,2880725
20221130,09:27:19,43417.95,50,2880725
20221130,09:27:21,43417.10,50,2880725
20221130,09:27:23,43417.80,275,2880725
20221130,09:27:24,43417.10,1575,2880725
20221130,09:27:26,43414.70,375,2880725
20221130,09:27:28,43414.55,450,2880725
20221130,09:27:29,43416.45,125,2880725
20221130,09:27:31,43416.45,100,2880725
20221130,09:27:32,43416.80,400,2880725
20221130,09:27:34,43415.00,700,2880725
20221130,09:27:35,43414.80,450,2880725
20221130,09:27:37,43413.95,1775,2880725
20221130,09:27:39,43413.60,150,2880725
20221130,09:27:40,43415.00,650,2880725
20221130,09:27:42,43413.75,475,2880725
20221130,09:27:43,43414.50,200,2880725
20221130,09:27:45,43415.00,100,2880725
20221130,09:27:47,43412.35,275,2880725
20221130,09:27:48,43412.30,150,2880725
20221130,09:27:50,43412.95,125,2880725
20221130,09:27:51,43412.35,75,2880725
20221130,09:27:53,43411.00,50,2880725
20221130,09:27:55,43410.50,600,2880725
20221130,09:27:56,43411.45,25,2880725
20221130,09:27:58,43408.40,225,2880725
20221130,09:28:00,43410.65,150,2880725
20221130,09:28:01,43412.60,175,2880725
20221130,09:28:03,43407.45,225,2880725
20221130,09:28:05,43407.20,25,2880725
20221130,09:28:06,43404.95,1150,2880725
20221130,09:28:08,43402.95,675,2880725
20221130,09:28:10,43403.45,200,2880725
20221130,09:28:11,43405.00,125,2880725
20221130,09:28:13,43408.90,350,2880725
20221130,09:28:14,43406.55,100,2880725
20221130,09:28:16,43407.20,25,2880725
20221130,09:28:18,43405.55,200,2880725
20221130,09:28:19,43405.00,75,2880725
20221130,09:28:21,43407.70,75,2880725
20221130,09:28:22,43404.15,50,2880725
20221130,09:28:24,43403.75,100,2880725
20221130,09:28:26,43403.15,100,2880725
20221130,09:28:27,43408.90,25,2880725
20221130,09:28:29,43405.45,25,2880725
20221130,09:28:30,43407.55,250,2880725
20221130,09:28:32,43409.00,50,2880725
20221130,09:28:34,43409.00,100,2880725
20221130,09:28:35,43410.00,325,2880725
20221130,09:28:37,43412.00,100,2880725
20221130,09:28:38,43413.15,150,2880725
20221130,09:28:40,43409.50,150,2880725
20221130,09:28:43,43413.30,275,2880725
20221130,09:28:45,43409.35,25,2880725
20221130,09:28:47,43413.95,75,2880725
20221130,09:28:48,43409.05,75,2880725
20221130,09:28:50,43410.25,75,2880725
20221130,09:28:52,43413.00,50,2880725
20221130,09:28:53,43411.75,100,2880725
20221130,09:28:55,43411.30,300,2880725
20221130,09:28:57,43411.50,50,2880725
20221130,09:28:58,43410.20,100,2880725
20221130,09:29:00,43413.30,50,2880725
20221130,09:29:01,43414.20,150,2880725
20221130,09:29:03,43419.95,1925,2880725
20221130,09:29:04,43413.30,250,2880725
20221130,09:29:06,43414.65,350,2880725
20221130,09:29:08,43407.40,125,2880725
20221130,09:29:09,43408.10,75,2880725
20221130,09:29:11,43414.00,75,2880725
20221130,09:29:12,43411.65,100,2880725
20221130,09:29:14,43411.65,100,2880725
20221130,09:29:16,43411.65,25,2880725
20221130,09:29:17,43411.65,75,2880725
20221130,09:29:19,43411.65,25,2880725
20221130,09:29:20,43410.00,200,2880725
20221130,09:29:22,43415.00,50,2880725
20221130,09:29:25,43414.00,50,2880725
20221130,09:29:27,43414.65,25,2880725
20221130,09:29:28,43415.00,1000,2880725
20221130,09:29:30,43413.50,25,2880725
20221130,09:29:32,43415.95,100,2892325
20221130,09:29:33,43413.50,75,2892325
20221130,09:29:35,43413.50,50,2892325
20221130,09:29:39,43413.50,925,2892325
20221130,09:29:41,43413.30,450,2892325
20221130,09:29:46,43412.90,25,2892325
20221130,09:29:47,43413.50,100,2892325
20221130,09:29:52,43418.95,75,2892325
20221130,09:29:54,43418.95,25,2892325
20221130,09:29:55,43420.00,175,2892325
20221130,09:29:57,43420.00,225,2892325
20221130,09:29:58,43418.95,175,2892325
20221130,09:30:00,43419.60,125,2892325
20221130,09:30:01,43418.75,75,2892325
20221130,09:30:03,43424.90,350,2892325
20221130,09:30:05,43423.30,175,2892325
20221130,09:30:06,43423.30,300,2892325
20221130,09:30:08,43424.95,200,2892325
20221130,09:30:10,43427.70,75,2892325
20221130,09:30:11,43427.90,725,2892325
20221130,09:30:13,43423.00,400,2892325
20221130,09:30:14,43427.85,175,2892325
20221130,09:30:16,43427.10,275,2892325
20221130,09:30:17,43427.65,125,2892325
20221130,09:30:19,43428.95,50,2892325
20221130,09:30:21,43429.75,75,2892325
20221130,09:30:22,43429.75,500,2892325
20221130,09:30:24,43429.20,875,2892325
20221130,09:30:25,43429.25,125,2892325
20221130,09:30:27,43430.60,325,2892325
20221130,09:30:28,43425.00,450,2892325
20221130,09:30:30,43429.30,200,2892325
20221130,09:30:31,43429.90,125,2892325
20221130,09:30:33,43425.05,200,2892325
20221130,09:30:35,43425.00,150,2892325
20221130,09:30:36,43432.95,250,2892325
20221130,09:30:38,43430.85,75,2892325
20221130,09:30:39,43429.20,50,2892325
20221130,09:30:41,43431.95,125,2892325
20221130,09:30:43,43428.60,150,2892325
20221130,09:30:44,43431.80,100,2892325
20221130,09:30:46,43432.00,375,2892325
20221130,09:30:47,43431.05,250,2892325
20221130,09:30:49,43434.50,775,2892325
20221130,09:30:51,43432.90,250,2892325
20221130,09:30:52,43434.10,250,2892325
20221130,09:30:54,43430.35,375,2892325
20221130,09:30:55,43430.00,425,2892325
20221130,09:30:57,43427.45,50,2892325
20221130,09:30:59,43432.75,2775,2892325
20221130,09:31:00,43429.15,4225,2892325
20221130,09:31:02,43435.55,375,2892325
20221130,09:31:03,43434.50,200,2892325
20221130,09:31:05,43435.45,175,2892325
20221130,09:31:07,43432.90,125,2892325
20221130,09:31:08,43428.45,25,2892325
20221130,09:31:10,43430.00,100,2892325
20221130,09:31:11,43428.40,300,2892325
20221130,09:31:13,43427.00,300,2892325
20221130,09:31:15,43428.40,50,2892325
20221130,09:31:16,43434.20,225,2892325
20221130,09:31:19,43428.55,25,2892325
20221130,09:31:21,43432.10,75,2892325
20221130,09:31:23,43435.00,125,2892325
20221130,09:31:26,43430.00,25,2892325
20221130,09:31:27,43435.00,50,2892325
20221130,09:31:29,43435.90,350,2892325
20221130,09:31:31,43434.75,125,2892325
20221130,09:31:32,43433.20,125,2892325
20221130,09:31:35,43434.15,125,2892325
20221130,09:31:37,43431.50,100,2892325
20221130,09:31:39,43431.50,175,2892325
20221130,09:31:40,43431.60,500,2892325
20221130,09:31:42,43431.75,75,2892325
20221130,09:31:44,43429.50,250,2892325
20221130,09:31:45,43427.10,75,2892325
20221130,09:31:47,43428.35,25,2892325
20221130,09:31:48,43423.90,825,2892325
20221130,09:31:50,43424.00,150,2892325
20221130,09:31:52,43420.00,150,2892325
20221130,09:31:53,43414.05,325,2892325
20221130,09:31:55,43417.50,125,2892325
20221130,09:31:56,43414.40,850,2892325
20221130,09:31:58,43410.20,475,2892325
20221130,09:32:00,43410.60,175,2892325
20221130,09:32:01,43408.90,575,2892325
20221130,09:32:03,43405.00,475,2892325
20221130,09:32:05,43410.00,125,2892325
20221130,09:32:06,43411.00,100,2892325
20221130,09:32:08,43422.85,1000,2892325
20221130,09:32:10,43421.90,100,2892325
20221130,09:32:13,43422.90,75,2892325
20221130,09:32:14,43425.00,50,2892325
20221130,09:32:16,43423.25,125,2892325
20221130,09:32:19,43425.40,275,2892325
20221130,09:32:21,43427.75,75,2892325
20221130,09:32:23,43425.00,400,2892325
20221130,09:32:24,43425.00,25,2892325
20221130,09:32:26,43423.05,50,2892325
20221130,09:32:28,43424.20,25,2892325
20221130,09:32:31,43425.40,50,2892325
20221130,09:32:33,43424.25,250,2893800
20221130,09:32:34,43425.15,75,2893800
20221130,09:32:38,43422.80,75,2893800
20221130,09:32:39,43426.25,125,2893800
20221130,09:32:42,43423.95,50,2893800
20221130,09:32:44,43421.80,50,2893800
20221130,09:32:46,43421.75,25,2893800
20221130,09:32:47,43427.55,200,2893800
20221130,09:32:49,43427.85,50,2893800
20221130,09:32:52,43427.60,50,2893800
20221130,09:32:54,43427.90,175,2893800
20221130,09:32:56,43422.25,150,2893800
20221130,09:32:59,43427.25,50,2893800
20221130,09:33:01,43422.90,50,2893800
20221130,09:33:02,43416.40,250,2893800
20221130,09:33:04,43424.90,50,2893800
20221130,09:33:07,43426.60,100,2893800
20221130,09:33:09,43424.10,100,2893800
20221130,09:33:10,43426.65,50,2893800
20221130,09:33:14,43424.90,325,2893800
20221130,09:33:15,43424.25,150,2893800
20221130,09:33:17,43422.05,25,2893800
20221130,09:33:19,43419.45,75,2893800
20221130,09:33:20,43420.90,200,2893800
20221130,09:33:22,43424.45,25,2893800
20221130,09:33:23,43420.25,75,2893800
20221130,09:33:25,43426.65,75,2893800
20221130,09:33:27,43426.65,25,2893800
20221130,09:33:28,43425.00,25,2893800
20221130,09:33:30,43420.00,100,2893800
20221130,09:33:32,43425.35,75,2893800
20221130,09:33:35,43425.80,25,2893800
20221130,09:33:37,43425.55,75,2893800
20221130,09:33:40,43424.00,50,2893800
20221130,09:33:42,43422.45,150,2893800
20221130,09:33:43,43423.00,125,2893800
20221130,09:33:45,43425.00,25,2893800
20221130,09:33:46,43425.55,50,2893800
20221130,09:33:48,43423.65,25,2893800
20221130,09:33:50,43425.00,25,2893800
20221130,09:33:51,43423.85,175,2893800
20221130,09:33:53,43426.65,175,2893800
20221130,09:33:55,43426.65,200,2893800
20221130,09:33:56,43426.65,100,2893800
20221130,09:33:58,43427.70,25,2893800
20221130,09:33:59,43428.00,75,2893800
20221130,09:34:01,43431.90,550,2893800
20221130,09:34:03,43429.15,1200,2893800
20221130,09:34:04,43430.00,25,2893800
20221130,09:34:06,43430.35,25,2893800
20221130,09:34:08,43432.00,50,2893800
20221130,09:34:09,43429.40,125,2893800
20221130,09:34:11,43432.85,25,2893800
20221130,09:34:12,43433.85,75,2893800
20221130,09:34:14,43433.95,75,2893800
20221130,09:34:17,43434.00,50,2893800
20221130,09:34:19,43433.65,75,2893800
20221130,09:34:20,43433.90,75,2893800
20221130,09:34:22,43432.25,50,2893800
20221130,09:34:24,43434.05,50,2893800
20221130,09:34:25,43432.45,75,2893800
20221130,09:34:27,43430.30,25,2893800
20221130,09:34:29,43433.65,125,2893800
20221130,09:34:30,43429.20,100,2893800
20221130,09:34:32,43432.90,200,2893800
20221130,09:34:35,43433.45,100,2893800
20221130,09:34:37,43430.30,25,2893800
20221130,09:34:38,43423.95,450,2893800
20221130,09:34:40,43432.00,25,2893800
20221130,09:34:43,43428.65,50,2893800
20221130,09:34:45,43428.65,150,2893800
20221130,09:34:46,43424.40,325,2893800
20221130,09:34:48,43422.95,175,2893800
20221130,09:34:49,43424.00,50,2893800
20221130,09:34:53,43420.00,825,2893800
20221130,09:34:54,43423.95,50,2893800
20221130,09:34:56,43427.70,175,2893800
20221130,09:34:57,43420.40,625,2893800
20221130,09:34:59,43420.35,100,2893800
20221130,09:35:02,43422.10,425,2893800
20221130,09:35:04,43422.95,275,2893800
20221130,09:35:05,43425.30,1075,2893800
20221130,09:35:07,43422.60,475,2893800
20221130,09:35:09,43423.95,475,2893800
20221130,09:35:10,43424.40,350,2893800
20221130,09:35:12,43425.35,300,2893800
20221130,09:35:13,43428.35,350,2893800
20221130,09:35:15,43432.00,350,2893800
20221130,09:35:17,43427.00,75,2893800
20221130,09:35:18,43427.30,400,2893800
20221130,09:35:20,43426.35,325,2893800
20221130,09:35:21,43428.65,175,2893800
20221130,09:35:23,43423.90,75,2893800
20221130,09:35:24,43426.90,50,2893800
20221130,09:35:31,43426.00,75,2893800
20221130,09:35:33,43421.05,150,2896025
20221130,09:35:34,43426.75,100,2896025
20221130,09:35:37,43426.40,75,2896025
20221130,09:35:39,43425.05,25,2896025
20221130,09:35:42,43420.90,25,2896025
20221130,09:35:43,43421.10,300,2896025
20221130,09:35:47,43423.55,50,2896025
20221130,09:35:53,43420.00,75,2896025
20221130,09:35:54,43421.00,125,2896025
20221130,09:35:56,43417.70,125,2896025
20221130,09:35:58,43417.00,25,2896025
20221130,09:35:59,43415.60,100,2896025
20221130,09:36:01,43411.85,125,2896025
20221130,09:36:03,43411.40,225,2896025
20221130,09:36:04,43412.25,50,2896025
20221130,09:36:06,43413.30,50,2896025
20221130,09:36:07,43417.65,50,2896025
20221130,09:36:09,43417.70,25,2896025
20221130,09:36:12,43414.25,300,2896025
20221130,09:36:14,43409.50,175,2896025
20221130,09:36:15,43412.60,125,2896025
20221130,09:36:17,43406.00,50,2896025
20221130,09:36:19,43405.15,50,2896025
20221130,09:36:20,43406.55,25,2896025
20221130,09:36:22,43412.20,75,2896025
20221130,09:36:25,43409.30,25,2896025
20221130,09:36:30,43406.00,75,2896025
20221130,09:36:31,43405.65,875,2896025
20221130,09:36:33,43406.65,225,2896025
20221130,09:36:35,43409.95,200,2896025
20221130,09:36:36,43407.85,150,2896025
20221130,09:36:38,43409.20,125,2896025
20221130,09:36:40,43412.95,450,2896025
20221130,09:36:41,43409.15,325,2896025
20221130,09:36:43,43410.40,25,2896025
20221130,09:36:45,43410.40,25,2896025
20221130,09:36:46,43411.80,25,2896025
20221130,09:36:48,43412.00,75,2896025
20221130,09:36:50,43404.55,50,2896025
20221130,09:36:51,43404.50,75,2896025
20221130,09:36:53,43406.10,75,2896025
20221130,09:36:54,43412.00,50,2896025
20221130,09:36:56,43408.40,25,2896025
20221130,09:36:58,43407.15,75,2896025
20221130,09:36:59,43411.75,50,2896025
20221130,09:37:01,43405.60,650,2896025
20221130,09:37:03,43404.65,250,2896025
20221130,09:37:04,43405.00,350,2896025
20221130,09:37:06,43406.40,175,2896025
20221130,09:37:07,43405.00,150,2896025
20221130,09:37:09,43402.35,350,2896025
20221130,09:37:11,43397.25,1900,2896025
20221130,09:37:12,43396.45,525,2896025
20221130,09:37:14,43395.80,175,2896025
20221130,09:37:15,43396.00,300,2896025
20221130,09:37:17,43393.95,50,2896025
20221130,09:37:19,43394.15,300,2896025
20221130,09:37:20,43393.15,75,2896025
20221130,09:37:22,43396.45,100,2896025
20221130,09:37:23,43396.45,75,2896025
20221130,09:37:25,43392.90,325,2896025
20221130,09:37:27,43393.70,550,2896025
20221130,09:37:28,43392.00,200,2896025
20221130,09:37:30,43398.00,100,2896025
20221130,09:37:31,43393.15,125,2896025
20221130,09:37:33,43394.50,25,2896025
20221130,09:37:35,43398.50,1225,2896025
20221130,09:37:36,43398.50,175,2896025
20221130,09:37:38,43399.30,150,2896025
20221130,09:37:40,43398.60,25,2896025
20221130,09:37:41,43398.45,50,2896025
20221130,09:37:45,43399.00,25,2896025
20221130,09:37:46,43398.45,175,2896025
20221130,09:37:49,43399.30,75,2896025
20221130,09:37:51,43399.70,175,2896025
20221130,09:37:53,43393.90,25,2896025
20221130,09:37:56,43394.90,300,2896025
20221130,09:37:57,43395.05,75,2896025
20221130,09:37:59,43400.00,75,2896025
20221130,09:38:00,43398.00,125,2896025
20221130,09:38:02,43398.00,125,2896025
20221130,09:38:04,43398.00,25,2896025
20221130,09:38:05,43396.05,25,2896025
20221130,09:38:07,43396.05,25,2896025
20221130,09:38:08,43398.00,250,2896025
20221130,09:38:10,43396.05,100,2896025
20221130,09:38:11,43396.05,25,2896025
20221130,09:38:15,43396.05,125,2896025
20221130,09:38:16,43396.05,25,2896025
20221130,09:38:19,43394.30,350,2896025
20221130,09:38:21,43394.30,175,2896025
20221130,09:38:22,43396.25,250,2896025
20221130,09:38:24,43398.00,125,2896025
20221130,09:38:25,43397.05,425,2896025
20221130,09:38:28,43396.15,75,2896025
20221130,09:38:30,43400.00,100,2896025
20221130,09:38:32,43396.45,25,2896025
20221130,09:38:33,43403.25,450,2891200
20221130,09:38:35,43400.00,75,2891200
20221130,09:38:36,43400.00,300,2891200
20221130,09:38:38,43400.00,25,2891200
20221130,09:38:39,43398.00,50,2891200
20221130,09:38:42,43395.00,325,2891200
20221130,09:38:44,43392.85,550,2891200
20221130,09:38:45,43394.35,300,2891200
20221130,09:38:47,43392.95,650,2891200
20221130,09:38:49,43391.30,575,2891200
20221130,09:38:50,43391.95,150,2891200
20221130,09:38:52,43390.30,550,2891200
20221130,09:38:53,43391.45,75,2891200
20221130,09:38:55,43391.10,25,2891200
20221130,09:38:57,43386.60,825,2891200
20221130,09:38:58,43387.95,175,2891200
20221130,09:39:00,43388.40,25,2891200
20221130,09:39:01,43387.55,350,2891200
20221130,09:39:03,43386.55,1325,2891200
20221130,09:39:05,43387.00,875,2891200
20221130,09:39:06,43390.55,475,2891200
20221130,09:39:08,43389.60,425,2891200
20221130,09:39:09,43389.40,175,2891200
20221130,09:39:11,43390.75,75,2891200
20221130,09:39:13,43391.10,100,2891200
20221130,09:39:14,43391.10,25,2891200
20221130,09:39:16,43392.00,575,2891200
20221130,09:39:17,43392.90,75,2891200
20221130,09:39:19,43393.30,225,2891200
20221130,09:39:20,43394.10,350,2891200
20221130,09:39:22,43393.00,50,2891200
20221130,09:39:24,43396.80,50,2891200
20221130,09:39:25,43394.90,350,2891200
20221130,09:39:27,43395.55,50,2891200
20221130,09:39:28,43390.10,100,2891200
20221130,09:39:30,43394.45,100,2891200
20221130,09:39:32,43397.90,100,2891200
20221130,09:39:33,43390.10,150,2891200
20221130,09:39:35,43390.45,150,2891200
20221130,09:39:36,43393.55,100,2891200
20221130,09:39:38,43397.90,650,2891200
20221130,09:39:40,43391.55,100,2891200
20221130,09:39:41,43396.80,50,2891200
20221130,09:39:43,43390.00,100,2891200
20221130,09:39:44,43389.00,250,2891200
20221130,09:39:46,43393.00,100,2891200
20221130,09:39:47,43390.00,75,2891200
20221130,09:39:49,43385.00,225,2891200
20221130,09:39:51,43388.90,100,2891200
20221130,09:39:52,43387.60,125,2891200
20221130,09:39:54,43386.80,75,2891200
20221130,09:39:56,43386.10,100,2891200
20221130,09:39:57,43387.35,100,2891200
20221130,09:40:00,43390.50,325,2891200
20221130,09:40:02,43390.00,75,2891200
20221130,09:40:04,43388.00,75,2891200
20221130,09:40:07,43388.35,50,2891200
20221130,09:40:12,43391.00,25,2891200
20221130,09:40:13,43388.75,75,2891200
20221130,09:40:15,43390.00,25,2891200
20221130,09:40:16,43388.35,125,2891200
20221130,09:40:18,43388.35,325,2891200
20221130,09:40:19,43388.00,75,2891200
20221130,09:40:21,43386.25,25,2891200
20221130,09:40:23,43386.90,50,2891200
20221130,09:40:24,43390.50,100,2891200
20221130,09:40:26,43391.00,25,2891200
20221130,09:40:28,43391.05,100,2891200
20221130,09:40:29,43388.90,25,2891200
20221130,09:40:32,43388.75,25,2891200
20221130,09:40:34,43389.95,25,2891200
20221130,09:40:36,43388.75,25,2891200
20221130,09:40:42,43389.95,25,2891200
20221130,09:40:44,43391.00,75,2891200
20221130,09:40:47,43392.00,25,2891200
20221130,09:40:50,43394.90,75,2891200
20221130,09:40:53,43391.00,75,2891200
20221130,09:40:55,43388.00,300,2891200
20221130,09:40:56,43390.00,325,2891200
20221130,09:40:58,43386.50,25,2891200
20221130,09:41:00,43389.95,25,2891200
20221130,09:41:01,43386.00,300,2891200
20221130,09:41:03,43385.80,100,2891200
20221130,09:41:05,43386.00,75,2891200
20221130,09:41:06,43386.00,50,2891200
20221130,09:41:08,43385.00,125,2891200
20221130,09:41:09,43386.00,25,2891200
20221130,09:41:11,43386.00,75,2891200
20221130,09:41:12,43386.00,75,2891200
20221130,09:41:14,43380.00,775,2891200
20221130,09:41:16,43380.00,25,2891200
20221130,09:41:17,43380.05,125,2891200
20221130,09:41:19,43381.30,75,2891200
20221130,09:41:21,43380.00,125,2891200
20221130,09:41:22,43380.40,250,2891200
20221130,09:41:24,43386.00,25,2891200
20221130,09:41:25,43386.00,25,2891200
20221130,09:41:27,43381.50,75,2891200
20221130,09:41:29,43380.00,25,2891200
20221130,09:41:30,43380.00,675,2891200
20221130,09:41:32,43380.05,25,2891200
20221130,09:41:33,43377.85,675,2893350
20221130,09:41:35,43380.05,650,2893350
20221130,09:41:36,43386.00,1150,2893350
20221130,09:41:38,43381.40,50,2893350
20221130,09:41:42,43383.70,100,2893350
20221130,09:41:44,43383.00,275,2893350
20221130,09:41:46,43385.80,75,2893350
20221130,09:41:47,43390.00,50,2893350
20221130,09:41:49,43384.00,25,2893350
20221130,09:41:50,43391.00,25,2893350
20221130,09:41:53,43384.00,100,2893350
20221130,09:41:55,43382.75,25,2893350
20221130,09:41:56,43382.15,525,2893350
20221130,09:41:58,43382.00,25,2893350
20221130,09:41:59,43389.20,50,2893350
20221130,09:42:01,43382.95,50,2893350
20221130,09:42:04,43388.45,75,2893350
20221130,09:42:05,43385.00,325,2893350
20221130,09:42:07,43385.80,25,2893350
20221130,09:42:08,43388.45,75,2893350
20221130,09:42:13,43388.30,75,2893350
20221130,09:42:14,43389.65,950,2893350
20221130,09:42:16,43390.00,25,2893350
20221130,09:42:17,43386.75,75,2893350
20221130,09:42:19,43390.00,50,2893350
20221130,09:42:20,43390.00,25,2893350
20221130,09:42:22,43390.00,50,2893350
20221130,09:42:24,43390.05,100,2893350
20221130,09:42:27,43390.00,75,2893350
20221130,09:42:28,43395.95,2550,2893350
20221130,09:42:30,43390.00,50,2893350
20221130,09:42:32,43390.95,600,2893350
20221130,09:42:33,43389.95,50,2893350
20221130,09:42:35,43389.45,75,2893350
20221130,09:42:36,43385.95,25,2893350
20221130,09:42:38,43385.00,650,2893350
20221130,09:42:39,43383.50,75,2893350
20221130,09:42:41,43383.00,25,2893350
20221130,09:42:44,43385.60,25,2893350
20221130,09:42:46,43384.00,50,2893350
20221130,09:42:47,43384.70,75,2893350
20221130,09:42:49,43385.45,25,2893350
20221130,09:42:50,43384.70,50,2893350
20221130,09:42:52,43389.95,100,2893350
20221130,09:42:53,43385.60,150,2893350
20221130,09:42:55,43384.70,50,2893350
20221130,09:42:57,43383.85,750,2893350
20221130,09:42:58,43383.00,25,2893350
20221130,09:43:01,43383.00,25,2893350
20221130,09:43:03,43383.25,150,2893350
20221130,09:43:04,43383.00,25,2893350
20221130,09:43:05,43387.95,150,2893350
20221130,09:43:08,43383.00,50,2893350
20221130,09:43:10,43382.00,25,2893350
20221130,09:43:11,43383.30,200,2893350
20221130,09:43:13,43385.20,25,2893350
20221130,09:43:14,43383.55,50,2893350
20221130,09:43:17,43384.00,100,2893350
20221130,09:43:19,43384.10,125,2893350
20221130,09:43:22,43385.10,50,2893350
20221130,09:43:23,43385.10,350,2893350
20221130,09:43:25,43385.25,25,2893350
20221130,09:43:26,43387.95,25,2893350
20221130,09:43:27,43389.75,25,2893350
20221130,09:43:29,43389.35,25,2893350
20221130,09:43:30,43383.25,200,2893350
20221130,09:43:32,43389.75,1375,2893350
20221130,09:43:33,43382.10,75,2893350
20221130,09:43:37,43382.00,75,2893350
20221130,09:43:38,43380.00,950,2893350
20221130,09:43:40,43379.00,50,2893350
20221130,09:43:41,43380.15,25,2893350
20221130,09:43:43,43377.00,125,2893350
20221130,09:43:45,43376.50,100,2893350
20221130,09:43:46,43376.50,125,2893350
20221130,09:43:48,43380.00,75,2893350
20221130,09:43:50,43380.00,25,2893350
20221130,09:43:51,43381.15,200,2893350
20221130,09:43:53,43381.95,25,2893350
20221130,09:43:54,43376.00,875,2893350
20221130,09:43:56,43375.80,25,2893350
20221130,09:43:58,43375.00,25,2893350
20221130,09:43:59,43375.55,125,2893350
20221130,09:44:01,43380.15,50,2893350
20221130,09:44:02,43379.65,175,2893350
20221130,09:44:04,43380.50,100,2893350
20221130,09:44:05,43380.00,450,2893350
20221130,09:44:07,43382.00,350,2893350
20221130,09:44:10,43376.45,150,2893350
20221130,09:44:12,43376.00,125,2893350
20221130,09:44:13,43375.70,50,2893350
20221130,09:44:18,43379.40,25,2893350
20221130,09:44:21,43377.10,25,2893350
20221130,09:44:23,43378.25,50,2893350
20221130,09:44:24,43379.00,100,2893350
20221130,09:44:26,43379.00,25,2893350
20221130,09:44:27,43377.60,25,2893350
20221130,09:44:30,43378.95,625,2893350
20221130,09:44:32,43380.65,100,2893350
20221130,09:44:35,43382.00,25,2895775
20221130,09:44:40,43379.00,75,2895775
20221130,09:44:43,43378.00,100,2895775
20221130,09:44:44,43376.80,125,2895775
20221130,09:44:46,43381.30,25,2895775
20221130,09:44:47,43376.65,100,2895775
20221130,09:44:49,43376.00,25,2895775
20221130,09:44:50,43376.05,25,2895775
20221130,09:44:55,43376.00,75,2895775
20221130,09:44:56,43376.05,25,2895775
20221130,09:44:58,43371.00,1100,2895775
20221130,09:44:59,43373.45,975,2895775
20221130,09:45:01,43370.00,100,2895775
20221130,09:45:02,43374.30,200,2895775
20221130,09:45:07,43370.00,25,2895775
20221130,09:45:08,43375.00,200,2895775
20221130,09:45:10,43370.00,150,2895775
20221130,09:45:11,43376.05,50,2895775
20221130,09:45:13,43372.85,525,2895775
20221130,09:45:15,43374.50,250,2895775
20221130,09:45:18,43377.95,75,2895775
20221130,09:45:19,43375.40,150,2895775
20221130,09:45:21,43374.55,25,2895775
20221130,09:45:22,43370.00,50,2895775
20221130,09:45:24,43338.00,5075,2895775
20221130,09:45:26,43335.55,1350,2895775
20221130,09:45:27,43341.40,475,2895775
20221130,09:45:29,43354.95,425,2895775
20221130,09:45:31,43352.40,400,2895775
20221130,09:45:32,43343.30,225,2895775
20221130,09:45:34,43344.80,75,2895775
20221130,09:45:36,43337.45,475,2895775
20221130,09:45:37,43333.00,300,2895775
20221130,09:45:39,43337.20,600,2895775
20221130,09:45:41,43337.40,175,2895775
20221130,09:45:42,43335.00,500,2895775
20221130,09:45:44,43336.85,200,2895775
20221130,09:45:46,43330.25,325,2895775
20221130,09:45:47,43330.00,850,2895775
20221130,09:45:49,43331.55,550,2895775
20221130,09:45:51,43322.20,1575,2895775
20221130,09:45:52,43319.95,1725,2895775
20221130,09:45:54,43308.00,6775,2895775
20221130,09:45:56,43307.30,2675,2895775
20221130,09:45:57,43322.35,1425,2895775
20221130,09:45:59,43323.35,425,2895775
20221130,09:46:01,43322.85,350,2895775
20221130,09:46:02,43318.20,575,2895775
20221130,09:46:04,43321.40,550,2895775
20221130,09:46:05,43322.20,400,2895775
20221130,09:46:07,43320.70,250,2895775
20221130,09:46:09,43322.50,200,2895775
20221130,09:46:10,43329.00,150,2895775
20221130,09:46:12,43322.85,150,2895775
20221130,09:46:13,43325.20,200,2895775
20221130,09:46:15,43325.35,1025,2895775
20221130,09:46:17,43332.40,150,2895775
20221130,09:46:18,43323.15,200,2895775
20221130,09:46:20,43326.90,175,2895775
20221130,09:46:21,43326.00,200,2895775
20221130,09:46:23,43326.00,75,2895775
20221130,09:46:25,43324.00,100,2895775
20221130,09:46:28,43325.20,125,2895775
20221130,09:46:29,43329.00,175,2895775
20221130,09:46:31,43328.00,275,2895775
20221130,09:46:33,43328.00,225,2895775
20221130,09:46:34,43329.95,75,2895775
20221130,09:46:36,43330.00,125,2895775
20221130,09:46:38,43328.00,1675,2895775
20221130,09:46:39,43325.20,25,2895775
20221130,09:46:41,43330.00,500,2895775
20221130,09:46:43,43330.00,525,2895775
20221130,09:46:44,43330.00,75,2895775
20221130,09:46:46,43328.85,100,2895775
20221130,09:46:48,43332.65,3975,2895775
20221130,09:46:49,43329.45,650,2895775
20221130,09:46:51,43332.15,325,2895775
20221130,09:46:52,43332.30,25,2895775
20221130,09:46:54,43335.00,675,2895775
20221130,09:46:56,43330.00,350,2895775
20221130,09:46:57,43333.50,125,2895775
20221130,09:46:59,43333.40,175,2895775
20221130,09:47:00,43330.00,50,2895775
20221130,09:47:02,43330.00,225,2895775
20221130,09:47:04,43330.00,25,2895775
20221130,09:47:05,43332.00,200,2895775
20221130,09:47:07,43335.20,75,2895775
20221130,09:47:09,43335.20,75,2895775
20221130,09:47:10,43336.30,75,2895775
20221130,09:47:12,43332.80,25,2895775
20221130,09:47:14,43331.55,175,2895775
20221130,09:47:15,43330.00,600,2895775
20221130,09:47:17,43330.00,50,2895775
20221130,09:47:20,43331.30,75,2895775
20221130,09:47:22,43337.75,100,2895775
20221130,09:47:23,43332.65,575,2895775
20221130,09:47:25,43339.90,200,2895775
20221130,09:47:26,43340.00,200,2895775
20221130,09:47:28,43341.20,2025,2895775
20221130,09:47:30,43341.70,200,2895775
20221130,09:47:31,43341.20,500,2895775
20221130,09:47:33,43346.50,25,2895775
20221130,09:47:35,43340.35,225,2896075
20221130,09:47:36,43347.70,25,2896075
20221130,09:47:38,43342.00,25,2896075
20221130,09:47:40,43344.30,50,2896075
20221130,09:47:41,43342.15,450,2896075
20221130,09:47:43,43342.15,100,2896075
20221130,09:47:45,43340.00,50,2896075
20221130,09:47:46,43340.00,25,2896075
20221130,09:47:48,43343.45,150,2896075
20221130,09:47:51,43350.45,2575,2896075
20221130,09:47:53,43351.00,625,2896075
20221130,09:47:55,43349.05,100,2896075
20221130,09:47:56,43348.65,325,2896075
20221130,09:47:58,43342.75,50,2896075
20221130,09:48:00,43344.80,150,2896075
20221130,09:48:01,43342.00,275,2896075
20221130,09:48:03,43342.50,50,2896075
20221130,09:48:05,43342.50,25,2896075
20221130,09:48:06,43341.95,475,2896075
20221130,09:48:08,43340.00,175,2896075
20221130,09:48:09,43338.45,50,2896075
20221130,09:48:11,43335.00,150,2896075
20221130,09:48:13,43335.95,500,2896075
20221130,09:48:14,43331.00,25,2896075
20221130,09:48:16,43334.65,125,2896075
20221130,09:48:18,43334.35,175,2896075
20221130,09:48:19,43337.95,25,2896075
20221130,09:48:21,43338.00,450,2896075
20221130,09:48:22,43337.65,150,2896075
20221130,09:48:24,43340.60,75,2896075
20221130,09:48:26,43339.50,50,2896075
20221130,09:48:27,43339.05,75,2896075
20221130,09:48:29,43344.00,75,2896075
20221130,09:48:30,43344.90,50,2896075
20221130,09:48:33,43339.00,75,2896075
20221130,09:48:36,43339.95,75,2896075
20221130,09:48:40,43339.95,200,2896075
20221130,09:48:41,43340.00,50,2896075
20221130,09:48:43,43338.60,100,2896075
20221130,09:48:44,43335.00,350,2896075
20221130,09:48:46,43338.95,100,2896075
20221130,09:48:48,43339.15,75,2896075
20221130,09:48:49,43339.45,150,2896075
20221130,09:48:51,43339.10,400,2896075
20221130,09:48:52,43336.95,25,2896075
20221130,09:48:54,43334.50,200,2896075
20221130,09:48:55,43339.10,25,2896075
20221130,09:48:58,43340.00,100,2896075
20221130,09:49:00,43340.60,75,2896075
20221130,09:49:01,43339.10,150,2896075
20221130,09:49:03,43339.10,50,2896075
20221130,09:49:04,43343.45,175,2896075
20221130,09:49:06,43343.45,100,2896075
20221130,09:49:08,43340.50,175,2896075
20221130,09:49:09,43343.20,75,2896075
20221130,09:49:11,43340.50,75,2896075
20221130,09:49:12,43337.95,550,2896075
20221130,09:49:14,43336.00,75,2896075
20221130,09:49:15,43335.00,200,2896075
20221130,09:49:17,43340.45,25,2896075
20221130,09:49:21,43340.00,25,2896075
20221130,09:49:23,43340.45,50,2896075
20221130,09:49:24,43340.50,25,2896075
20221130,09:49:26,43343.15,75,2896075
20221130,09:49:28,43348.00,775,2896075
20221130,09:49:29,43349.30,50,2896075
20221130,09:49:31,43347.00,175,2896075
20221130,09:49:32,43341.95,100,2896075
20221130,09:49:38,43348.00,25,2896075
20221130,09:49:40,43342.80,50,2896075
20221130,09:49:42,43343.55,150,2896075
20221130,09:49:46,43343.10,100,2896075
20221130,09:49:48,43344.30,925,2896075
20221130,09:49:54,43347.40,100,2896075
20221130,09:49:56,43347.15,25,2896075
20221130,09:49:58,43347.80,25,2896075
20221130,09:49:59,43352.40,175,2896075
20221130,09:50:01,43348.45,25,2896075
20221130,09:50:03,43348.45,50,2896075
20221130,09:50:04,43346.75,2025,2896075
20221130,09:50:06,43347.60,50,2896075
20221130,09:50:09,43356.80,150,2896075
20221130,09:50:11,43352.55,75,2896075
20221130,09:50:13,43358.45,125,2896075
20221130,09:50:14,43352.05,175,2896075
20221130,09:50:16,43358.00,75,2896075
20221130,09:50:18,43358.20,75,2896075
20221130,09:50:19,43356.00,50,2896075
20221130,09:50:21,43351.80,125,2896075
20221130,09:50:22,43352.90,50,2896075
20221130,09:50:24,43355.95,25,2896075
20221130,09:50:26,43354.70,25,2896075
20221130,09:50:27,43357.10,375,2896075
20221130,09:50:29,43367.00,950,2896075
20221130,09:50:31,43360.00,150,2896075
20221130,09:50:32,43367.50,2050,2896075
20221130,09:50:34,43360.35,75,2896075
20221130,09:50:37,43358.00,225,2896375
20221130,09:50:39,43357.30,175,2896375
20221130,09:50:40,43358.00,75,2896375
20221130,09:50:42,43353.05,250,2896375
20221130,09:50:44,43355.95,25,2896375
20221130,09:50:45,43353.05,75,2896375
20221130,09:50:47,43352.00,100,2896375
20221130,09:50:49,43346.15,75,2896375
20221130,09:50:50,43346.15,25,2896375
20221130,09:50:52,43347.60,50,2896375
20221130,09:50:54,43345.90,450,2896375
20221130,09:50:57,43347.60,150,2896375
20221130,09:50:59,43348.30,25,2896375
20221130,09:51:00,43346.05,25,2896375
20221130,09:51:04,43345.40,1400,2896375
20221130,09:51:05,43341.05,250,2896375
20221130,09:51:07,43345.90,1025,2896375
20221130,09:51:09,43342.40,25,2896375
20221130,09:51:14,43340.45,200,2896375
20221130,09:51:17,43341.15,25,2896375
20221130,09:51:18,43340.45,25,2896375
20221130,09:51:20,43346.65,50,2896375
20221130,09:51:23,43340.00,250,2896375
20221130,09:51:25,43338.90,550,2896375
20221130,09:51:27,43333.00,725,2896375
20221130,09:51:28,43335.55,25,2896375
20221130,09:51:30,43332.00,25,2896375
20221130,09:51:32,43332.00,975,2896375
20221130,09:51:33,43331.25,150,2896375
20221130,09:51:35,43333.00,25,2896375
20221130,09:51:37,43334.80,50,2896375
20221130,09:51:40,43333.00,25,2896375
20221130,09:51:42,43334.80,25,2896375
20221130,09:51:43,43330.00,675,2896375
20221130,09:51:45,43327.00,150,2896375
20221130,09:51:46,43326.00,25,2896375
20221130,09:51:48,43325.00,150,2896375
20221130,09:51:50,43327.55,150,2896375
20221130,09:51:51,43327.60,75,2896375
20221130,09:51:53,43326.55,25,2896375
20221130,09:51:54,43325.00,75,2896375
20221130,09:51:56,43327.60,250,2896375
20221130,09:51:58,43329.55,200,2896375
20221130,09:51:59,43324.10,75,2896375
20221130,09:52:01,43327.05,100,2896375
20221130,09:52:02,43329.55,1225,2896375
20221130,09:52:04,43322.70,400,2896375
20221130,09:52:06,43324.90,275,2896375
20221130,09:52:07,43326.75,150,2896375
20221130,09:52:09,43325.80,25,2896375
20221130,09:52:11,43330.00,1125,2896375
20221130,09:52:12,43330.00,650,2896375
20221130,09:52:14,43326.05,150,2896375
20221130,09:52:16,43325.65,25,2896375
20221130,09:52:17,43328.85,125,2896375
20221130,09:52:19,43325.60,50,2896375
20221130,09:52:22,43324.45,925,2896375
20221130,09:52:24,43324.00,600,2896375
20221130,09:52:26,43325.00,50,2896375
20221130,09:52:29,43325.00,50,2896375
20221130,09:52:30,43322.50,675,2896375
20221130,09:52:32,43321.05,150,2896375
20221130,09:52:33,43321.00,50,2896375
20221130,09:52:35,43320.00,1025,2896375
20221130,09:52:37,43318.75,125,2896375
20221130,09:52:38,43322.50,25,2896375
20221130,09:52:40,43320.40,75,2896375
20221130,09:52:41,43322.85,150,2896375
20221130,09:52:43,43322.00,275,2896375
20221130,09:52:45,43322.35,50,2896375
20221130,09:52:46,43322.60,25,2896375
20221130,09:52:48,43329.45,1600,2896375
20221130,09:52:51,43326.10,75,2896375
20221130,09:52:53,43330.00,125,2896375
20221130,09:52:54,43330.00,125,2896375
20221130,09:52:56,43329.70,50,2896375
20221130,09:52:57,43329.90,825,2896375
20221130,09:52:59,43334.00,25,2896375
20221130,09:53:00,43334.00,125,2896375
20221130,09:53:02,43335.00,100,2896375
20221130,09:53:03,43331.70,650,2896375
20221130,09:53:05,43330.55,50,2896375
20221130,09:53:06,43327.25,650,2896375
20221130,09:53:08,43331.00,325,2896375
20221130,09:53:10,43335.00,225,2896375
20221130,09:53:11,43336.35,25,2896375
20221130,09:53:13,43332.65,350,2896375
20221130,09:53:16,43332.40,25,2896375
20221130,09:53:17,43341.00,75,2896375
20221130,09:53:19,43340.45,50,2896375
20221130,09:53:22,43330.35,1375,2896375
20221130,09:53:24,43330.00,1100,2896375
20221130,09:53:27,43331.55,1175,2896375
20221130,09:53:29,43330.80,50,2896375
20221130,09:53:30,43331.15,750,2896375
20221130,09:53:32,43340.00,900,2896375
20221130,09:53:33,43334.15,75,2896375
20221130,09:53:38,43340.00,75,2899375
20221130,09:53:40,43340.00,75,2899375
20221130,09:53:42,43340.00,300,2899375
20221130,09:53:43,43341.70,25,2899375
20221130,09:53:45,43340.85,25,2899375
20221130,09:53:46,43342.10,175,2899375
20221130,09:53:48,43333.25,150,2899375
20221130,09:53:50,43331.55,125,2899375
20221130,09:53:51,43337.75,100,2899375
20221130,09:53:53,43332.25,50,2899375
20221130,09:53:55,43337.95,25,2899375
20221130,09:53:56,43339.35,50,2899375
20221130,09:53:58,43332.60,25,2899375
20221130,09:54:00,43329.95,1325,2899375
20221130,09:54:01,43325.00,125,2899375
20221130,09:54:03,43321.10,225,2899375
20221130,09:54:05,43325.15,25,2899375
20221130,09:54:06,43321.60,100,2899375
20221130,09:54:08,43324.50,75,2899375
20221130,09:54:10,43325.60,575,2899375
20221130,09:54:11,43322.00,25,2899375
20221130,09:54:13,43324.95,50,2899375
20221130,09:54:14,43321.00,75,2899375
20221130,09:54:16,43321.00,75,2899375
20221130,09:54:18,43321.00,25,2899375
20221130,09:54:19,43321.00,75,2899375
20221130,09:54:21,43321.00,525,2899375
20221130,09:54:22,43320.00,675,2899375
20221130,09:54:24,43316.00,150,2899375
20221130,09:54:26,43315.00,75,2899375
20221130,09:54:28,43315.00,100,2899375
20221130,09:54:29,43320.00,300,2899375
20221130,09:54:31,43317.65,100,2899375
20221130,09:54:33,43320.00,550,2899375
20221130,09:54:34,43317.05,275,2899375
20221130,09:54:36,43316.00,375,2899375
20221130,09:54:37,43315.00,500,2899375
20221130,09:54:39,43315.00,200,2899375
20221130,09:54:41,43315.00,50,2899375
20221130,09:54:42,43315.00,300,2899375
20221130,09:54:44,43301.00,12225,2899375
20221130,09:54:46,43310.00,50,2899375
20221130,09:54:47,43317.95,200,2899375
20221130,09:54:49,43317.15,100,2899375
20221130,09:54:51,43315.05,225,2899375
20221130,09:54:52,43315.05,100,2899375
20221130,09:54:54,43310.00,50,2899375
20221130,09:54:56,43308.50,400,2899375
20221130,09:54:57,43310.00,225,2899375
20221130,09:54:59,43308.10,200,2899375
20221130,09:55:00,43310.15,100,2899375
20221130,09:55:02,43310.15,325,2899375
20221130,09:55:04,43310.10,150,2899375
20221130,09:55:05,43314.00,125,2899375
20221130,09:55:07,43319.80,350,2899375
20221130,09:55:09,43315.45,100,2899375
20221130,09:55:10,43315.05,125,2899375
20221130,09:55:12,43314.00,150,2899375
20221130,09:55:14,43314.00,300,2899375
20221130,09:55:15,43310.15,325,2899375
20221130,09:55:17,43309.95,200,2899375
20221130,09:55:18,43314.95,200,2899375
20221130,09:55:22,43311.85,125,2899375
20221130,09:55:23,43310.00,600,2899375
20221130,09:55:25,43310.80,125,2899375
20221130,09:55:27,43308.00,50,2899375
20221130,09:55:28,43308.00,100,2899375
20221130,09:55:30,43309.00,100,2899375
20221130,09:55:31,43313.05,225,2899375
20221130,09:55:33,43310.80,375,2899375
20221130,09:55:35,43310.80,25,2899375
20221130,09:55:36,43308.00,75,2899375
20221130,09:55:38,43309.25,75,2899375
20221130,09:55:39,43310.00,125,2899375
20221130,09:55:41,43309.65,25,2899375
20221130,09:55:43,43312.95,950,2899375
20221130,09:55:44,43303.50,900,2899375
20221130,09:55:46,43301.25,225,2899375
20221130,09:55:48,43301.05,325,2899375
20221130,09:55:49,43300.50,875,2899375
20221130,09:55:51,43302.20,600,2899375
20221130,09:55:53,43302.20,300,2899375
20221130,09:55:54,43300.80,175,2899375
20221130,09:55:56,43300.00,375,2899375
20221130,09:55:57,43300.00,175,2899375
20221130,09:55:59,43292.30,4050,2899375
20221130,09:56:01,43292.25,225,2899375
20221130,09:56:02,43295.15,375,2899375
20221130,09:56:04,43295.85,150,2899375
20221130,09:56:06,43295.60,675,2899375
20221130,09:56:07,43298.30,525,2899375
20221130,09:56:09,43301.05,1075,2899375
20221130,09:56:11,43302.75,175,2899375
20221130,09:56:12,43306.00,25,2899375
20221130,09:56:14,43306.75,175,2899375
20221130,09:56:16,43299.55,400,2899375
20221130,09:56:17,43300.00,275,2899375
20221130,09:56:19,43299.55,25,2899375
20221130,09:56:22,43305.00,75,2899375
20221130,09:56:24,43300.40,100,2899375
20221130,09:56:25,43309.25,1025,2899375
20221130,09:56:28,43308.30,50,2899375
20221130,09:56:30,43308.35,100,2899375
20221130,09:56:32,43305.00,25,2899375
20221130,09:56:33,43308.30,50,2899375
20221130,09:56:35,43305.05,550,2899375
20221130,09:56:37,43308.45,425,2899250
20221130,09:56:38,43308.65,200,2899250
20221130,09:56:40,43309.40,300,2899250
20221130,09:56:42,43313.55,300,2899250
20221130,09:56:43,43314.95,50,2899250
20221130,09:56:45,43310.10,125,2899250
20221130,09:56:47,43310.00,300,2899250
20221130,09:56:48,43308.30,825,2899250
20221130,09:56:50,43305.00,275,2899250
20221130,09:56:52,43310.00,25,2899250
20221130,09:56:53,43305.20,100,2899250
20221130,09:56:55,43313.55,50,2899250
20221130,09:56:56,43305.45,25,2899250
20221130,09:56:58,43306.20,25,2899250
20221130,09:57:00,43306.50,300,2899250
20221130,09:57:01,43308.15,225,2899250
20221130,09:57:03,43314.05,25,2899250
20221130,09:57:04,43314.95,75,2899250
20221130,09:57:06,43315.00,75,2899250
20221130,09:57:08,43310.15,250,2899250
20221130,09:57:09,43312.00,75,2899250
20221130,09:57:11,43315.00,200,2899250
20221130,09:57:14,43315.00,25,2899250
20221130,09:57:16,43317.50,150,2899250
20221130,09:57:18,43320.00,625,2899250
20221130,09:57:19,43320.00,50,2899250
20221130,09:57:21,43320.00,200,2899250
20221130,09:57:22,43318.30,25,2899250
20221130,09:57:24,43326.75,500,2899250
20221130,09:57:26,43329.00,150,2899250
20221130,09:57:27,43330.00,150,2899250
20221130,09:57:29,43330.00,25,2899250
20221130,09:57:31,43325.40,275,2899250
20221130,09:57:32,43329.55,50,2899250
20221130,09:57:34,43326.10,150,2899250
20221130,09:57:37,43324.50,25,2899250
20221130,09:57:39,43320.30,75,2899250
20221130,09:57:40,43326.70,200,2899250
20221130,09:57:42,43325.35,175,2899250
20221130,09:57:44,43325.15,150,2899250
20221130,09:57:45,43325.35,25,2899250
20221130,09:57:47,43326.40,25,2899250
20221130,09:57:48,43326.85,25,2899250
20221130,09:57:50,43326.00,50,2899250
20221130,09:57:52,43328.00,50,2899250
20221130,09:57:53,43326.85,50,2899250
20221130,09:57:55,43325.00,200,2899250
20221130,09:57:56,43328.30,75,2899250
20221130,09:57:58,43320.40,125,2899250
20221130,09:58:00,43320.00,75,2899250
20221130,09:58:01,43320.00,50,2899250
20221130,09:58:03,43324.00,200,2899250
20221130,09:58:05,43320.65,100,2899250
20221130,09:58:06,43322.35,125,2899250
20221130,09:58:08,43322.95,250,2899250
20221130,09:58:09,43320.00,100,2899250
20221130,09:58:11,43317.50,125,2899250
20221130,09:58:13,43323.85,50,2899250
20221130,09:58:14,43319.80,75,2899250
20221130,09:58:16,43322.30,25,2899250
20221130,09:58:17,43322.30,25,2899250
20221130,09:58:19,43322.15,75,2899250
20221130,09:58:22,43321.55,800,2899250
20221130,09:58:24,43321.40,100,2899250
20221130,09:58:25,43316.00,250,2899250
20221130,09:58:27,43320.00,50,2899250
20221130,09:58:33,43321.40,150,2899250
20221130,09:58:35,43321.40,25,2899250
20221130,09:58:38,43322.30,75,2899250
20221130,09:58:39,43324.40,150,2899250
20221130,09:58:41,43322.85,150,2899250
20221130,09:58:43,43329.00,50,2899250
20221130,09:58:46,43321.40,25,2899250
20221130,09:58:49,43329.00,25,2899250
20221130,09:58:54,43325.80,25,2899250
20221130,09:58:57,43327.95,50,2899250
20221130,09:58:59,43324.55,50,2899250
20221130,09:59:00,43327.95,50,2899250
20221130,09:59:02,43324.80,125,2899250
20221130,09:59:03,43329.15,325,2899250
20221130,09:59:05,43323.50,150,2899250
20221130,09:59:07,43322.85,100,2899250
20221130,09:59:08,43329.40,75,2899250
20221130,09:59:10,43322.85,25,2899250
20221130,09:59:11,43327.20,150,2899250
20221130,09:59:13,43329.00,25,2899250
20221130,09:59:14,43328.40,25,2899250
20221130,09:59:18,43328.40,25,2899250
20221130,09:59:21,43327.80,25,2899250
20221130,09:59:22,43323.00,925,2899250
20221130,09:59:24,43328.40,100,2899250
20221130,09:59:27,43328.20,25,2899250
20221130,09:59:31,43324.90,100,2899250
20221130,09:59:36,43328.95,100,2899250
20221130,09:59:40,43327.80,50,2900700
20221130,09:59:42,43328.95,25,2900700
20221130,09:59:43,43328.95,125,2900700
20221130,09:59:46,43329.00,75,2900700
20221130,09:59:50,43333.50,800,2900700
20221130,09:59:52,43333.50,50,2900700
20221130,09:59:53,43335.00,175,2900700
20221130,09:59:55,43335.00,75,2900700
20221130,09:59:56,43333.60,50,2900700
20221130,09:59:58,43335.00,200,2900700
20221130,09:59:59,43333.50,100,2900700
20221130,10:00:01,43333.50,1100,2900700
20221130,10:00:03,43328.50,225,2900700
20221130,10:00:04,43336.85,100,2900700
20221130,10:00:06,43338.00,300,2900700
20221130,10:00:07,43335.75,250,2900700
20221130,10:00:09,43326.15,925,2900700
20221130,10:00:10,43332.50,225,2900700
20221130,10:00:12,43332.30,200,2900700
20221130,10:00:14,43331.65,100,2900700
20221130,10:00:15,43331.80,25,2900700
20221130,10:00:17,43326.80,100,2900700
20221130,10:00:20,43328.15,50,2900700
20221130,10:00:21,43332.30,175,2900700
20221130,10:00:23,43332.30,50,2900700
20221130,10:00:24,43333.90,250,2900700
20221130,10:00:26,43334.95,125,2900700
20221130,10:00:27,43334.95,400,2900700
20221130,10:00:29,43333.90,100,2900700
20221130,10:00:30,43333.90,350,2900700
20221130,10:00:32,43335.00,75,2900700
20221130,10:00:33,43327.00,125,2900700
20221130,10:00:36,43328.00,25,2900700
20221130,10:00:38,43332.05,175,2900700
20221130,10:00:39,43332.05,50,2900700
20221130,10:00:45,43328.85,75,2900700
20221130,10:00:47,43330.35,50,2900700
20221130,10:00:48,43329.90,50,2900700
20221130,10:00:51,43325.00,25,2900700
20221130,10:00:53,43325.00,50,2900700
20221130,10:00:54,43325.00,225,2900700
20221130,10:00:56,43323.00,75,2900700
20221130,10:00:57,43322.00,125,2900700
20221130,10:00:59,43317.65,200,2900700
20221130,10:01:00,43316.00,200,2900700
20221130,10:01:02,43317.30,50,2900700
20221130,10:01:04,43316.00,25,2900700
20221130,10:01:05,43315.00,125,2900700
20221130,10:01:07,43316.90,75,2900700
20221130,10:01:08,43319.95,50,2900700
20221130,10:01:10,43320.00,175,2900700
20221130,10:01:11,43315.00,25,2900700
20221130,10:01:13,43315.00,50,2900700
20221130,10:01:14,43317.00,100,2900700
20221130,10:01:16,43315.90,1175,2900700
20221130,10:01:17,43312.50,25,2900700
20221130,10:01:19,43315.00,25,2900700
20221130,10:01:20,43315.90,100,2900700
20221130,10:01:22,43319.00,325,2900700
20221130,10:01:24,43314.20,50,2900700
20221130,10:01:25,43319.05,175,2900700
20221130,10:01:27,43312.50,25,2900700
20221130,10:01:30,43319.95,125,2900700
20221130,10:01:32,43318.00,100,2900700
20221130,10:01:33,43320.00,25,2900700
20221130,10:01:35,43317.05,25,2900700
20221130,10:01:36,43317.20,25,2900700
20221130,10:01:39,43317.00,25,2900700
20221130,10:01:41,43316.15,50,2900700
20221130,10:01:45,43315.00,25,2900700
20221130,10:01:47,43316.30,25,2900700
20221130,10:01:49,43315.00,25,2900700
20221130,10:01:52,43315.00,25,2900700
20221130,10:01:53,43315.00,25,2900700
20221130,10:01:54,43316.30,25,2900700
20221130,10:01:56,43315.00,75,2900700
20221130,10:01:58,43319.10,100,2900700
20221130,10:01:59,43314.20,25,2900700
20221130,10:02:01,43315.00,300,2900700
20221130,10:02:02,43315.25,75,2900700
20221130,10:02:04,43320.00,100,2900700
20221130,10:02:05,43328.75,200,2900700
20221130,10:02:07,43326.00,50,2900700
20221130,10:02:09,43323.40,75,2900700
20221130,10:02:10,43321.25,275,2900700
20221130,10:02:12,43323.35,100,2900700
20221130,10:02:13,43324.40,50,2900700
20221130,10:02:15,43327.75,150,2900700
20221130,10:02:17,43328.90,225,2900700
20221130,10:02:18,43328.75,50,2900700
20221130,10:02:20,43330.00,325,2900700
20221130,10:02:21,43330.95,125,2900700
20221130,10:02:23,43336.25,375,2900700
20221130,10:02:25,43338.00,100,2900700
20221130,10:02:26,43339.00,150,2900700
20221130,10:02:28,43335.40,225,2900700
20221130,10:02:30,43344.85,1150,2900700
20221130,10:02:31,43342.40,375,2900700
20221130,10:02:33,43349.25,300,2900700
20221130,10:02:35,43345.60,375,2900700
20221130,10:02:36,43350.00,75,2900700
20221130,10:02:38,43346.30,150,2901650
20221130,10:02:39,43350.65,525,2901650
20221130,10:02:41,43342.65,75,2901650
20221130,10:02:43,43351.90,250,2901650
20221130,10:02:44,43349.75,250,2901650
20221130,10:02:46,43353.95,850,2901650
20221130,10:02:47,43351.90,1250,2901650
20221130,10:02:49,43348.00,75,2901650
20221130,10:02:50,43348.70,275,2901650
20221130,10:02:52,43347.05,175,2901650
20221130,10:02:54,43350.00,525,2901650
20221130,10:02:55,43345.55,75,2901650
20221130,10:02:57,43354.55,750,2901650
20221130,10:03:00,43346.00,50,2901650
20221130,10:03:01,43350.20,175,2901650
20221130,10:03:03,43347.05,150,2901650
20221130,10:03:04,43347.25,225,2901650
20221130,10:03:06,43349.95,125,2901650
20221130,10:03:08,43350.00,375,2901650
20221130,10:03:09,43351.00,50,2901650
20221130,10:03:11,43353.10,450,2901650
20221130,10:03:12,43353.10,200,2901650
20221130,10:03:15,43350.00,100,2901650
20221130,10:03:17,43350.35,400,2901650
20221130,10:03:19,43350.10,50,2901650
20221130,10:03:22,43350.00,50,2901650
20221130,10:03:24,43350.00,50,2901650
20221130,10:03:27,43348.95,100,2901650
20221130,10:03:29,43343.05,25,2901650
20221130,10:03:35,43342.00,75,2901650
20221130,10:03:37,43339.20,200,2901650
20221130,10:03:38,43335.95,425,2901650
20221130,10:03:40,43335.80,25,2901650
20221130,10:03:42,43335.75,75,2901650
20221130,10:03:43,43325.75,800,2901650
20221130,10:03:45,43325.05,525,2901650
20221130,10:03:47,43323.90,25,2901650
20221130,10:03:48,43326.95,100,2901650
20221130,10:03:50,43326.50,75,2901650
20221130,10:03:52,43323.35,200,2901650
20221130,10:03:53,43324.20,25,2901650
20221130,10:03:55,43327.25,25,2901650
20221130,10:03:57,43328.65,350,2901650
20221130,10:03:58,43329.40,25,2901650
20221130,10:04:00,43327.25,25,2901650
20221130,10:04:02,43328.65,25,2901650
20221130,10:04:03,43324.35,50,2901650
20221130,10:04:05,43323.00,100,2901650
20221130,10:04:07,43335.00,75,2901650
20221130,10:04:08,43336.15,50,2901650
20221130,10:04:10,43330.75,50,2901650
20221130,10:04:16,43339.25,100,2901650
20221130,10:04:18,43331.60,25,2901650
20221130,10:04:20,43331.85,550,2901650
20221130,10:04:23,43334.25,25,2901650
20221130,10:04:25,43338.00,75,2901650
20221130,10:04:29,43332.55,200,2901650
20221130,10:04:31,43332.50,50,2901650
20221130,10:04:33,43332.20,125,2901650
20221130,10:04:34,43338.25,50,2901650
20221130,10:04:36,43335.00,100,2901650
20221130,10:04:38,43335.00,75,2901650
20221130,10:04:39,43331.20,200,2901650
20221130,10:04:42,43337.95,25,2901650
20221130,10:04:44,43335.00,50,2901650
20221130,10:04:47,43331.20,100,2901650
20221130,10:04:49,43333.15,25,2901650
20221130,10:04:50,43330.00,175,2901650
20221130,10:04:53,43326.40,100,2901650
20221130,10:04:55,43326.65,50,2901650
20221130,10:04:58,43325.35,25,2901650
20221130,10:05:00,43328.45,25,2901650
20221130,10:05:03,43325.35,25,2901650
20221130,10:05:04,43327.95,50,2901650
20221130,10:05:06,43325.00,25,2901650
20221130,10:05:09,43326.05,75,2901650
20221130,10:05:11,43330.00,50,2901650
20221130,10:05:12,43326.45,50,2901650
20221130,10:05:23,43326.75,25,2901650
20221130,10:05:25,43330.00,25,2901650
20221130,10:05:31,43329.60,50,2901650
20221130,10:05:33,43329.05,50,2901650
20221130,10:05:35,43329.15,25,2901650
20221130,10:05:36,43335.65,100,2901650
20221130,10:05:40,43336.75,25,2904650
20221130,10:05:45,43335.90,25,2904650
20221130,10:05:49,43335.40,25,2904650
20221130,10:05:52,43335.60,25,2904650
20221130,10:05:55,43334.50,25,2904650
20221130,10:05:57,43334.90,25,2904650
20221130,10:06:00,43330.05,25,2904650
20221130,10:06:04,43332.60,25,2904650
20221130,10:06:09,43338.00,25,2904650
20221130,10:06:13,43338.50,75,2904650
20221130,10:06:14,43338.50,75,2904650
20221130,10:06:18,43338.00,25,2904650
20221130,10:06:19,43336.10,25,2904650
20221130,10:06:21,43340.00,250,2904650
20221130,10:06:22,43339.00,25,2904650
20221130,10:06:24,43344.25,400,2904650
20221130,10:06:27,43343.95,25,2904650
20221130,10:06:29,43343.45,50,2904650
20221130,10:06:31,43343.60,25,2904650
20221130,10:06:42,43344.35,175,2904650
20221130,10:06:45,43345.55,275,2904650
20221130,10:06:48,43344.00,25,2904650
20221130,10:06:50,43345.15,100,2904650
20221130,10:06:51,43344.45,25,2904650
20221130,10:06:53,43338.00,100,2904650
20221130,10:06:55,43339.70,75,2904650
20221130,10:07:00,43335.00,50,2904650
20221130,10:07:01,43335.40,25,2904650
20221130,10:07:03,43341.25,100,2904650
20221130,10:07:05,43339.95,25,2904650
20221130,10:07:06,43342.45,25,2904650
20221130,10:07:10,43339.70,25,2904650
20221130,10:07:13,43335.05,925,2904650
20221130,10:07:15,43337.85,75,2904650
20221130,10:07:16,43338.10,50,2904650
20221130,10:07:18,43334.10,200,2904650
20221130,10:07:19,43338.90,50,2904650
20221130,10:07:22,43338.55,250,2904650
20221130,10:07:24,43334.00,50,2904650
20221130,10:07:26,43338.10,75,2904650
20221130,10:07:29,43334.00,25,2904650
20221130,10:07:32,43333.00,25,2904650
20221130,10:07:34,43336.85,225,2904650
20221130,10:07:36,43332.00,675,2904650
20221130,10:07:39,43334.60,25,2904650
20221130,10:07:42,43334.00,50,2904650
20221130,10:07:45,43331.30,25,2904650
20221130,10:07:47,43331.30,75,2904650
20221130,10:07:50,43331.00,25,2904650
20221130,10:07:56,43334.00,50,2904650
20221130,10:07:58,43331.00,25,2904650
20221130,10:08:00,43331.00,25,2904650
20221130,10:08:03,43330.00,125,2904650
20221130,10:08:04,43331.05,125,2904650
20221130,10:08:06,43330.00,25,2904650
20221130,10:08:08,43332.70,50,2904650
20221130,10:08:09,43334.00,75,2904650
20221130,10:08:12,43334.00,50,2904650
20221130,10:08:14,43330.00,50,2904650
20221130,10:08:15,43332.20,25,2904650
20221130,10:08:19,43333.00,25,2904650
20221130,10:08:25,43329.20,500,2904650
20221130,10:08:27,43330.00,100,2904650
20221130,10:08:30,43325.00,100,2904650
20221130,10:08:32,43326.90,50,2904650
20221130,10:08:33,43326.90,50,2904650
20221130,10:08:35,43328.75,75,2904650
20221130,10:08:40,43325.00,100,2904050
20221130,10:08:41,43326.00,25,2904050
20221130,10:08:43,43325.00,75,2904050
20221130,10:08:48,43326.00,25,2904050
20221130,10:08:49,43328.35,200,2904050
20221130,10:08:51,43326.50,25,2904050
20221130,10:08:54,43325.00,25,2904050
20221130,10:08:57,43325.00,100,2904050
20221130,10:09:01,43328.35,100,2904050
20221130,10:09:02,43325.00,75,2904050
20221130,10:09:04,43325.00,575,2904050
20221130,10:09:05,43325.00,225,2904050
20221130,10:09:07,43329.95,50,2904050
20221130,10:09:09,43331.90,300,2904050
20221130,10:09:12,43329.35,25,2904050
20221130,10:09:13,43330.35,100,2904050
20221130,10:09:15,43330.00,25,2904050
20221130,10:09:17,43329.35,25,2904050
20221130,10:09:18,43331.30,25,2904050
20221130,10:09:20,43328.00,600,2904050
20221130,10:09:23,43322.15,75,2904050
20221130,10:09:24,43322.00,150,2904050
20221130,10:09:26,43322.75,75,2904050
20221130,10:09:28,43322.90,200,2904050
20221130,10:09:29,43321.80,50,2904050
20221130,10:09:31,43326.00,250,2904050
20221130,10:09:34,43326.00,50,2904050
20221130,10:09:36,43326.00,175,2904050
20221130,10:09:37,43322.30,150,2904050
20221130,10:09:39,43322.20,100,2904050
20221130,10:09:40,43322.55,75,2904050
20221130,10:09:42,43321.95,100,2904050
20221130,10:09:43,43321.50,25,2904050
20221130,10:09:45,43326.30,25,2904050
20221130,10:09:47,43328.10,25,2904050
20221130,10:09:48,43323.75,200,2904050
20221130,10:09:50,43328.10,50,2904050
20221130,10:10:01,43324.55,25,2904050
20221130,10:10:04,43330.00,200,2904050
20221130,10:10:06,43328.05,50,2904050
20221130,10:10:07,43326.75,50,2904050
20221130,10:10:09,43329.45,50,2904050
20221130,10:10:17,43326.15,25,2904050
20221130,10:10:20,43331.25,200,2904050
20221130,10:10:21,43328.00,50,2904050
20221130,10:10:25,43330.60,25,2904050
20221130,10:10:26,43323.25,25,2904050
20221130,10:10:28,43323.70,250,2904050
20221130,10:10:31,43328.15,100,2904050
20221130,10:10:35,43331.55,175,2904050
20221130,10:10:36,43331.80,25,2904050
20221130,10:10:38,43326.35,25,2904050
20221130,10:10:43,43323.70,25,2904050
20221130,10:10:45,43328.60,50,2904050
20221130,10:10:51,43322.65,25,2904050
20221130,10:10:53,43323.50,25,2904050
20221130,10:10:54,43325.30,25,2904050
20221130,10:10:59,43325.00,25,2904050
20221130,10:11:02,43323.00,250,2904050
20221130,10:11:03,43323.85,25,2904050
20221130,10:11:10,43327.00,500,2904050
20221130,10:11:11,43325.00,50,2904050
20221130,10:11:13,43325.55,75,2904050
20221130,10:11:15,43325.50,100,2904050
20221130,10:11:16,43323.75,50,2904050
20221130,10:11:19,43323.75,25,2904050
20221130,10:11:21,43322.50,25,2904050
20221130,10:11:23,43322.50,50,2904050
20221130,10:11:24,43324.00,450,2904050
20221130,10:11:26,43320.90,100,2904050
20221130,10:11:27,43319.00,100,2904050
20221130,10:11:29,43315.10,50,2904050
20221130,10:11:31,43319.55,450,2904050
20221130,10:11:34,43319.85,100,2904050
20221130,10:11:35,43320.00,125,2904050
20221130,10:11:37,43323.20,100,2904050
20221130,10:11:40,43322.60,25,2904200
20221130,10:11:42,43323.20,25,2904200
20221130,10:11:47,43325.00,75,2904200
20221130,10:11:50,43330.00,50,2904200
20221130,10:11:52,43327.10,50,2904200
20221130,10:11:53,43331.00,125,2904200
20221130,10:11:56,43325.25,25,2904200
20221130,10:12:01,43330.05,50,2904200
20221130,10:12:05,43330.00,125,2904200
20221130,10:12:06,43330.45,25,2904200
20221130,10:12:08,43330.70,125,2904200
20221130,10:12:10,43331.00,550,2904200
20221130,10:12:13,43330.00,75,2904200
20221130,10:12:14,43330.00,25,2904200
20221130,10:12:16,43331.75,100,2904200
20221130,10:12:17,43330.00,25,2904200
20221130,10:12:20,43325.15,25,2904200
20221130,10:12:22,43331.85,25,2904200
20221130,10:12:24,43325.15,100,2904200
20221130,10:12:28,43329.95,25,2904200
20221130,10:12:30,43330.15,25,2904200
20221130,10:12:43,43331.10,25,2904200
20221130,10:12:46,43332.00,25,2904200
20221130,10:12:50,43332.00,50,2904200
20221130,10:12:51,43335.00,25,2904200
20221130,10:12:56,43338.00,50,2904200
20221130,10:12:58,43339.60,75,2904200
20221130,10:13:01,43337.55,25,2904200
20221130,10:13:03,43340.00,150,2904200
20221130,10:13:04,43340.00,50,2904200
20221130,10:13:09,43338.75,25,2904200
20221130,10:13:11,43339.50,25,2904200
20221130,10:13:12,43337.15,25,2904200
20221130,10:13:16,43336.50,175,2904200
20221130,10:13:17,43337.85,25,2904200
20221130,10:13:19,43339.55,100,2904200
20221130,10:13:21,43340.00,150,2904200
20221130,10:13:22,43339.30,75,2904200
20221130,10:13:25,43335.45,250,2904200
20221130,10:13:29,43341.25,75,2904200
20221130,10:13:30,43341.75,100,2904200
20221130,10:13:32,43342.65,50,2904200
20221130,10:13:34,43340.40,75,2904200
20221130,10:13:40,43338.20,50,2904200
20221130,10:13:42,43338.70,50,2904200
20221130,10:13:45,43338.20,50,2904200
20221130,10:13:50,43339.30,100,2904200
20221130,10:13:53,43333.55,25,2904200
20221130,10:13:55,43333.15,25,2904200
20221130,10:13:58,43331.80,25,2904200
20221130,10:14:04,43337.40,25,2904200
20221130,10:14:06,43339.00,50,2904200
20221130,10:14:08,43339.00,25,2904200
20221130,10:14:11,43333.55,25,2904200
20221130,10:14:12,43334.65,75,2904200
20221130,10:14:14,43337.95,75,2904200
20221130,10:14:19,43338.20,125,2904200
20221130,10:14:22,43331.00,25,2904200
20221130,10:14:24,43338.20,25,2904200
20221130,10:14:27,43331.00,100,2904200
20221130,10:14:35,43335.20,50,2904200
20221130,10:14:37,43330.15,25,2904200
20221130,10:14:38,43330.00,25,2904200
20221130,10:14:40,43330.00,150,2903450
20221130,10:14:42,43326.15,25,2903450
20221130,10:14:49,43329.95,25,2903450
20221130,10:14:52,43329.95,150,2903450
20221130,10:14:54,43330.00,50,2903450
20221130,10:14:57,43327.20,250,2903450
20221130,10:15:01,43329.80,50,2903450
20221130,10:15:02,43330.00,1950,2903450
20221130,10:15:04,43326.40,100,2903450
20221130,10:15:06,43328.25,175,2903450
20221130,10:15:09,43326.25,25,2903450
20221130,10:15:10,43325.00,50,2903450
20221130,10:15:12,43322.00,100,2903450
20221130,10:15:13,43325.00,50,2903450
20221130,10:15:15,43325.65,50,2903450
20221130,10:15:17,43326.50,900,2903450
20221130,10:15:18,43320.55,525,2903450
20221130,10:15:20,43320.00,150,2903450
20221130,10:15:23,43320.35,25,2903450
20221130,10:15:26,43326.50,25,2903450
20221130,10:15:31,43326.00,100,2903450
20221130,10:15:34,43325.60,25,2903450
20221130,10:15:36,43325.00,25,2903450
20221130,10:15:41,43327.85,25,2903450
20221130,10:15:42,43330.00,900,2903450
20221130,10:15:47,43325.00,75,2903450
20221130,10:15:48,43328.00,125,2903450
20221130,10:15:52,43326.60,50,2903450
20221130,10:15:53,43326.60,25,2903450
20221130,10:15:56,43326.60,25,2903450
20221130,10:15:57,43325.00,750,2903450
20221130,10:15:59,43324.95,25,2903450
20221130,10:16:01,43325.00,25,2903450
20221130,10:16:02,43324.35,25,2903450
20221130,10:16:05,43324.35,50,2903450
20221130,10:16:07,43320.00,25,2903450
20221130,10:16:08,43324.35,25,2903450
20221130,10:16:10,43317.35,525,2903450
20221130,10:16:12,43319.20,25,2903450
20221130,10:16:13,43319.20,50,2903450
20221130,10:16:17,43319.20,25,2903450
20221130,10:16:20,43316.50,100,2903450
20221130,10:16:21,43319.20,50,2903450
20221130,10:16:25,43315.40,75,2903450
20221130,10:16:26,43318.75,50,2903450
20221130,10:16:34,43315.00,25,2903450
20221130,10:16:37,43315.00,50,2903450
20221130,10:16:41,43318.45,25,2903450
20221130,10:16:42,43316.00,50,2903450
20221130,10:16:44,43319.20,25,2903450
20221130,10:16:45,43320.00,75,2903450
20221130,10:16:47,43321.25,200,2903450
20221130,10:16:48,43315.55,100,2903450
20221130,10:16:50,43320.00,50,2903450
20221130,10:16:51,43315.10,25,2903450
20221130,10:16:53,43315.60,50,2903450
20221130,10:16:56,43315.70,75,2903450
20221130,10:16:58,43320.00,175,2903450
20221130,10:17:01,43320.40,25,2903450
20221130,10:17:12,43320.10,75,2903450
20221130,10:17:18,43319.95,25,2903450
20221130,10:17:25,43319.90,25,2903450
20221130,10:17:31,43318.00,25,2903450
20221130,10:17:33,43318.00,25,2903450
20221130,10:17:35,43316.00,75,2903450
20221130,10:17:36,43315.15,25,2903450
20221130,10:17:38,43316.75,175,2903450
20221130,10:17:39,43315.00,525,2903450
20221130,10:17:41,43313.50,75,2906475
20221130,10:17:44,43312.50,100,2906475
20221130,10:17:46,43311.00,325,2906475
20221130,10:17:49,43307.00,1275,2906475
20221130,10:17:51,43305.00,75,2906475
20221130,10:17:53,43307.60,275,2906475
20221130,10:17:54,43302.20,150,2906475
20221130,10:17:56,43304.20,300,2906475
20221130,10:17:58,43305.00,200,2906475
20221130,10:17:59,43301.50,25,2906475
20221130,10:18:01,43301.00,600,2906475
20221130,10:18:03,43305.90,150,2906475
20221130,10:18:04,43304.35,550,2906475
20221130,10:18:06,43304.50,75,2906475
20221130,10:18:07,43311.50,25,2906475
20221130,10:18:09,43312.55,75,2906475
20221130,10:18:11,43312.55,850,2906475
20221130,10:18:16,43311.50,25,2906475
20221130,10:18:17,43314.45,50,2906475
20221130,10:18:20,43312.70,75,2906475
20221130,10:18:25,43305.00,50,2906475
20221130,10:18:28,43305.00,50,2906475
20221130,10:18:30,43307.60,50,2906475
20221130,10:18:32,43305.00,50,2906475
20221130,10:18:35,43307.60,50,2906475
20221130,10:18:36,43305.00,100,2906475
20221130,10:18:38,43308.35,100,2906475
20221130,10:18:40,43304.20,75,2906475
20221130,10:18:41,43304.00,25,2906475
20221130,10:18:43,43305.00,25,2906475
20221130,10:18:44,43302.00,75,2906475
20221130,10:18:46,43303.55,25,2906475
20221130,10:18:48,43309.95,200,2906475
20221130,10:18:50,43310.00,75,2906475
20221130,10:18:53,43305.15,125,2906475
20221130,10:18:54,43305.50,25,2906475
20221130,10:18:58,43305.00,75,2906475
20221130,10:18:59,43307.85,75,2906475
20221130,10:19:01,43305.00,100,2906475
20221130,10:19:02,43305.00,375,2906475
20221130,10:19:04,43305.85,225,2906475
20221130,10:19:06,43302.00,75,2906475
20221130,10:19:07,43306.00,100,2906475
20221130,10:19:09,43302.00,50,2906475
20221130,10:19:10,43305.00,75,2906475
20221130,10:19:12,43301.00,3125,2906475
20221130,10:19:14,43303.85,125,2906475
20221130,10:19:15,43301.00,75,2906475
20221130,10:19:17,43300.05,50,2906475
20221130,10:19:18,43299.20,25,2906475
20221130,10:19:20,43295.90,275,2906475
20221130,10:19:21,43298.05,175,2906475
20221130,10:19:23,43300.00,225,2906475
20221130,10:19:25,43299.25,100,2906475
20221130,10:19:26,43307.00,225,2906475
20221130,10:19:28,43301.95,25,2906475
20221130,10:19:30,43305.00,100,2906475
20221130,10:19:31,43300.85,25,2906475
20221130,10:19:34,43303.20,100,2906475
20221130,10:19:37,43303.20,25,2906475
20221130,10:19:39,43302.60,100,2906475
20221130,10:19:41,43300.85,50,2906475
20221130,10:19:42,43303.00,100,2906475
20221130,10:19:44,43300.85,75,2906475
20221130,10:19:45,43300.00,125,2906475
20221130,10:19:47,43300.00,25,2906475
20221130,10:19:50,43298.75,100,2906475
20221130,10:19:53,43298.00,50,2906475
20221130,10:19:54,43297.15,125,2906475
20221130,10:19:56,43298.15,25,2906475
20221130,10:19:57,43298.15,175,2906475
20221130,10:20:00,43297.15,50,2906475
20221130,10:20:02,43297.20,100,2906475
20221130,10:20:03,43299.00,150,2906475
20221130,10:20:05,43300.00,275,2906475
20221130,10:20:06,43300.50,100,2906475
20221130,10:20:07,43299.75,25,2906475
20221130,10:20:09,43299.75,125,2906475
20221130,10:20:10,43302.15,100,2906475
20221130,10:20:14,43304.00,50,2906475
20221130,10:20:15,43301.85,150,2906475
20221130,10:20:17,43305.00,50,2906475
20221130,10:20:20,43305.00,25,2906475
20221130,10:20:21,43306.00,200,2906475
20221130,10:20:23,43306.75,100,2906475
20221130,10:20:24,43306.00,125,2906475
20221130,10:20:26,43306.55,225,2906475
20221130,10:20:29,43305.00,200,2906475
20221130,10:20:30,43303.00,125,2906475
20221130,10:20:32,43301.50,25,2906475
20221130,10:20:33,43303.00,75,2906475
20221130,10:20:35,43302.95,125,2906475
20221130,10:20:38,43306.00,100,2906475
20221130,10:20:41,43306.95,50,2904800
20221130,10:20:44,43302.70,25,2904800
20221130,10:20:46,43307.00,50,2904800
20221130,10:20:47,43305.00,50,2904800
20221130,10:20:49,43308.00,100,2904800
20221130,10:20:50,43308.95,50,2904800
20221130,10:20:52,43305.00,100,2904800
20221130,10:20:55,43309.80,50,2904800
20221130,10:20:57,43305.80,575,2904800
20221130,10:20:58,43307.25,100,2904800
20221130,10:21:01,43307.65,25,2904800
20221130,10:21:03,43306.55,50,2904800
20221130,10:21:04,43310.00,275,2904800
20221130,10:21:06,43305.00,50,2904800
20221130,10:21:07,43303.90,25,2904800
20221130,10:21:09,43303.80,50,2904800
20221130,10:21:10,43304.50,25,2904800
20221130,10:21:12,43303.55,25,2904800
20221130,10:21:13,43303.85,25,2904800
20221130,10:21:15,43304.30,75,2904800
20221130,10:21:16,43305.80,50,2904800
20221130,10:21:18,43309.95,125,2904800
20221130,10:21:19,43305.00,325,2904800
20221130,10:21:22,43301.00,200,2904800
20221130,10:21:24,43301.00,25,2904800
20221130,10:21:25,43300.00,300,2904800
20221130,10:21:29,43299.90,50,2904800
20221130,10:21:30,43303.95,50,2904800
20221130,10:21:32,43300.00,50,2904800
20221130,10:21:34,43301.40,25,2904800
20221130,10:21:37,43299.35,50,2904800
20221130,10:21:39,43300.90,50,2904800
20221130,10:21:42,43303.95,100,2904800
20221130,10:21:44,43300.00,100,2904800
20221130,10:21:45,43300.00,225,2904800
20221130,10:21:47,43300.90,25,2904800
20221130,10:21:49,43300.90,100,2904800
20221130,10:21:50,43300.80,25,2904800
20221130,10:21:52,43301.05,125,2904800
20221130,10:21:54,43307.95,325,2904800
20221130,10:22:02,43300.30,50,2904800
20221130,10:22:03,43305.00,75,2904800
20221130,10:22:05,43303.40,75,2904800
20221130,10:22:07,43303.20,25,2904800
20221130,10:22:10,43304.10,25,2904800
20221130,10:22:12,43305.00,50,2904800
20221130,10:22:13,43305.00,100,2904800
20221130,10:22:15,43300.05,900,2904800
20221130,10:22:18,43301.00,25,2904800
20221130,10:22:20,43301.45,75,2904800
20221130,10:22:21,43301.00,25,2904800
20221130,10:22:23,43302.95,100,2904800
20221130,10:22:24,43300.00,50,2904800
20221130,10:22:26,43296.00,775,2904800
20221130,10:22:28,43283.10,8075,2904800
20221130,10:22:29,43285.70,75,2904800
20221130,10:22:31,43289.65,575,2904800
20221130,10:22:33,43289.05,50,2904800
20221130,10:22:34,43291.95,125,2904800
20221130,10:22:38,43292.25,150,2904800
20221130,10:22:39,43296.50,25,2904800
20221130,10:22:41,43296.55,25,2904800
20221130,10:22:43,43297.15,25,2904800
20221130,10:22:44,43296.55,250,2904800
20221130,10:22:46,43296.00,50,2904800
20221130,10:22:48,43297.00,50,2904800
20221130,10:22:49,43294.95,75,2904800
20221130,10:22:52,43295.00,100,2904800
20221130,10:22:56,43293.50,50,2904800
20221130,10:22:57,43291.05,100,2904800
20221130,10:22:59,43291.65,100,2904800
20221130,10:23:01,43293.60,75,2904800
20221130,10:23:02,43292.05,175,2904800
20221130,10:23:04,43291.30,25,2904800
20221130,10:23:05,43290.95,25,2904800
20221130,10:23:07,43290.70,125,2904800
20221130,10:23:09,43289.80,175,2904800
20221130,10:23:11,43290.75,125,2904800
20221130,10:23:12,43291.30,100,2904800
20221130,10:23:14,43290.70,50,2904800
20221130,10:23:15,43287.60,75,2904800
20221130,10:23:17,43288.55,375,2904800
20221130,10:23:19,43293.55,100,2904800
20221130,10:23:20,43294.10,50,2904800
20221130,10:23:23,43295.95,25,2904800
20221130,10:23:25,43291.95,450,2904800
20221130,10:23:28,43295.00,50,2904800
20221130,10:23:30,43297.00,75,2904800
20221130,10:23:31,43295.45,75,2904800
20221130,10:23:33,43306.45,300,2904800
20221130,10:23:39,43301.75,25,2904800
20221130,10:23:41,43300.40,275,2905975
20221130,10:23:43,43306.45,125,2905975
20221130,10:23:44,43300.15,250,2905975
20221130,10:23:46,43300.15,650,2905975
20221130,10:23:49,43302.10,25,2905975
20221130,10:23:52,43299.95,25,2905975
20221130,10:23:55,43299.85,50,2905975
20221130,10:23:57,43300.20,125,2905975
20221130,10:23:58,43301.35,50,2905975
20221130,10:24:00,43303.10,100,2905975
20221130,10:24:02,43302.60,100,2905975
20221130,10:24:03,43304.15,200,2905975
20221130,10:24:05,43305.00,150,2905975
20221130,10:24:06,43302.60,100,2905975
20221130,10:24:08,43302.60,25,2905975
20221130,10:24:10,43300.00,50,2905975
20221130,10:24:11,43300.00,325,2905975
20221130,10:24:13,43301.20,275,2905975
20221130,10:24:18,43303.65,25,2905975
20221130,10:24:19,43309.85,375,2905975
20221130,10:24:21,43308.00,50,2905975
20221130,10:24:24,43300.10,150,2905975
20221130,10:24:31,43300.70,25,2905975
20221130,10:24:35,43303.00,75,2905975
20221130,10:24:42,43303.00,25,2905975
20221130,10:24:45,43303.00,50,2905975
20221130,10:24:46,43305.00,100,2905975
20221130,10:24:48,43305.00,25,2905975
20221130,10:24:52,43304.80,125,2905975
20221130,10:24:56,43303.65,25,2905975
20221130,10:24:57,43296.45,200,2905975
20221130,10:24:59,43296.75,25,2905975
20221130,10:25:00,43296.40,100,2905975
20221130,10:25:02,43296.10,75,2905975
20221130,10:25:04,43300.00,50,2905975
20221130,10:25:05,43303.00,50,2905975
20221130,10:25:07,43305.00,25,2905975
20221130,10:25:10,43300.25,25,2905975
20221130,10:25:17,43305.05,75,2905975
20221130,10:25:18,43304.10,150,2905975
20221130,10:25:22,43305.05,50,2905975
20221130,10:25:23,43309.00,25,2905975
20221130,10:25:25,43309.90,50,2905975
20221130,10:25:27,43307.45,25,2905975
20221130,10:25:28,43307.25,25,2905975
20221130,10:25:30,43309.85,25,2905975
20221130,10:25:31,43307.00,50,2905975
20221130,10:25:35,43307.25,25,2905975
20221130,10:25:39,43309.95,100,2905975
20221130,10:25:43,43310.00,25,2905975
20221130,10:25:44,43307.25,50,2905975
20221130,10:25:46,43305.00,25,2905975
20221130,10:25:49,43305.00,25,2905975
20221130,10:25:52,43310.00,175,2905975
20221130,10:25:54,43306.30,25,2905975
20221130,10:25:55,43310.00,650,2905975
20221130,10:25:57,43307.00,150,2905975
20221130,10:26:00,43306.00,225,2905975
20221130,10:26:02,43306.00,25,2905975
20221130,10:26:03,43305.00,75,2905975
20221130,10:26:05,43312.50,125,2905975
20221130,10:26:12,43307.00,50,2905975
20221130,10:26:13,43308.00,100,2905975
20221130,10:26:17,43308.70,100,2905975
20221130,10:26:18,43305.00,25,2905975
20221130,10:26:20,43304.10,25,2905975
20221130,10:26:21,43304.00,125,2905975
20221130,10:26:26,43300.00,75,2905975
20221130,10:26:29,43303.50,25,2905975
20221130,10:26:31,43300.00,25,2905975
20221130,10:26:32,43309.95,100,2905975
20221130,10:26:34,43302.50,150,2905975
20221130,10:26:36,43307.95,200,2905975
20221130,10:26:48,43301.60,50,2907550
20221130,10:26:50,43307.35,25,2907550
20221130,10:26:54,43302.00,25,2907550
20221130,10:27:02,43305.65,150,2907550
20221130,10:27:04,43303.55,25,2907550
20221130,10:27:05,43302.75,75,2907550
20221130,10:27:07,43303.65,25,2907550
20221130,10:27:08,43303.55,150,2907550
20221130,10:27:13,43303.55,25,2907550
20221130,10:27:15,43303.35,50,2907550
20221130,10:27:16,43304.30,25,2907550
20221130,10:27:18,43310.00,100,2907550
20221130,10:27:21,43312.50,150,2907550
20221130,10:27:23,43302.20,200,2907550
20221130,10:27:24,43302.20,525,2907550
20221130,10:27:26,43302.15,75,2907550
20221130,10:27:29,43302.45,75,2907550
20221130,10:27:31,43302.00,25,2907550
20221130,10:27:33,43300.00,150,2907550
20221130,10:27:34,43300.00,200,2907550
20221130,10:27:36,43301.90,50,2907550
20221130,10:27:38,43301.20,25,2907550
20221130,10:27:39,43296.10,25,2907550
20221130,10:27:41,43296.00,75,2907550
20221130,10:27:44,43301.25,100,2907550
20221130,10:27:46,43297.35,125,2907550
20221130,10:27:47,43296.80,25,2907550
20221130,10:27:49,43305.85,25,2907550
20221130,10:27:55,43300.00,125,2907550
20221130,10:27:57,43300.00,75,2907550
20221130,10:27:58,43300.00,75,2907550
20221130,10:28:00,43300.00,25,2907550
20221130,10:28:01,43300.00,150,2907550
20221130,10:28:03,43299.25,25,2907550
20221130,10:28:06,43296.00,50,2907550
20221130,10:28:08,43299.25,50,2907550
20221130,10:28:09,43299.25,25,2907550
20221130,10:28:12,43299.25,25,2907550
20221130,10:28:14,43300.00,25,2907550
20221130,10:28:16,43299.25,25,2907550
20221130,10:28:19,43300.00,50,2907550
20221130,10:28:22,43300.05,25,2907550
20221130,10:28:27,43304.00,50,2907550
20221130,10:28:30,43302.45,25,2907550
20221130,10:28:34,43305.65,25,2907550
20221130,10:28:37,43300.85,25,2907550
20221130,10:28:38,43302.45,25,2907550
20221130,10:28:40,43301.20,150,2907550
20221130,10:28:42,43300.80,100,2907550
20221130,10:28:43,43300.00,25,2907550
20221130,10:28:45,43300.00,175,2907550
20221130,10:28:47,43299.25,250,2907550
20221130,10:28:48,43298.00,75,2907550
20221130,10:28:51,43300.00,25,2907550
20221130,10:28:54,43300.00,100,2907550
20221130,10:28:56,43299.95,25,2907550
20221130,10:28:58,43300.00,25,2907550
20221130,10:29:01,43298.00,100,2907550
20221130,10:29:04,43297.00,400,2907550
20221130,10:29:06,43295.70,125,2907550
20221130,10:29:07,43296.40,175,2907550
20221130,10:29:10,43295.30,675,2907550
20221130,10:29:15,43295.00,100,2907550
20221130,10:29:17,43295.00,25,2907550
20221130,10:29:19,43295.00,275,2907550
20221130,10:29:20,43295.00,25,2907550
20221130,10:29:22,43290.00,650,2907550
20221130,10:29:25,43291.30,50,2907550
20221130,10:29:28,43291.85,50,2907550
20221130,10:29:32,43290.65,100,2907550
20221130,10:29:35,43291.45,75,2907550
20221130,10:29:40,43288.80,500,2907550
20221130,10:29:42,43290.50,50,2908200
20221130,10:29:43,43291.30,600,2908200
20221130,10:29:47,43290.50,175,2908200
20221130,10:29:50,43291.05,25,2908200
20221130,10:29:53,43290.00,350,2908200
20221130,10:29:55,43290.50,275,2908200
20221130,10:29:57,43290.00,50,2908200
20221130,10:29:58,43290.00,175,2908200
20221130,10:30:00,43285.70,125,2908200
20221130,10:30:01,43289.10,125,2908200
20221130,10:30:03,43286.90,325,2908200
20221130,10:30:05,43287.30,600,2908200
20221130,10:30:06,43285.00,1900,2908200
20221130,10:30:08,43290.50,5075,2908200
20221130,10:30:09,43287.55,975,2908200
20221130,10:30:11,43286.65,1200,2908200
20221130,10:30:13,43289.80,950,2908200
20221130,10:30:14,43282.55,1250,2908200
20221130,10:30:16,43284.75,525,2908200
20221130,10:30:17,43285.40,450,2908200
20221130,10:30:19,43294.90,750,2908200
20221130,10:30:21,43288.55,75,2908200
20221130,10:30:22,43287.75,50,2908200
20221130,10:30:24,43288.60,225,2908200
20221130,10:30:26,43288.05,75,2908200
20221130,10:30:27,43293.90,25,2908200
20221130,10:30:29,43290.70,150,2908200
20221130,10:30:30,43289.55,175,2908200
20221130,10:30:32,43295.40,25,2908200
20221130,10:30:34,43289.55,50,2908200
20221130,10:30:35,43289.40,325,2908200
20221130,10:30:37,43294.05,175,2908200
20221130,10:30:40,43289.00,875,2908200
20221130,10:30:42,43287.90,225,2908200
20221130,10:30:44,43287.00,275,2908200
20221130,10:30:45,43286.30,1475,2908200
20221130,10:30:47,43296.00,150,2908200
20221130,10:30:50,43291.10,25,2908200
20221130,10:30:52,43296.45,50,2908200
20221130,10:30:53,43289.50,50,2908200
20221130,10:30:55,43291.80,25,2908200
20221130,10:30:58,43291.45,25,2908200
20221130,10:31:00,43296.80,75,2908200
20221130,10:31:02,43295.70,75,2908200
20221130,10:31:07,43296.55,25,2908200
20221130,10:31:08,43297.95,50,2908200
20221130,10:31:10,43292.25,25,2908200
20221130,10:31:12,43297.55,50,2908200
20221130,10:31:15,43297.55,125,2908200
20221130,10:31:18,43300.00,100,2908200
20221130,10:31:19,43298.95,25,2908200
20221130,10:31:21,43300.00,225,2908200
20221130,10:31:23,43296.80,50,2908200
20221130,10:31:24,43297.10,25,2908200
20221130,10:31:26,43298.10,525,2908200
20221130,10:31:29,43297.00,200,2908200
20221130,10:31:31,43298.85,75,2908200
20221130,10:31:32,43300.25,75,2908200
20221130,10:31:34,43301.25,150,2908200
20221130,10:31:35,43300.00,125,2908200
20221130,10:31:37,43298.45,100,2908200
20221130,10:31:39,43298.85,25,2908200
20221130,10:31:40,43299.35,25,2908200
20221130,10:31:42,43298.75,50,2908200
20221130,10:31:44,43298.45,75,2908200
20221130,10:31:45,43298.85,50,2908200
20221130,10:31:47,43297.00,125,2908200
20221130,10:31:48,43293.10,175,2908200
20221130,10:31:50,43292.00,50,2908200
20221130,10:31:52,43294.85,50,2908200
20221130,10:31:53,43294.85,25,2908200
20221130,10:31:55,43294.85,75,2908200
20221130,10:31:57,43291.25,50,2908200
20221130,10:31:59,43291.00,75,2908200
20221130,10:32:00,43292.20,25,2908200
20221130,10:32:02,43290.85,125,2908200
20221130,10:32:04,43287.60,50,2908200
20221130,10:32:05,43287.35,75,2908200
20221130,10:32:07,43291.20,50,2908200
20221130,10:32:09,43285.30,200,2908200
20221130,10:32:10,43285.10,125,2908200
20221130,10:32:12,43288.20,25,2908200
20221130,10:32:15,43285.60,50,2908200
20221130,10:32:17,43284.80,325,2908200
20221130,10:32:18,43262.50,21325,2908200
20221130,10:32:20,43274.95,1600,2908200
20221130,10:32:22,43276.85,675,2908200
20221130,10:32:23,43280.00,500,2908200
20221130,10:32:25,43280.00,200,2908200
20221130,10:32:27,43292.25,1175,2908200
20221130,10:32:28,43289.30,25,2908200
20221130,10:32:30,43291.10,50,2908200
20221130,10:32:32,43291.10,275,2908200
20221130,10:32:35,43290.00,50,2908200
20221130,10:32:37,43287.75,150,2908200
20221130,10:32:38,43289.15,25,2908200
20221130,10:32:40,43286.55,25,2908200
20221130,10:32:42,43285.00,100,2908200
20221130,10:32:43,43286.25,25,2910650
20221130,10:32:45,43282.85,350,2910650
20221130,10:32:46,43285.85,100,2910650
20221130,10:32:48,43283.00,50,2910650
20221130,10:32:50,43285.45,75,2910650
20221130,10:32:51,43286.40,75,2910650
20221130,10:32:53,43285.00,75,2910650
20221130,10:32:55,43286.65,50,2910650
20221130,10:32:56,43286.05,125,2910650
20221130,10:33:00,43287.00,50,2910650
20221130,10:33:01,43285.90,100,2910650
20221130,10:33:03,43281.70,150,2910650
20221130,10:33:04,43284.45,200,2910650
20221130,10:33:06,43280.40,600,2910650
20221130,10:33:08,43282.60,425,2910650
20221130,10:33:09,43285.50,675,2910650
20221130,10:33:11,43284.85,900,2910650
20221130,10:33:12,43284.90,250,2910650
20221130,10:33:14,43285.80,100,2910650
20221130,10:33:15,43285.80,625,2910650
20221130,10:33:17,43283.40,775,2910650
20221130,10:33:19,43285.05,75,2910650
20221130,10:33:20,43282.85,525,2910650
20221130,10:33:22,43282.05,400,2910650
20221130,10:33:23,43282.60,325,2910650
20221130,10:33:25,43283.95,350,2910650
20221130,10:33:26,43283.00,425,2910650
20221130,10:33:28,43282.30,275,2910650
20221130,10:33:29,43281.85,250,2910650
20221130,10:33:31,43282.55,925,2910650
20221130,10:33:32,43282.50,475,2910650
20221130,10:33:34,43283.00,275,2910650
20221130,10:33:35,43284.20,25,2910650
20221130,10:33:39,43284.70,500,2910650
20221130,10:33:41,43282.55,450,2910650
20221130,10:33:42,43284.40,300,2910650
20221130,10:33:44,43284.30,425,2910650
20221130,10:33:45,43285.65,1075,2910650
20221130,10:33:47,43291.35,25,2910650
20221130,10:33:48,43288.50,325,2910650
20221130,10:33:50,43289.65,225,2910650
20221130,10:33:51,43289.60,300,2910650
20221130,10:33:53,43287.85,225,2910650
20221130,10:33:55,43285.50,375,2910650
20221130,10:33:56,43284.70,250,2910650
20221130,10:33:58,43284.15,400,2910650
20221130,10:33:59,43284.00,500,2910650
20221130,10:34:01,43283.50,425,2910650
20221130,10:34:02,43282.15,475,2910650
20221130,10:34:04,43282.70,50,2910650
20221130,10:34:06,43282.55,225,2910650
20221130,10:34:07,43282.55,50,2910650
20221130,10:34:09,43287.90,50,2910650
20221130,10:34:10,43288.00,25,2910650
20221130,10:34:12,43284.25,25,2910650
20221130,10:34:13,43288.00,25,2910650
20221130,10:34:15,43289.45,50,2910650
20221130,10:34:16,43288.00,25,2910650
20221130,10:34:18,43295.30,200,2910650
20221130,10:34:21,43295.95,25,2910650
20221130,10:34:22,43295.95,275,2910650
20221130,10:34:26,43288.40,50,2910650
20221130,10:34:29,43294.85,25,2910650
20221130,10:34:31,43294.20,25,2910650
20221130,10:34:32,43289.40,25,2910650
20221130,10:34:35,43293.35,75,2910650
20221130,10:34:37,43293.45,50,2910650
20221130,10:34:40,43290.00,250,2910650
20221130,10:34:42,43288.00,150,2910650
20221130,10:34:43,43288.65,250,2910650
20221130,10:34:47,43288.65,50,2910650
20221130,10:34:50,43286.15,175,2910650
20221130,10:34:53,43292.00,25,2910650
20221130,10:34:56,43290.00,75,2910650
20221130,10:34:58,43291.90,225,2910650
20221130,10:35:01,43285.05,175,2910650
20221130,10:35:02,43287.45,50,2910650
20221130,10:35:04,43291.75,75,2910650
20221130,10:35:05,43285.95,550,2910650
20221130,10:35:06,43287.20,50,2910650
20221130,10:35:08,43290.00,25,2910650
20221130,10:35:09,43287.40,550,2910650
20221130,10:35:10,43290.00,25,2910650
20221130,10:35:15,43285.05,175,2910650
20221130,10:35:18,43285.00,125,2910650
20221130,10:35:19,43285.00,25,2910650
20221130,10:35:22,43285.05,25,2910650
20221130,10:35:34,43289.95,25,2910650
20221130,10:35:38,43289.90,25,2910650
20221130,10:35:40,43285.20,125,2910650
20221130,10:35:41,43285.05,50,2910650
20221130,10:35:45,43285.00,75,2921200
20221130,10:35:47,43290.00,25,2921200
20221130,10:35:50,43285.05,50,2921200
20221130,10:35:52,43285.05,250,2921200
20221130,10:35:54,43288.25,25,2921200
20221130,10:35:55,43282.00,325,2921200
20221130,10:35:57,43282.00,25,2921200
20221130,10:35:58,43285.00,25,2921200
20221130,10:36:00,43282.00,150,2921200
20221130,10:36:02,43282.15,125,2921200
20221130,10:36:04,43286.55,100,2921200
20221130,10:36:06,43281.60,125,2921200
20221130,10:36:07,43281.50,25,2921200
20221130,10:36:09,43280.00,425,2921200
20221130,10:36:10,43280.10,25,2921200
20221130,10:36:12,43279.10,175,2921200
