20221130,09:15:03,18849.00,1,1253100
20221130,09:15:03,18848.70,100,1253100
20221130,09:15:06,18850.65,1150,1253100
20221130,09:15:07,18853.95,2300,1253100
20221130,09:15:08,18853.95,50,1253100
20221130,09:15:11,18857.90,550,1253100
20221130,09:15:11,18843.20,550,1253100
20221130,09:15:13,18844.10,250,1253100
20221130,09:15:14,18846.20,50,1253100
20221130,09:15:15,18850.65,50,1253100
20221130,09:15:16,18848.45,200,1253100
20221130,09:15:19,18851.00,50,1253100
20221130,09:15:20,18848.65,50,1253100
20221130,09:15:21,18850.75,150,1253100
20221130,09:15:23,18851.10,50,1253100
20221130,09:15:25,18858.00,450,1253100
20221130,09:15:28,18860.00,100,1253100
20221130,09:15:30,18860.00,500,1253100
20221130,09:15:31,18854.75,750,1253100
20221130,09:15:32,18854.15,400,1253100
20221130,09:15:34,18862.10,250,1253100
20221130,09:15:35,18862.35,500,1253100
20221130,09:15:36,18856.75,250,1253100
20221130,09:15:37,18858.00,400,1253100
20221130,09:15:38,18858.00,50,1253100
20221130,09:15:42,18860.35,150,1253100
20221130,09:15:43,18860.25,50,1253100
20221130,09:15:44,18858.25,750,1253100
20221130,09:15:48,18858.00,550,1253100
20221130,09:15:49,18860.90,50,1253100
20221130,09:15:51,18860.25,500,1253100
20221130,09:15:52,18860.00,500,1253100
20221130,09:15:53,18860.00,50,1253100
20221130,09:15:55,18860.90,50,1253100
20221130,09:15:56,18863.65,50,1253100
20221130,09:15:59,18865.00,100,1253100
20221130,09:16:00,18865.00,100,1253100
20221130,09:16:01,18865.00,50,1253100
20221130,09:16:02,18865.00,200,1253100
20221130,09:16:03,18867.50,150,1253100
20221130,09:16:04,18869.00,50,1253100
20221130,09:16:05,18871.00,100,1253100
20221130,09:16:07,18871.25,50,1253100
20221130,09:16:08,18871.25,50,1253100
20221130,09:16:09,18870.95,50,1253100
20221130,09:16:13,18870.10,50,1253100
20221130,09:16:16,18870.75,50,1253100
20221130,09:16:18,18866.10,150,1253100
20221130,09:16:20,18870.00,50,1253100
20221130,09:16:22,18870.75,50,1253100
20221130,09:16:23,18869.75,50,1253100
20221130,09:16:24,18869.50,50,1253100
20221130,09:16:25,18865.00,100,1253100
20221130,09:16:26,18868.40,150,1253100
20221130,09:16:32,18868.35,250,1253100
20221130,09:16:34,18864.40,200,1253100
20221130,09:16:39,18865.85,300,1253100
20221130,09:16:42,18866.30,50,1253100
20221130,09:16:45,18865.00,100,1253100
20221130,09:16:52,18868.55,400,1253100
20221130,09:17:02,18865.35,50,1253100
20221130,09:17:07,18868.00,50,1253100
20221130,09:17:09,18868.00,50,1253100
20221130,09:17:14,18868.00,350,1253100
20221130,09:17:15,18868.00,300,1253100
20221130,09:17:16,18868.00,150,1253100
20221130,09:17:17,18868.00,1100,1253100
20221130,09:17:18,18870.00,50,1253100
20221130,09:17:19,18869.20,100,1253100
20221130,09:17:27,18868.25,50,1248000
20221130,09:17:29,18870.00,50,1248000
20221130,09:17:40,18871.05,850,1248000
20221130,09:17:46,18865.85,50,1248000
20221130,09:17:48,18866.05,100,1248000
20221130,09:17:49,18870.85,50,1248000
20221130,09:17:53,18869.00,50,1248000
20221130,09:18:03,18869.15,50,1248000
20221130,09:18:05,18869.35,50,1248000
20221130,09:18:07,18872.00,50,1248000
20221130,09:18:09,18872.00,100,1248000
20221130,09:18:12,18869.85,50,1248000
20221130,09:18:13,18869.70,50,1248000
20221130,09:18:15,18869.65,150,1248000
20221130,09:18:16,18870.00,50,1248000
20221130,09:18:18,18869.30,200,1248000
20221130,09:18:23,18869.30,50,1248000
20221130,09:18:27,18868.75,50,1248000
20221130,09:18:30,18868.65,50,1248000
20221130,09:18:34,18868.10,50,1248000
20221130,09:18:35,18868.65,50,1248000
20221130,09:18:39,18868.00,100,1248000
20221130,09:18:43,18868.60,50,1248000
20221130,09:18:45,18869.55,1000,1248000
20221130,09:18:48,18872.00,100,1248000
20221130,09:18:50,18869.55,50,1248000
20221130,09:18:50,18872.00,50,1248000
20221130,09:18:55,18869.00,50,1248000
20221130,09:18:56,18874.15,900,1248000
20221130,09:19:00,18873.45,50,1248000
20221130,09:19:07,18870.30,50,1248000
20221130,09:19:08,18871.20,50,1248000
20221130,09:19:09,18871.25,150,1248000
20221130,09:19:10,18870.70,100,1248000
20221130,09:19:11,18871.25,150,1248000
20221130,09:19:13,18871.25,250,1248000
20221130,09:19:14,18871.70,50,1248000
20221130,09:19:21,18874.10,100,1248000
20221130,09:19:23,18875.00,100,1248000
20221130,09:19:25,18874.00,100,1248000
20221130,09:19:41,18873.00,100,1248000
20221130,09:19:41,18874.00,50,1248000
20221130,09:19:43,18874.10,100,1248000
20221130,09:19:45,18873.40,50,1248000
20221130,09:19:49,18874.10,250,1248000
20221130,09:19:54,18874.10,50,1248000
20221130,09:20:02,18874.10,50,1248000
20221130,09:20:03,18875.00,50,1248000
20221130,09:20:05,18875.00,50,1248000
20221130,09:20:10,18870.45,150,1248000
20221130,09:20:22,18870.45,50,1249900
20221130,09:20:23,18870.00,50,1249900
20221130,09:20:24,18868.45,250,1249900
20221130,09:20:25,18868.45,50,1249900
20221130,09:20:28,18869.00,100,1249900
20221130,09:20:31,18870.45,50,1249900
20221130,09:20:36,18873.00,50,1249900
20221130,09:20:43,18873.00,50,1249900
20221130,09:20:52,18872.60,100,1249900
20221130,09:21:00,18872.95,100,1249900
20221130,09:21:02,18870.30,50,1249900
20221130,09:21:04,18870.00,50,1249900
20221130,09:21:10,18870.40,100,1249900
20221130,09:21:12,18869.45,50,1249900
20221130,09:21:13,18872.10,200,1249900
20221130,09:21:13,18868.55,300,1249900
20221130,09:21:17,18870.00,50,1249900
20221130,09:21:18,18870.00,50,1249900
20221130,09:21:19,18875.00,1000,1249900
20221130,09:21:25,18869.00,50,1249900
20221130,09:21:34,18869.30,100,1249900
20221130,09:21:46,18870.80,50,1249900
20221130,09:21:55,18873.00,50,1249900
20221130,09:22:01,18874.95,50,1249900
20221130,09:22:05,18874.60,50,1249900
20221130,09:22:21,18873.70,100,1249900
20221130,09:22:33,18874.85,50,1249900
20221130,09:22:34,18874.75,200,1249900
20221130,09:22:36,18873.00,50,1249900
20221130,09:22:40,18872.75,50,1249900
20221130,09:22:42,18872.65,150,1249900
20221130,09:22:44,18874.75,50,1249900
20221130,09:22:49,18870.00,1350,1249900
20221130,09:22:50,18870.00,650,1249900
20221130,09:23:11,18871.20,50,1249900
20221130,09:23:19,18870.00,50,1249900
20221130,09:23:23,18870.00,50,1249900
20221130,09:23:29,18869.65,500,1250800
20221130,09:23:30,18871.00,50,1250800
20221130,09:23:38,18869.00,50,1250800
20221130,09:23:39,18870.20,50,1250800
20221130,09:23:44,18868.00,50,1250800
20221130,09:23:46,18869.00,100,1250800
20221130,09:24:04,18868.65,150,1250800
20221130,09:24:06,18867.85,50,1250800
20221130,09:24:13,18865.65,50,1250800
20221130,09:24:16,18865.60,100,1250800
20221130,09:24:20,18864.90,100,1250800
20221130,09:24:27,18864.90,50,1250800
20221130,09:24:42,18865.00,50,1250800
20221130,09:24:45,18865.00,50,1250800
20221130,09:24:47,18864.95,100,1250800
20221130,09:24:50,18865.00,100,1250800
20221130,09:24:51,18865.00,50,1250800
20221130,09:24:52,18865.05,50,1250800
20221130,09:24:53,18865.25,100,1250800
20221130,09:24:54,18866.85,100,1250800
20221130,09:25:03,18867.10,250,1250800
20221130,09:25:07,18864.95,50,1250800
20221130,09:25:08,18867.00,50,1250800
20221130,09:25:09,18865.80,50,1250800
20221130,09:25:14,18865.50,100,1250800
20221130,09:25:15,18865.25,50,1250800
20221130,09:25:16,18864.90,50,1250800
20221130,09:25:40,18865.90,50,1250800
20221130,09:25:46,18867.85,50,1250800
20221130,09:25:48,18869.95,100,1250800
20221130,09:25:49,18867.25,50,1250800
20221130,09:25:52,18867.25,50,1250800
20221130,09:26:02,18866.15,50,1250800
20221130,09:26:09,18867.80,50,1250800
20221130,09:26:16,18864.00,50,1250800
20221130,09:26:19,18861.10,50,1250800
20221130,09:26:23,18861.30,50,1251700
20221130,09:26:25,18865.40,50,1251700
20221130,09:26:26,18862.30,500,1251700
20221130,09:26:32,18865.90,50,1251700
20221130,09:26:44,18862.20,50,1251700
20221130,09:26:49,18865.85,100,1251700
20221130,09:26:53,18862.80,500,1251700
20221130,09:26:58,18863.15,50,1251700
20221130,09:27:26,18863.65,100,1251700
20221130,09:27:45,18863.15,50,1251700
20221130,09:27:46,18862.00,100,1251700
20221130,09:27:50,18863.15,250,1251700
20221130,09:27:51,18861.00,50,1251700
20221130,09:27:53,18860.00,300,1251700
20221130,09:27:54,18862.45,50,1251700
20221130,09:27:56,18862.50,50,1251700
20221130,09:27:57,18860.00,50,1251700
20221130,09:28:03,18860.20,50,1251700
20221130,09:28:15,18860.00,100,1251700
20221130,09:28:22,18860.00,50,1251700
20221130,09:28:33,18862.00,50,1251700
20221130,09:29:06,18860.00,150,1251700
20221130,09:29:21,18856.00,50,1251700
20221130,09:29:28,18856.00,50,1252750
20221130,09:29:35,18857.00,50,1252750
20221130,09:29:44,18857.00,50,1252750
20221130,09:29:46,18857.00,50,1252750
20221130,09:29:49,18858.00,100,1252750
20221130,09:29:50,18857.95,50,1252750
20221130,09:29:54,18861.95,500,1252750
20221130,09:30:15,18859.15,50,1252750
20221130,09:30:21,18861.05,100,1252750
20221130,09:30:23,18862.00,250,1252750
20221130,09:30:36,18864.95,900,1252750
20221130,09:30:41,18862.00,50,1252750
20221130,09:30:51,18863.55,50,1252750
20221130,09:30:58,18863.00,50,1252750
20221130,09:31:16,18865.00,50,1252750
20221130,09:31:43,18859.40,1800,1252750
20221130,09:31:53,18861.75,150,1252750
20221130,09:32:00,18859.60,1650,1252750
20221130,09:32:04,18860.35,50,1252750
20221130,09:32:11,18862.30,200,1252750
20221130,09:32:13,18865.40,50,1252750
20221130,09:32:14,18866.00,50,1252750
20221130,09:32:20,18866.00,50,1252750
20221130,09:32:32,18867.95,100,1254900
20221130,09:32:39,18867.95,50,1254900
20221130,09:32:40,18863.20,50,1254900
20221130,09:32:58,18863.30,50,1254900
20221130,09:33:00,18869.15,1800,1254900
20221130,09:33:03,18863.00,50,1254900
20221130,09:33:06,18867.25,100,1254900
20221130,09:33:13,18867.45,50,1254900
20221130,09:33:15,18867.25,50,1254900
20221130,09:33:28,18866.30,50,1254900
20221130,09:33:49,18868.70,100,1254900
20221130,09:34:00,18868.00,50,1254900
20221130,09:34:07,18870.00,100,1254900
20221130,09:34:11,18870.00,50,1254900
20221130,09:34:14,18870.00,50,1254900
20221130,09:34:24,18870.00,100,1254900
20221130,09:34:32,18867.55,450,1254900
20221130,09:34:47,18870.00,50,1254900
20221130,09:34:51,18870.00,50,1254900
20221130,09:34:52,18869.00,100,1254900
20221130,09:35:01,18870.95,500,1254900
20221130,09:35:11,18871.00,50,1254900
20221130,09:35:18,18872.00,150,1254900
20221130,09:35:19,18872.00,50,1254900
20221130,09:35:32,18871.95,200,1254350
20221130,09:35:57,18867.30,150,1254350
20221130,09:36:13,18864.05,200,1254350
20221130,09:36:17,18865.00,50,1254350
20221130,09:36:26,18865.00,50,1254350
20221130,09:36:28,18864.00,50,1254350
20221130,09:36:30,18863.80,100,1254350
20221130,09:36:32,18860.05,50,1254350
20221130,09:36:40,18860.05,100,1254350
20221130,09:36:47,18861.00,50,1254350
20221130,09:36:50,18861.00,50,1254350
20221130,09:36:51,18860.00,50,1254350
20221130,09:37:10,18861.00,50,1254350
20221130,09:37:11,18860.00,100,1254350
20221130,09:37:16,18859.30,50,1254350
20221130,09:37:19,18858.80,50,1254350
20221130,09:37:27,18859.40,50,1254350
20221130,09:37:42,18858.95,50,1254350
20221130,09:37:47,18858.95,50,1254350
20221130,09:37:52,18857.00,50,1254350
20221130,09:38:00,18857.75,250,1254350
20221130,09:38:00,18856.80,50,1254350
20221130,09:38:05,18856.00,50,1254350
20221130,09:38:06,18855.00,50,1254350
20221130,09:38:12,18852.00,50,1254350
20221130,09:38:23,18851.00,100,1254350
20221130,09:38:26,18851.05,50,1254500
20221130,09:38:28,18854.65,100,1254500
20221130,09:38:37,18855.00,50,1254500
20221130,09:38:39,18854.85,100,1254500
20221130,09:38:41,18851.15,100,1254500
20221130,09:38:50,18851.20,50,1254500
20221130,09:38:57,18853.90,250,1254500
20221130,09:39:01,18851.20,100,1254500
20221130,09:39:09,18851.20,50,1254500
20221130,09:39:11,18853.00,50,1254500
20221130,09:39:14,18853.40,50,1254500
20221130,09:39:19,18852.00,50,1254500
20221130,09:39:22,18851.20,50,1254500
20221130,09:39:25,18851.00,50,1254500
20221130,09:39:26,18850.00,300,1254500
20221130,09:39:28,18845.60,900,1254500
20221130,09:39:37,18850.00,50,1254500
20221130,09:39:39,18850.00,50,1254500
20221130,09:39:41,18849.00,50,1254500
20221130,09:39:42,18849.00,50,1254500
20221130,09:39:46,18847.95,100,1254500
20221130,09:39:49,18848.00,50,1254500
20221130,09:39:57,18846.60,100,1254500
20221130,09:40:01,18850.00,50,1254500
20221130,09:40:03,18848.00,50,1254500
20221130,09:40:05,18847.95,50,1254500
20221130,09:40:18,18850.00,50,1254500
20221130,09:40:29,18847.10,50,1254500
20221130,09:40:46,18850.00,50,1254500
20221130,09:40:51,18850.00,50,1254500
20221130,09:40:52,18850.00,50,1254500
20221130,09:40:53,18850.00,150,1254500
20221130,09:41:04,18850.00,50,1254500
20221130,09:41:05,18850.00,200,1254500
20221130,09:41:16,18847.00,100,1254500
20221130,09:41:42,18849.40,100,1254900
20221130,09:42:02,18849.25,50,1254900
20221130,09:42:03,18850.00,250,1254900
20221130,09:42:07,18850.00,50,1254900
20221130,09:42:09,18850.00,250,1254900
20221130,09:42:12,18850.00,50,1254900
20221130,09:42:39,18850.05,50,1254900
20221130,09:42:47,18850.00,50,1254900
20221130,09:42:52,18850.00,50,1254900
20221130,09:43:05,18850.00,200,1254900
20221130,09:43:19,18853.90,450,1254900
20221130,09:43:21,18851.50,150,1254900
20221130,09:43:22,18850.95,400,1254900
20221130,09:43:36,18852.40,50,1254900
20221130,09:43:37,18851.30,150,1254900
20221130,09:43:43,18847.70,50,1254900
20221130,09:43:50,18846.15,50,1254900
20221130,09:43:57,18848.00,50,1254900
20221130,09:43:57,18849.00,100,1254900
20221130,09:44:06,18849.00,50,1254900
20221130,09:44:20,18846.90,50,1254900
20221130,09:44:31,18851.30,150,1255200
20221130,09:44:58,18851.10,50,1255200
20221130,09:45:09,18851.60,50,1255200
20221130,09:45:15,18850.10,50,1255200
20221130,09:45:25,18845.00,450,1255200
20221130,09:45:26,18845.00,250,1255200
20221130,09:45:27,18845.00,200,1255200
20221130,09:45:30,18845.05,50,1255200
20221130,09:45:34,18845.00,100,1255200
20221130,09:45:35,18845.00,50,1255200
20221130,09:45:36,18845.00,700,1255200
20221130,09:45:37,18845.00,100,1255200
20221130,09:45:38,18844.00,600,1255200
20221130,09:45:44,18840.05,250,1255200
20221130,09:45:46,18840.00,50,1255200
20221130,09:45:54,18840.00,100,1255200
20221130,09:45:56,18839.15,300,1255200
20221130,09:46:02,18839.15,50,1255200
20221130,09:46:03,18839.15,150,1255200
20221130,09:46:13,18840.00,50,1255200
20221130,09:46:16,18840.00,100,1255200
20221130,09:46:26,18840.00,50,1255200
20221130,09:46:28,18841.95,50,1255200
20221130,09:46:37,18840.00,50,1255200
20221130,09:46:40,18841.50,50,1255200
20221130,09:46:48,18840.45,50,1255200
20221130,09:46:50,18840.10,100,1255200
20221130,09:46:59,18842.00,50,1255200
20221130,09:47:13,18841.85,50,1255200
20221130,09:47:17,18840.00,150,1255200
20221130,09:47:19,18839.15,200,1255200
20221130,09:47:24,18838.00,350,1255200
20221130,09:47:49,18838.00,50,1255200
20221130,09:47:58,18838.00,50,1256200
20221130,09:48:05,18838.00,100,1256200
20221130,09:48:14,18834.00,50,1256200
20221130,09:48:16,18834.00,100,1256200
20221130,09:48:22,18839.00,50,1256200
20221130,09:48:38,18837.90,50,1256200
20221130,09:48:44,18837.95,50,1256200
20221130,09:49:00,18836.00,50,1256200
20221130,09:49:06,18835.85,50,1256200
20221130,09:49:07,18836.00,100,1256200
20221130,09:49:11,18835.00,50,1256200
20221130,09:49:16,18837.45,200,1256200
20221130,09:49:22,18835.15,100,1256200
20221130,09:49:29,18837.00,100,1256200
20221130,09:49:37,18839.60,50,1256200
20221130,09:49:39,18840.00,50,1256200
20221130,09:49:42,18839.00,50,1256200
20221130,09:49:43,18839.00,50,1256200
20221130,09:49:45,18836.80,50,1256200
20221130,09:49:49,18839.00,100,1256200
20221130,09:49:51,18839.00,50,1256200
20221130,09:50:06,18840.00,50,1256200
20221130,09:50:26,18844.55,900,1256200
20221130,09:50:32,18845.00,50,1256050
20221130,09:50:38,18844.55,350,1256050
20221130,09:50:42,18844.55,250,1256050
20221130,09:51:09,18840.70,50,1256050
20221130,09:51:11,18838.00,50,1256050
20221130,09:51:23,18837.30,50,1256050
20221130,09:51:26,18839.55,50,1256050
20221130,09:51:32,18839.35,50,1256050
20221130,09:51:39,18839.15,50,1256050
20221130,09:51:43,18838.00,50,1256050
20221130,09:52:00,18837.15,50,1256050
20221130,09:52:05,18830.75,1450,1256050
20221130,09:52:26,18830.00,100,1256050
20221130,09:52:30,18830.00,50,1256050
20221130,09:52:33,18830.00,50,1256050
20221130,09:52:42,18830.00,50,1256050
20221130,09:52:43,18830.20,50,1256050
20221130,09:52:49,18830.15,200,1256050
20221130,09:52:53,18831.00,50,1256050
20221130,09:52:54,18830.15,50,1256050
20221130,09:52:59,18830.40,200,1256050
20221130,09:53:31,18830.35,50,1256350
20221130,09:53:33,18830.40,50,1256350
20221130,09:53:35,18830.40,50,1256350
20221130,09:53:36,18830.00,50,1256350
20221130,09:53:56,18832.00,50,1256350
20221130,09:54:07,18827.00,950,1256350
20221130,09:54:08,18829.40,150,1256350
20221130,09:54:14,18826.00,100,1256350
20221130,09:54:23,18825.00,400,1256350
20221130,09:54:30,18825.00,200,1256350
20221130,09:54:35,18824.80,50,1256350
20221130,09:54:38,18824.70,50,1256350
20221130,09:54:39,18824.70,50,1256350
20221130,09:54:51,18827.40,600,1256350
20221130,09:54:55,18827.30,50,1256350
20221130,09:54:58,18827.85,100,1256350
20221130,09:54:59,18823.35,550,1256350
20221130,09:55:00,18823.35,500,1256350
20221130,09:55:03,18824.20,250,1256350
20221130,09:55:12,18828.00,50,1256350
20221130,09:55:28,18828.00,50,1256350
20221130,09:55:31,18829.90,250,1256350
20221130,09:55:53,18828.30,100,1256350
20221130,09:55:59,18828.45,50,1256350
20221130,09:56:32,18828.00,50,1256000
20221130,09:56:33,18831.00,400,1256000
20221130,09:56:36,18831.05,50,1256000
20221130,09:56:57,18830.35,50,1256000
20221130,09:57:08,18833.25,150,1256000
20221130,09:57:12,18833.25,50,1256000
20221130,09:57:27,18833.60,100,1256000
20221130,09:57:29,18835.85,200,1256000
20221130,09:57:34,18835.00,50,1256000
20221130,09:57:36,18834.35,200,1256000
20221130,09:57:38,18833.75,200,1256000
20221130,09:57:43,18833.75,50,1256000
20221130,09:57:45,18832.00,50,1256000
20221130,09:57:52,18831.55,50,1256000
20221130,09:58:06,18835.45,50,1256000
20221130,09:58:36,18833.00,50,1256000
20221130,09:58:40,18835.10,50,1256000
20221130,09:58:48,18835.45,50,1256000
20221130,09:58:51,18835.05,50,1256000
20221130,09:59:04,18835.00,50,1256000
20221130,10:00:17,18832.05,100,1256050
20221130,10:00:58,18832.05,50,1256050
20221130,10:01:01,18832.05,50,1256050
20221130,10:01:17,18830.00,150,1256050
20221130,10:02:06,18830.00,100,1256050
20221130,10:02:11,18832.95,100,1256050
20221130,10:02:12,18835.00,500,1256050
20221130,10:02:23,18836.00,50,1256050
20221130,10:02:25,18838.00,50,1256050
20221130,10:02:38,18840.00,100,1255800
20221130,10:02:43,18838.00,50,1255800
20221130,10:02:46,18839.90,150,1255800
20221130,10:02:47,18838.00,50,1255800
20221130,10:02:54,18838.00,50,1255800
20221130,10:03:00,18840.00,50,1255800
20221130,10:03:06,18840.00,100,1255800
20221130,10:03:09,18840.00,50,1255800
20221130,10:03:11,18840.00,50,1255800
20221130,10:03:30,18838.00,50,1255800
20221130,10:04:05,18839.25,50,1255800
20221130,10:04:14,18839.50,100,1255800
20221130,10:04:19,18839.50,50,1255800
20221130,10:04:35,18840.45,1450,1255800
20221130,10:04:58,18837.50,100,1255800
20221130,10:05:01,18837.90,50,1255800
20221130,10:05:05,18837.50,100,1255800
20221130,10:05:12,18837.60,50,1255800
20221130,10:05:15,18837.65,50,1255800
20221130,10:05:19,18837.75,50,1255800
20221130,10:05:25,18840.00,50,1255800
20221130,10:05:43,18842.60,50,1256300
20221130,10:05:49,18843.25,50,1256300
20221130,10:05:57,18842.30,50,1256300
20221130,10:06:00,18842.45,50,1256300
20221130,10:06:05,18842.45,50,1256300
20221130,10:06:17,18849.95,150,1256300
20221130,10:06:22,18849.60,50,1256300
20221130,10:06:24,18849.85,250,1256300
20221130,10:06:42,18849.00,50,1256300
20221130,10:06:43,18850.00,50,1256300
20221130,10:06:47,18849.00,50,1256300
20221130,10:06:58,18849.00,50,1256300
20221130,10:07:04,18850.00,500,1256300
20221130,10:07:12,18851.00,250,1256300
20221130,10:07:21,18851.00,50,1256300
20221130,10:07:31,18848.20,500,1256300
20221130,10:07:43,18849.00,50,1256300
20221130,10:07:57,18850.00,50,1256300
20221130,10:08:05,18850.00,50,1256300
20221130,10:08:10,18850.00,50,1256300
20221130,10:08:25,18849.00,100,1256300
20221130,10:08:30,18848.00,50,1256500
20221130,10:08:40,18844.50,1450,1256500
20221130,10:08:44,18846.10,50,1256500
20221130,10:08:50,18845.40,50,1256500
20221130,10:09:04,18846.00,50,1256500
20221130,10:09:23,18843.50,50,1256500
20221130,10:09:39,18843.50,250,1256500
20221130,10:09:40,18843.50,150,1256500
20221130,10:11:15,18844.00,50,1256500
20221130,10:12:32,18847.00,50,1256150
20221130,10:12:39,18846.30,100,1256150
20221130,10:12:42,18848.00,50,1256150
20221130,10:12:43,18852.00,1450,1256150
20221130,10:12:49,18849.65,50,1256150
20221130,10:12:55,18846.90,200,1256150
20221130,10:13:00,18847.10,50,1256150
20221130,10:13:22,18848.70,200,1256150
20221130,10:13:41,18848.85,300,1256150
20221130,10:14:02,18848.35,50,1256150
20221130,10:14:16,18850.00,300,1256150
20221130,10:14:35,18849.15,100,1257500
20221130,10:14:47,18848.00,50,1257500
20221130,10:14:58,18846.80,50,1257500
20221130,10:15:02,18849.50,250,1257500
20221130,10:15:13,18845.00,50,1257500
20221130,10:16:05,18843.00,50,1257500
20221130,10:16:06,18839.40,1450,1257500
20221130,10:16:13,18841.80,50,1257500
20221130,10:16:17,18839.40,150,1257500
20221130,10:16:28,18839.50,50,1257500
20221130,10:16:31,18839.40,50,1257500
20221130,10:17:01,18840.00,50,1257500
20221130,10:17:14,18839.85,50,1257500
20221130,10:17:20,18842.95,500,1257500
20221130,10:17:52,18837.75,50,1257700
20221130,10:17:59,18838.05,50,1257700
20221130,10:18:03,18840.00,50,1257700
20221130,10:18:24,18841.40,50,1257700
20221130,10:18:54,18840.15,50,1257700
20221130,10:19:33,18842.45,50,1257700
20221130,10:20:03,18835.10,250,1257700
20221130,10:20:19,18839.50,50,1257700
20221130,10:20:45,18835.05,50,1257600
20221130,10:20:48,18835.20,50,1257600
20221130,10:21:00,18836.25,50,1257600
20221130,10:21:12,18836.00,50,1257600
20221130,10:21:17,18839.55,100,1257600
20221130,10:21:29,18836.05,50,1257600
20221130,10:21:59,18839.00,50,1257600
20221130,10:22:22,18841.00,50,1257600
20221130,10:22:26,18841.35,50,1257600
20221130,10:22:28,18838.00,50,1257600
20221130,10:22:35,18840.00,50,1257600
20221130,10:22:42,18840.00,50,1257600
20221130,10:22:59,18840.00,50,1257600
20221130,10:23:42,18839.55,50,1257600
20221130,10:24:15,18843.20,50,1257800
20221130,10:24:59,18839.75,300,1257800
20221130,10:25:16,18840.05,50,1257800
20221130,10:25:32,18843.60,50,1257800
20221130,10:26:07,18843.60,100,1257800
20221130,10:27:36,18840.60,50,1258100
20221130,10:28:09,18840.00,50,1258100
20221130,10:28:48,18840.00,50,1258100
20221130,10:29:14,18840.00,50,1258100
20221130,10:29:16,18841.25,50,1258100
20221130,10:29:17,18840.00,100,1258100
20221130,10:29:21,18840.00,100,1258100
20221130,10:29:22,18840.00,200,1258100
20221130,10:30:10,18836.80,50,1258100
20221130,10:30:55,18836.80,50,1258100
20221130,10:31:28,18836.85,1000,1258100
20221130,10:31:48,18840.65,50,1258100
20221130,10:32:17,18835.00,100,1258100
20221130,10:32:26,18835.50,50,1258100
20221130,10:32:50,18836.00,50,1257750
20221130,10:32:59,18835.55,50,1257750
20221130,10:33:29,18835.70,50,1257750
20221130,10:33:35,18835.65,50,1257750
20221130,10:33:40,18835.95,50,1257750
20221130,10:33:52,18836.35,100,1257750
20221130,10:34:21,18840.10,50,1257750
20221130,10:34:37,18838.70,50,1257750
20221130,10:35:03,18837.85,50,1257750
20221130,10:35:07,18841.30,50,1257750
20221130,10:35:08,18838.50,50,1257750
20221130,10:35:50,18838.40,50,1258250
20221130,10:36:00,18840.00,100,1258250
20221130,10:36:10,18835.65,50,1258250
20221130,10:36:21,18835.00,50,1258250
20221130,10:36:22,18835.00,100,1258250
20221130,10:36:30,18836.05,100,1258250
20221130,10:36:34,18832.95,50,1258250
20221130,10:36:42,18836.10,50,1258250
20221130,10:36:56,18833.30,50,1258250
20221130,10:37:01,18836.10,50,1258250
20221130,10:37:02,18833.30,50,1258250
20221130,10:37:26,18836.00,50,1258250
20221130,10:37:28,18834.25,50,1258250
20221130,10:37:38,18836.10,50,1258250
20221130,10:37:51,18840.00,50,1258250
20221130,10:37:52,18838.60,50,1258250
20221130,10:38:00,18841.20,50,1258250
20221130,10:38:22,18841.00,50,1258250
20221130,10:38:26,18841.00,250,1258250
20221130,10:38:28,18843.60,100,1258250
20221130,10:38:32,18842.00,50,1258250
20221130,10:38:50,18843.60,150,1258500
20221130,10:40:59,18838.45,50,1258500
20221130,10:41:08,18842.00,50,1258500
20221130,10:41:13,18843.00,50,1258500
20221130,10:41:14,18841.40,50,1258500
20221130,10:41:17,18843.00,50,1258500
20221130,10:41:27,18843.70,50,1258500
20221130,10:41:33,18846.75,50,1258500
20221130,10:41:44,18846.90,50,1258650
20221130,10:42:32,18840.05,50,1258650
20221130,10:43:26,18836.90,300,1258650
20221130,10:44:23,18830.65,50,1258650
20221130,10:44:52,18830.65,50,1258750
20221130,10:45:00,18830.00,50,1258750
20221130,10:45:08,18830.00,650,1258750
20221130,10:45:08,18829.55,50,1258750
20221130,10:45:16,18827.70,50,1258750
20221130,10:45:17,18830.00,50,1258750
20221130,10:45:23,18830.00,50,1258750
20221130,10:45:25,18830.00,50,1258750
20221130,10:45:34,18830.00,50,1258750
20221130,10:45:37,18830.00,100,1258750
20221130,10:45:40,18830.00,50,1258750
20221130,10:46:12,18829.20,50,1258750
20221130,10:46:24,18830.15,50,1258750
20221130,10:46:30,18834.25,200,1258750
20221130,10:46:31,18834.30,50,1258750
20221130,10:47:02,18834.30,50,1258750
20221130,10:47:20,18832.20,100,1258750
20221130,10:47:27,18830.00,50,1258750
20221130,10:47:28,18829.20,50,1258750
20221130,10:47:37,18830.65,100,1258800
20221130,10:47:49,18831.80,50,1258800
20221130,10:47:50,18829.20,50,1258800
20221130,10:48:09,18830.00,50,1258800
20221130,10:48:14,18831.75,50,1258800
20221130,10:48:35,18829.20,200,1258800
20221130,10:48:38,18831.35,100,1258800
20221130,10:48:51,18831.25,150,1258800
20221130,10:49:23,18831.75,100,1258800
20221130,10:49:41,18832.05,50,1258800
20221130,10:49:44,18831.65,150,1258800
20221130,10:49:45,18833.00,50,1258800
20221130,10:49:57,18834.30,150,1258800
20221130,10:50:03,18836.60,200,1258800
20221130,10:50:06,18835.00,50,1258800
20221130,10:50:10,18836.70,100,1258800
20221130,10:50:44,18838.70,100,1258300
20221130,10:50:45,18839.15,50,1258300
20221130,10:50:59,18840.00,150,1258300
20221130,10:51:05,18841.00,50,1258300
20221130,10:51:06,18841.00,50,1258300
20221130,10:51:14,18841.00,50,1258300
20221130,10:51:26,18842.90,50,1258300
20221130,10:51:37,18841.80,150,1258300
20221130,10:51:59,18840.00,50,1258300
20221130,10:52:03,18840.65,50,1258300
20221130,10:52:04,18840.20,50,1258300
20221130,10:52:08,18840.00,650,1258300
20221130,10:52:09,18840.70,500,1258300
20221130,10:52:10,18835.55,300,1258300
20221130,10:53:05,18840.05,50,1258300
20221130,10:53:25,18838.00,50,1258300
20221130,10:53:37,18840.00,50,1258300
20221130,10:53:38,18840.20,50,1258300
20221130,10:54:31,18841.55,50,1257950
20221130,10:54:38,18841.70,50,1257950
20221130,10:54:45,18841.15,50,1257950
20221130,10:54:46,18841.15,100,1257950
20221130,10:54:55,18841.30,50,1257950
20221130,10:54:59,18841.15,50,1257950
20221130,10:55:12,18841.75,200,1257950
20221130,10:55:22,18843.70,200,1257950
20221130,10:55:23,18843.70,100,1257950
20221130,10:55:31,18844.70,100,1257950
20221130,10:55:36,18845.00,50,1257950
20221130,10:56:00,18844.05,50,1257950
20221130,10:56:07,18843.20,50,1257950
20221130,10:56:31,18843.00,50,1257950
20221130,10:57:08,18843.00,50,1258000
20221130,10:57:42,18840.45,50,1258000
20221130,10:57:42,18842.60,50,1258000
20221130,10:57:51,18842.00,250,1258000
20221130,10:57:56,18842.10,50,1258000
20221130,10:58:04,18844.05,50,1258000
20221130,10:58:18,18844.05,50,1258000
20221130,10:58:30,18843.50,50,1258000
20221130,10:58:37,18844.05,250,1258000
20221130,10:58:50,18845.00,150,1258000
20221130,10:59:00,18842.90,150,1258000
20221130,10:59:05,18846.65,100,1258000
20221130,10:59:38,18843.10,50,1258000
20221130,10:59:40,18844.60,50,1258000
20221130,10:59:58,18845.20,50,1258000
20221130,11:00:23,18843.15,50,1258000
20221130,11:00:31,18843.10,50,1258000
20221130,11:00:43,18842.95,50,1258000
20221130,11:01:28,18841.35,250,1258000
20221130,11:01:35,18842.00,50,1258000
20221130,11:01:48,18840.00,100,1258000
20221130,11:02:13,18840.00,50,1258000
20221130,11:02:25,18840.55,250,1258000
20221130,11:03:07,18842.60,50,1258650
20221130,11:03:08,18844.95,50,1258650
20221130,11:03:17,18842.05,50,1258650
20221130,11:03:21,18841.65,100,1258650
20221130,11:04:57,18842.25,50,1258650
20221130,11:05:00,18844.00,100,1258650
20221130,11:05:02,18845.00,50,1258650
20221130,11:05:06,18843.15,50,1258650
20221130,11:05:08,18845.20,100,1258650
20221130,11:05:11,18843.55,50,1258650
20221130,11:05:24,18849.40,150,1258650
20221130,11:05:46,18847.85,50,1259000
20221130,11:05:55,18847.85,50,1259000
20221130,11:06:06,18846.00,50,1259000
20221130,11:06:08,18847.00,50,1259000
20221130,11:06:18,18845.65,150,1259000
20221130,11:06:24,18847.85,50,1259000
20221130,11:07:01,18847.00,50,1259000
20221130,11:07:09,18847.00,100,1259000
20221130,11:07:25,18847.00,100,1259000
20221130,11:07:40,18848.45,50,1259000
20221130,11:07:44,18850.00,150,1259000
20221130,11:07:56,18849.00,50,1259000
20221130,11:08:12,18850.00,50,1259000
20221130,11:08:38,18849.00,50,1259000
20221130,11:08:46,18849.00,50,1259650
20221130,11:08:47,18847.45,50,1259650
20221130,11:09:21,18849.95,100,1259650
20221130,11:09:31,18849.20,50,1259650
20221130,11:09:36,18845.85,50,1259650
20221130,11:10:00,18847.90,50,1259650
20221130,11:10:16,18848.00,50,1259650
20221130,11:10:21,18849.20,50,1259650
20221130,11:10:22,18850.00,50,1259650
20221130,11:10:26,18853.30,1450,1259650
20221130,11:10:28,18850.00,50,1259650
20221130,11:10:35,18850.00,50,1259650
20221130,11:10:56,18852.45,200,1259650
20221130,11:10:58,18851.85,50,1259650
20221130,11:10:59,18852.65,100,1259650
20221130,11:11:02,18852.05,50,1259650
20221130,11:11:03,18852.00,50,1259650
20221130,11:11:08,18851.10,450,1259650
20221130,11:11:16,18850.85,50,1259650
20221130,11:11:27,18853.95,100,1259650
20221130,11:11:38,18853.70,50,1259650
20221130,11:11:56,18853.10,500,1261100
20221130,11:11:57,18851.80,900,1261100
20221130,11:11:58,18851.35,50,1261100
20221130,11:12:04,18852.00,50,1261100
20221130,11:12:09,18852.00,50,1261100
20221130,11:12:38,18849.00,50,1261100
20221130,11:13:01,18851.90,50,1261100
20221130,11:13:09,18848.55,50,1261100
20221130,11:13:09,18851.10,50,1261100
20221130,11:13:10,18851.10,50,1261100
20221130,11:13:17,18851.50,50,1261100
20221130,11:13:20,18851.75,300,1261100
20221130,11:13:26,18849.80,50,1261100
20221130,11:13:32,18850.20,50,1261100
20221130,11:14:10,18847.00,50,1261100
20221130,11:14:37,18846.80,50,1261100
20221130,11:14:49,18847.00,50,1262550
20221130,11:14:59,18850.00,50,1262550
20221130,11:15:04,18848.45,50,1262550
20221130,11:15:05,18848.60,50,1262550
20221130,11:15:06,18850.00,50,1262550
20221130,11:16:07,18850.00,50,1262550
20221130,11:16:13,18850.00,100,1262550
20221130,11:16:20,18850.00,50,1262550
20221130,11:16:33,18850.00,50,1262550
20221130,11:16:49,18851.00,50,1262550
20221130,11:16:57,18851.00,50,1262550
20221130,11:17:23,18851.65,100,1262550
20221130,11:17:36,18852.25,50,1262550
20221130,11:17:47,18854.35,50,1263050
20221130,11:17:58,18853.20,50,1263050
20221130,11:18:28,18853.00,150,1263050
20221130,11:18:45,18854.75,50,1263050
20221130,11:18:51,18855.10,50,1263050
20221130,11:18:58,18855.10,50,1263050
20221130,11:19:06,18852.55,50,1263050
20221130,11:19:12,18852.65,50,1263050
20221130,11:19:30,18855.65,50,1263050
20221130,11:19:47,18855.00,50,1263050
20221130,11:20:03,18855.60,250,1263050
20221130,11:20:38,18856.65,150,1263050
20221130,11:20:52,18855.60,150,1263700
20221130,11:21:17,18856.00,50,1263700
20221130,11:21:22,18855.60,50,1263700
20221130,11:21:29,18855.00,100,1263700
20221130,11:21:35,18851.90,100,1263700
20221130,11:22:44,18850.00,100,1263700
20221130,11:23:21,18850.05,50,1263700
20221130,11:23:36,18850.80,400,1263700
20221130,11:23:47,18851.10,150,1264400
20221130,11:23:48,18852.00,50,1264400
20221130,11:24:03,18856.15,50,1264400
20221130,11:24:06,18856.20,100,1264400
20221130,11:24:15,18852.85,50,1264400
20221130,11:24:24,18853.50,50,1264400
20221130,11:25:22,18853.00,100,1264400
20221130,11:25:28,18851.45,50,1264400
20221130,11:26:03,18850.15,50,1264400
20221130,11:26:25,18850.00,50,1264400
20221130,11:26:29,18850.00,50,1264400
20221130,11:26:51,18851.40,100,1264400
20221130,11:26:56,18847.75,50,1264600
20221130,11:27:01,18850.15,50,1264600
20221130,11:27:14,18846.00,250,1264600
20221130,11:27:17,18842.70,50,1264600
20221130,11:27:42,18841.00,500,1264600
20221130,11:28:01,18840.75,50,1264600
20221130,11:28:07,18840.60,50,1264600
20221130,11:28:38,18840.00,50,1264600
20221130,11:28:58,18840.00,300,1264600
20221130,11:29:12,18843.00,50,1264600
20221130,11:30:02,18840.00,250,1264750
20221130,11:30:10,18840.00,150,1264750
20221130,11:30:41,18844.05,50,1264750
20221130,11:30:46,18842.35,50,1264750
20221130,11:31:52,18842.35,500,1264750
20221130,11:31:53,18844.20,50,1264750
20221130,11:32:19,18843.55,100,1264750
20221130,11:32:32,18843.55,100,1264750
20221130,11:32:38,18846.75,50,1264750
20221130,11:32:48,18845.55,50,1264950
20221130,11:33:11,18843.05,100,1264950
20221130,11:33:38,18847.15,50,1264950
20221130,11:33:43,18849.35,50,1264950
20221130,11:34:03,18846.55,50,1264950
20221130,11:34:11,18846.55,100,1264950
20221130,11:34:27,18850.00,50,1264950
20221130,11:34:30,18848.20,150,1264950
20221130,11:34:53,18849.10,150,1264950
20221130,11:34:59,18851.00,150,1264950
20221130,11:35:03,18855.00,250,1264950
20221130,11:35:06,18852.40,100,1264950
20221130,11:35:17,18850.10,250,1264950
20221130,11:35:22,18855.00,50,1264950
20221130,11:35:28,18855.70,50,1264950
20221130,11:35:29,18856.20,250,1264950
20221130,11:35:30,18857.00,50,1264950
20221130,11:35:33,18857.00,250,1264950
20221130,11:35:34,18857.00,50,1264950
20221130,11:35:36,18856.10,50,1264950
20221130,11:35:40,18857.00,50,1264950
20221130,11:35:41,18855.95,100,1264950
20221130,11:35:42,18856.00,50,1264950
20221130,11:35:48,18857.00,1250,1264750
20221130,11:35:49,18859.05,250,1264750
20221130,11:35:50,18860.00,100,1264750
20221130,11:35:51,18860.00,100,1264750
20221130,11:35:52,18860.00,50,1264750
20221130,11:35:53,18860.00,250,1264750
20221130,11:35:54,18860.00,50,1264750
20221130,11:35:56,18860.00,50,1264750
20221130,11:35:57,18860.00,50,1264750
20221130,11:36:03,18860.00,50,1264750
20221130,11:36:24,18860.00,50,1264750
20221130,11:37:08,18856.10,400,1264750
20221130,11:37:10,18856.40,50,1264750
20221130,11:37:15,18856.60,50,1264750
20221130,11:37:40,18858.00,50,1264750
20221130,11:38:01,18859.05,50,1264750
20221130,11:38:11,18859.00,50,1264750
20221130,11:38:13,18859.00,50,1264750
20221130,11:38:17,18858.10,50,1264750
20221130,11:38:18,18859.00,50,1264750
20221130,11:38:33,18859.55,100,1264750
20221130,11:38:37,18859.45,50,1264750
20221130,11:38:41,18863.10,200,1264750
20221130,11:38:47,18860.50,50,1264750
20221130,11:38:55,18862.00,100,1265500
20221130,11:39:00,18862.55,50,1265500
20221130,11:39:57,18859.00,50,1265500
20221130,11:40:05,18860.00,50,1265500
20221130,11:40:25,18860.80,50,1265500
20221130,11:40:44,18859.95,50,1265500
20221130,11:40:46,18861.00,50,1265500
20221130,11:40:54,18865.00,1250,1265500
20221130,11:41:01,18864.00,50,1265500
20221130,11:41:08,18865.00,100,1265500
20221130,11:41:21,18866.00,100,1265500
20221130,11:41:29,18868.00,50,1265500
20221130,11:41:30,18868.00,50,1265500
20221130,11:41:31,18869.90,150,1265500
20221130,11:41:51,18868.00,50,1266350
20221130,11:41:56,18868.60,50,1266350
20221130,11:41:59,18870.00,50,1266350
20221130,11:42:04,18871.00,400,1266350
20221130,11:42:07,18871.80,50,1266350
20221130,11:42:09,18871.60,50,1266350
20221130,11:42:18,18871.50,50,1266350
20221130,11:42:20,18872.00,50,1266350
20221130,11:42:25,18873.30,100,1266350
20221130,11:42:26,18873.30,100,1266350
20221130,11:42:27,18873.90,100,1266350
20221130,11:42:30,18873.30,50,1266350
20221130,11:42:31,18873.30,50,1266350
20221130,11:42:41,18873.30,250,1266350
20221130,11:42:42,18873.30,50,1266350
20221130,11:42:43,18873.30,350,1266350
20221130,11:42:44,18873.30,400,1266350
20221130,11:42:50,18870.00,50,1266350
20221130,11:42:56,18869.80,500,1266350
20221130,11:43:01,18871.95,50,1266350
20221130,11:43:05,18872.35,100,1266350
20221130,11:43:15,18871.15,200,1266350
20221130,11:43:23,18871.35,50,1266350
20221130,11:43:24,18871.70,50,1266350
20221130,11:43:51,18870.00,50,1266350
20221130,11:44:17,18868.35,50,1266350
20221130,11:44:32,18869.95,150,1266350
20221130,11:45:04,18869.00,50,1268250
20221130,11:45:05,18868.00,50,1268250
20221130,11:45:11,18870.40,1800,1268250
20221130,11:45:13,18866.70,500,1268250
20221130,11:45:26,18867.75,50,1268250
20221130,11:45:37,18870.00,100,1268250
20221130,11:45:42,18875.00,1800,1268250
20221130,11:46:06,18873.55,200,1268250
20221130,11:46:32,18871.00,50,1268250
20221130,11:46:36,18869.00,1450,1268250
20221130,11:46:43,18873.50,50,1268250
20221130,11:46:48,18874.10,50,1268250
20221130,11:46:54,18873.50,50,1268250
20221130,11:46:55,18871.50,50,1268250
20221130,11:46:59,18874.65,50,1268250
20221130,11:47:07,18874.00,50,1268250
20221130,11:47:28,18873.40,50,1268250
20221130,11:47:43,18873.00,50,1268250
20221130,11:48:32,18868.90,100,1269250
20221130,11:48:33,18871.00,50,1269250
20221130,11:48:41,18868.55,50,1269250
20221130,11:49:13,18872.00,50,1269250
20221130,11:49:39,18873.00,200,1269250
20221130,11:49:46,18873.00,50,1269250
20221130,11:49:49,18873.00,50,1269250
20221130,11:49:55,18873.40,50,1269250
20221130,11:50:01,18874.00,50,1269250
20221130,11:50:13,18874.50,50,1269250
20221130,11:50:15,18874.00,200,1269250
20221130,11:50:17,18874.60,50,1269250
20221130,11:50:18,18874.00,200,1269250
20221130,11:50:25,18874.30,50,1269250
20221130,11:50:53,18875.00,100,1269400
20221130,11:51:24,18874.30,50,1269400
20221130,11:51:56,18872.00,100,1269400
20221130,11:52:22,18870.00,50,1269400
20221130,11:52:31,18870.00,50,1269400
20221130,11:52:54,18870.00,50,1269400
20221130,11:53:26,18870.00,50,1269400
20221130,11:53:40,18865.75,200,1269400
20221130,11:54:17,18865.75,50,1269850
20221130,11:54:48,18862.05,50,1269850
20221130,11:54:49,18862.60,50,1269850
20221130,11:54:56,18863.00,350,1269850
20221130,11:55:00,18863.00,50,1269850
20221130,11:55:03,18863.00,50,1269850
20221130,11:55:10,18863.00,300,1269850
20221130,11:55:12,18862.00,50,1269850
20221130,11:55:20,18862.95,50,1269850
20221130,11:55:30,18860.00,50,1269850
20221130,11:55:50,18860.85,100,1269850
20221130,11:55:52,18862.00,50,1269850
20221130,11:55:57,18863.00,50,1269850
20221130,11:56:33,18863.00,150,1269850
20221130,11:56:36,18863.00,100,1269850
20221130,11:56:41,18863.00,450,1269850
20221130,11:56:42,18866.55,50,1269850
20221130,11:56:51,18865.20,50,1269850
20221130,11:57:09,18866.45,50,1269850
20221130,11:57:22,18863.60,50,1269850
20221130,11:57:26,18863.60,50,1269850
20221130,11:57:58,18865.60,50,1269850
20221130,11:58:14,18865.60,50,1269850
20221130,11:58:27,18865.00,50,1269850
20221130,11:58:28,18866.55,250,1269850
20221130,11:58:35,18860.45,50,1269850
20221130,11:59:02,18862.90,50,1269850
20221130,11:59:23,18863.85,50,1269850
20221130,11:59:59,18863.85,50,1270200
20221130,12:00:03,18864.75,250,1270200
20221130,12:00:36,18864.75,150,1270200
20221130,12:00:44,18863.00,100,1270200
20221130,12:00:47,18861.15,50,1270200
20221130,12:00:54,18861.60,50,1270200
20221130,12:01:10,18862.75,100,1270200
20221130,12:01:37,18863.80,50,1270200
20221130,12:02:00,18863.95,50,1270200
20221130,12:02:34,18864.00,100,1270200
20221130,12:02:42,18863.70,50,1270200
20221130,12:04:06,18863.70,150,1270250
20221130,12:04:18,18865.00,100,1270250
20221130,12:04:31,18863.70,250,1270250
20221130,12:04:50,18863.05,50,1270250
20221130,12:05:15,18863.50,50,1270250
20221130,12:05:25,18863.70,100,1270250
20221130,12:05:37,18864.00,50,1270250
20221130,12:06:39,18864.00,50,1270750
20221130,12:06:54,18864.00,50,1270750
20221130,12:08:54,18864.95,100,1270750
20221130,12:08:55,18864.95,150,1270800
20221130,12:09:00,18864.95,250,1270800
20221130,12:09:49,18863.00,50,1270800
20221130,12:10:45,18863.00,50,1270800
20221130,12:11:30,18864.95,100,1270800
20221130,12:11:31,18865.00,100,1270800
20221130,12:11:32,18867.75,100,1270800
20221130,12:11:52,18866.25,50,1270800
20221130,12:12:03,18869.00,50,1271300
20221130,12:12:33,18867.70,100,1271300
20221130,12:12:41,18867.05,50,1271300
20221130,12:12:45,18867.05,50,1271300
20221130,12:13:01,18867.80,50,1271300
20221130,12:13:26,18866.85,150,1271300
20221130,12:13:54,18861.60,50,1271300
20221130,12:13:55,18861.55,50,1271300
20221130,12:14:42,18860.00,50,1271300
20221130,12:14:55,18860.00,50,1271400
20221130,12:15:09,18856.00,50,1271400
20221130,12:15:24,18855.00,200,1271400
20221130,12:15:30,18855.00,200,1271400
20221130,12:15:31,18855.00,50,1271400
20221130,12:16:07,18855.00,100,1271400
20221130,12:16:10,18854.45,50,1271400
20221130,12:16:22,18852.30,50,1271400
20221130,12:16:30,18853.45,50,1271400
20221130,12:16:52,18856.00,50,1271400
20221130,12:17:28,18858.85,50,1271400
20221130,12:17:36,18859.05,50,1271400
20221130,12:18:27,18858.25,100,1271400
20221130,12:18:56,18858.00,50,1271400
20221130,12:19:12,18856.60,100,1271400
20221130,12:19:22,18857.55,50,1271400
20221130,12:19:27,18857.60,50,1271400
20221130,12:19:36,18861.70,50,1271400
20221130,12:19:53,18858.15,50,1271400
20221130,12:20:00,18859.85,50,1271400
20221130,12:20:09,18859.85,50,1271400
20221130,12:21:22,18860.55,50,1271700
20221130,12:23:25,18860.10,50,1271700
20221130,12:23:28,18860.00,100,1271700
20221130,12:23:33,18857.40,50,1271700
20221130,12:24:12,18856.75,250,1271850
20221130,12:24:16,18859.80,50,1271850
20221130,12:24:17,18860.00,50,1271850
20221130,12:26:06,18861.45,50,1271850
20221130,12:26:12,18861.25,100,1271850
20221130,12:26:15,18861.00,50,1271850
20221130,12:26:45,18859.20,50,1271850
20221130,12:27:17,18862.45,50,1272100
20221130,12:28:49,18860.00,50,1272100
20221130,12:28:59,18860.00,50,1272100
20221130,12:29:01,18862.85,500,1272100
20221130,12:29:37,18862.00,200,1272100
20221130,12:30:45,18863.20,50,1272200
20221130,12:31:03,18865.00,100,1272200
20221130,12:31:35,18866.95,50,1272200
20221130,12:31:40,18866.85,50,1272200
20221130,12:31:58,18865.00,50,1272200
20221130,12:32:04,18865.00,50,1272200
20221130,12:32:48,18865.15,50,1272200
20221130,12:32:50,18863.90,150,1272200
20221130,12:33:08,18867.00,50,1272350
20221130,12:33:28,18866.65,100,1272350
20221130,12:34:10,18866.10,50,1272350
20221130,12:34:19,18867.85,50,1272350
20221130,12:35:35,18867.70,150,1272350
20221130,12:35:50,18866.00,50,1272350
20221130,12:36:04,18864.30,50,1272550
20221130,12:36:31,18866.15,50,1272550
20221130,12:36:40,18868.00,50,1272550
20221130,12:36:41,18869.60,50,1272550
20221130,12:36:44,18870.00,50,1272550
20221130,12:36:45,18870.00,50,1272550
20221130,12:37:13,18869.45,50,1272550
20221130,12:37:31,18868.00,150,1272550
20221130,12:37:43,18868.95,100,1272550
20221130,12:39:04,18867.00,50,1272750
20221130,12:40:02,18870.00,100,1272750
20221130,12:40:21,18870.25,50,1272750
20221130,12:40:26,18870.10,50,1272750
20221130,12:40:34,18867.45,500,1272750
20221130,12:40:42,18870.40,50,1272750
20221130,12:40:49,18867.10,50,1272750
20221130,12:41:02,18867.15,50,1272750
20221130,12:41:03,18870.00,50,1272750
20221130,12:41:04,18870.00,50,1272750
20221130,12:41:07,18870.00,150,1272750
20221130,12:41:07,18870.00,50,1272750
20221130,12:41:08,18870.00,50,1272750
20221130,12:41:18,18870.00,150,1272750
20221130,12:41:54,18867.95,50,1272750
20221130,12:42:02,18869.15,50,1272750
20221130,12:42:45,18869.00,50,1273600
20221130,12:43:00,18867.55,200,1273600
20221130,12:43:15,18870.00,50,1273600
20221130,12:43:16,18871.00,350,1273600
20221130,12:43:27,18872.00,200,1273600
20221130,12:43:29,18871.85,250,1273600
20221130,12:44:01,18873.15,50,1273600
20221130,12:44:02,18873.65,50,1273600
20221130,12:44:06,18874.60,150,1273600
20221130,12:44:34,18870.55,50,1273600
20221130,12:44:49,18873.00,50,1273600
20221130,12:44:53,18873.95,50,1273600
20221130,12:44:54,18874.00,50,1273600
20221130,12:44:57,18874.40,50,1273600
20221130,12:45:03,18874.35,50,1274700
20221130,12:45:06,18874.75,50,1274700
20221130,12:45:09,18874.30,50,1274700
20221130,12:45:15,18874.80,50,1274700
20221130,12:45:25,18874.80,50,1274700
20221130,12:45:26,18875.00,400,1274700
20221130,12:45:27,18875.35,250,1274700
20221130,12:45:28,18875.35,50,1274700
20221130,12:45:31,18874.95,50,1274700
20221130,12:46:04,18871.20,50,1274700
20221130,12:46:10,18870.05,50,1274700
20221130,12:46:15,18872.25,50,1274700
20221130,12:46:27,18872.90,50,1274700
20221130,12:47:36,18870.00,50,1274700
20221130,12:47:53,18868.10,50,1274700
20221130,12:48:03,18870.00,100,1275400
20221130,12:48:04,18870.00,50,1275400
20221130,12:48:09,18870.00,50,1275400
20221130,12:48:16,18869.65,50,1275400
20221130,12:48:53,18869.05,50,1275400
20221130,12:49:19,18870.00,50,1275400
20221130,12:49:22,18870.35,200,1275400
20221130,12:49:25,18868.00,50,1275400
20221130,12:49:56,18866.35,100,1275400
20221130,12:50:09,18867.00,50,1275400
20221130,12:50:14,18867.00,350,1275400
20221130,12:50:14,18867.00,100,1275400
20221130,12:50:25,18867.35,50,1275400
20221130,12:51:08,18864.70,1250,1275400
20221130,12:51:25,18868.85,500,1275950
20221130,12:52:12,18865.70,50,1275950
20221130,12:52:48,18865.00,50,1275950
20221130,12:52:53,18864.30,50,1275950
20221130,12:53:08,18865.00,50,1275950
20221130,12:53:13,18867.00,50,1275950
20221130,12:53:18,18865.00,50,1275950
20221130,12:53:47,18864.00,100,1275950
20221130,12:54:09,18864.00,150,1276500
20221130,12:54:24,18864.00,250,1276500
20221130,12:54:25,18864.00,400,1276500
20221130,12:54:26,18864.00,100,1276500
20221130,12:54:38,18863.95,50,1276500
20221130,12:54:59,18862.65,50,1276500
20221130,12:55:07,18864.00,50,1276500
20221130,12:55:07,18865.00,50,1276500
20221130,12:55:38,18863.35,50,1276500
20221130,12:56:18,18863.00,50,1276500
20221130,12:56:33,18865.00,50,1276500
20221130,12:57:06,18865.05,50,1277200
20221130,12:57:08,18867.00,100,1277200
20221130,12:57:09,18869.35,50,1277200
20221130,12:57:44,18870.00,50,1277200
20221130,12:57:48,18871.00,50,1277200
20221130,12:58:13,18872.90,100,1277200
20221130,12:58:23,18874.00,50,1277200
20221130,12:58:31,18875.35,200,1277200
20221130,12:58:39,18874.15,50,1277200
20221130,12:58:42,18877.50,400,1277200
20221130,12:58:43,18877.50,50,1277200
20221130,12:58:47,18878.00,50,1277200
20221130,12:58:49,18878.30,100,1277200
20221130,12:58:50,18878.30,50,1277200
20221130,12:58:54,18878.85,50,1277200
20221130,12:58:58,18879.00,100,1277200
20221130,12:59:02,18879.00,50,1277200
20221130,12:59:04,18876.20,50,1277200
20221130,12:59:12,18877.00,50,1277200
20221130,12:59:23,18878.75,150,1277200
20221130,12:59:50,18876.00,50,1277200
20221130,13:00:05,18878.00,50,1278150
20221130,13:00:15,18878.55,100,1278150
20221130,13:00:17,18878.75,50,1278150
20221130,13:00:18,18879.00,100,1278150
20221130,13:00:20,18879.00,50,1278150
20221130,13:00:21,18879.00,50,1278150
20221130,13:00:46,18878.75,50,1278150
20221130,13:00:51,18878.75,50,1278150
20221130,13:00:58,18878.75,50,1278150
20221130,13:01:15,18876.00,400,1278150
20221130,13:01:19,18876.00,50,1278150
20221130,13:01:33,18876.00,50,1278150
20221130,13:01:54,18878.25,100,1278150
20221130,13:01:57,18878.00,50,1278150
20221130,13:02:34,18876.00,50,1278150
20221130,13:02:43,18876.35,50,1278150
20221130,13:02:54,18876.00,50,1278150
20221130,13:02:55,18876.90,50,1278150
20221130,13:03:04,18876.90,50,1278800
20221130,13:03:09,18875.05,50,1278800
20221130,13:03:15,18877.60,250,1278800
20221130,13:03:16,18875.65,50,1278800
20221130,13:03:20,18875.65,50,1278800
20221130,13:03:28,18877.60,50,1278800
20221130,13:03:34,18877.60,100,1278800
20221130,13:03:36,18878.00,100,1278800
20221130,13:03:41,18878.55,50,1278800
20221130,13:03:45,18878.75,150,1278800
20221130,13:03:46,18878.95,50,1278800
20221130,13:03:50,18879.00,100,1278800
20221130,13:04:03,18879.00,50,1278800
20221130,13:04:05,18879.00,100,1278800
20221130,13:04:07,18879.30,50,1278800
20221130,13:04:22,18879.30,50,1278800
20221130,13:04:33,18876.30,150,1278800
20221130,13:04:40,18879.55,50,1278800
20221130,13:04:42,18879.70,50,1278800
20221130,13:04:52,18879.80,50,1278800
20221130,13:05:08,18879.80,50,1278800
20221130,13:05:21,18879.45,50,1278800
20221130,13:05:24,18879.50,100,1278800
20221130,13:05:25,18879.80,50,1278800
20221130,13:05:35,18879.20,100,1278800
20221130,13:06:29,18879.00,50,1280500
20221130,13:07:00,18875.95,50,1280500
20221130,13:07:02,18878.15,50,1280500
20221130,13:07:15,18878.35,50,1280500
20221130,13:07:17,18878.95,50,1280500
20221130,13:07:19,18879.00,150,1280500
20221130,13:07:37,18879.00,50,1280500
20221130,13:07:48,18879.20,50,1280500
20221130,13:07:49,18879.80,50,1280500
20221130,13:07:52,18880.95,500,1280500
20221130,13:07:53,18881.00,1200,1280500
20221130,13:07:54,18881.00,50,1280500
20221130,13:07:55,18881.00,250,1280500
20221130,13:07:56,18881.00,50,1280500
20221130,13:07:58,18882.00,300,1280500
20221130,13:07:59,18882.00,150,1280500
20221130,13:08:04,18882.00,250,1280500
20221130,13:08:06,18881.70,100,1280500
20221130,13:08:06,18879.75,50,1280500
20221130,13:08:08,18882.00,50,1280500
20221130,13:08:11,18882.00,50,1280500
20221130,13:08:17,18883.00,50,1280500
20221130,13:08:18,18883.00,50,1280500
20221130,13:08:19,18882.75,50,1280500
20221130,13:08:24,18883.80,100,1280500
20221130,13:08:25,18884.00,150,1280500
20221130,13:08:26,18884.00,100,1280500
20221130,13:08:26,18884.00,50,1280500
20221130,13:08:29,18884.00,100,1280500
20221130,13:08:32,18884.00,50,1280500
20221130,13:08:33,18884.00,550,1280500
20221130,13:08:34,18885.30,1400,1280500
20221130,13:08:37,18887.00,550,1280500
20221130,13:08:38,18887.00,50,1280500
20221130,13:08:48,18886.15,50,1280500
20221130,13:08:50,18884.55,150,1280500
20221130,13:08:54,18888.00,100,1280500
20221130,13:08:55,18888.75,50,1280500
20221130,13:09:00,18888.75,150,1280500
20221130,13:09:01,18889.00,50,1280500
20221130,13:09:02,18890.00,350,1280500
20221130,13:09:03,18890.00,450,1280500
20221130,13:09:05,18890.00,150,1280500
20221130,13:09:07,18890.00,100,1282650
20221130,13:09:08,18890.00,50,1282650
20221130,13:09:10,18890.60,50,1282650
20221130,13:09:14,18890.95,100,1282650
20221130,13:09:14,18891.00,200,1282650
20221130,13:09:17,18890.35,150,1282650
20221130,13:09:19,18889.75,50,1282650
20221130,13:09:25,18887.05,50,1282650
20221130,13:09:34,18888.30,300,1282650
20221130,13:09:40,18887.35,50,1282650
20221130,13:09:43,18889.10,50,1282650
20221130,13:09:45,18889.10,50,1282650
20221130,13:09:51,18886.40,50,1282650
20221130,13:10:06,18891.45,1250,1282650
20221130,13:10:09,18891.45,50,1282650
20221130,13:10:11,18886.45,50,1282650
20221130,13:10:21,18887.45,50,1282650
20221130,13:10:23,18887.60,50,1282650
20221130,13:10:28,18887.75,50,1282650
20221130,13:10:33,18888.25,50,1282650
20221130,13:10:43,18888.25,900,1282650
20221130,13:10:46,18888.25,650,1282650
20221130,13:10:47,18888.25,50,1282650
20221130,13:10:50,18888.00,50,1282650
20221130,13:11:00,18884.00,250,1282650
20221130,13:11:16,18884.00,50,1282650
20221130,13:11:20,18884.20,200,1282650
20221130,13:11:22,18884.50,50,1282650
20221130,13:11:23,18886.90,50,1282650
20221130,13:11:52,18886.65,100,1282650
20221130,13:12:06,18887.05,100,1285050
20221130,13:12:07,18887.40,50,1285050
20221130,13:12:25,18887.40,100,1285050
20221130,13:12:32,18887.45,50,1285050
20221130,13:12:35,18887.45,50,1285050
20221130,13:12:37,18887.45,50,1285050
20221130,13:12:39,18887.45,50,1285050
20221130,13:12:51,18887.10,150,1285050
20221130,13:13:00,18886.15,50,1285050
20221130,13:13:07,18886.65,100,1285050
20221130,13:13:14,18887.30,50,1285050
20221130,13:13:16,18890.25,150,1285050
20221130,13:13:18,18890.40,50,1285050
20221130,13:13:32,18888.15,50,1285050
20221130,13:13:34,18889.35,50,1285050
20221130,13:13:35,18889.00,50,1285050
20221130,13:13:43,18889.00,400,1285050
20221130,13:13:46,18889.55,150,1285050
20221130,13:13:48,18887.10,50,1285050
20221130,13:14:02,18884.20,50,1285050
20221130,13:14:09,18887.10,100,1285050
20221130,13:14:20,18887.10,50,1285050
20221130,13:14:25,18887.10,150,1285050
20221130,13:14:40,18887.95,300,1285050
20221130,13:14:49,18889.30,50,1285050
20221130,13:14:51,18890.00,100,1285050
20221130,13:14:55,18890.45,300,1285050
20221130,13:14:58,18889.40,150,1285050
20221130,13:15:05,18890.65,50,1285050
20221130,13:15:07,18889.45,50,1286850
20221130,13:15:17,18888.55,100,1286850
20221130,13:15:41,18886.35,50,1286850
20221130,13:15:58,18884.00,50,1286850
20221130,13:16:11,18882.35,100,1286850
20221130,13:16:28,18882.60,100,1286850
20221130,13:16:37,18882.65,50,1286850
20221130,13:16:38,18885.50,50,1286850
20221130,13:16:48,18886.00,50,1286850
20221130,13:16:55,18885.50,100,1286850
20221130,13:17:04,18886.00,50,1286850
20221130,13:17:08,18885.50,400,1286850
20221130,13:17:14,18886.20,200,1286850
20221130,13:17:21,18886.95,50,1286850
20221130,13:17:26,18886.95,50,1286850
20221130,13:17:27,18887.10,200,1286850
20221130,13:17:31,18886.95,150,1286850
20221130,13:17:32,18886.95,300,1286850
20221130,13:17:35,18887.10,250,1286850
20221130,13:17:36,18886.20,50,1286850
20221130,13:17:40,18887.00,250,1286850
20221130,13:17:42,18886.00,100,1286850
20221130,13:17:44,18886.30,150,1286850
20221130,13:17:48,18887.05,100,1286850
20221130,13:17:49,18887.15,200,1286850
20221130,13:17:55,18887.30,100,1286850
20221130,13:18:00,18887.30,250,1286850
20221130,13:18:07,18887.15,50,1288400
20221130,13:18:19,18887.35,50,1288400
20221130,13:18:26,18887.45,50,1288400
20221130,13:18:27,18887.45,200,1288400
20221130,13:18:28,18887.50,250,1288400
20221130,13:18:31,18887.35,50,1288400
20221130,13:18:33,18887.35,100,1288400
20221130,13:18:34,18887.35,50,1288400
20221130,13:18:38,18888.00,200,1288400
20221130,13:18:40,18888.00,150,1288400
20221130,13:18:58,18887.10,50,1288400
20221130,13:19:15,18887.35,150,1288400
20221130,13:19:25,18887.35,50,1288400
20221130,13:19:30,18885.15,50,1288400
20221130,13:19:41,18885.00,50,1288400
20221130,13:19:51,18882.65,100,1288400
20221130,13:19:55,18885.00,50,1288400
20221130,13:19:56,18882.65,50,1288400
20221130,13:20:21,18883.00,50,1288400
20221130,13:20:23,18883.00,50,1288400
20221130,13:20:25,18882.60,100,1288400
20221130,13:20:31,18880.00,650,1288400
20221130,13:20:46,18880.25,200,1288400
20221130,13:20:50,18882.00,50,1288400
20221130,13:20:53,18881.70,50,1288400
20221130,13:20:56,18882.45,50,1288400
20221130,13:21:29,18885.00,50,1288700
20221130,13:21:35,18886.20,50,1288700
20221130,13:22:05,18885.30,50,1288700
20221130,13:22:06,18887.40,250,1288700
20221130,13:22:15,18886.25,100,1288700
20221130,13:22:16,18887.00,250,1288700
20221130,13:22:17,18886.85,450,1288700
20221130,13:22:32,18884.95,250,1288700
20221130,13:22:36,18882.00,150,1288700
20221130,13:22:37,18884.95,50,1288700
20221130,13:23:37,18883.40,250,1288700
20221130,13:23:40,18884.95,50,1288700
20221130,13:23:53,18885.75,50,1288700
20221130,13:24:00,18886.10,50,1288700
20221130,13:24:04,18887.00,50,1288700
20221130,13:24:13,18887.00,50,1288400
20221130,13:24:27,18888.00,50,1288400
20221130,13:24:28,18888.00,50,1288400
20221130,13:24:30,18888.25,50,1288400
20221130,13:24:32,18889.00,50,1288400
20221130,13:24:37,18889.00,50,1288400
20221130,13:24:39,18889.00,50,1288400
20221130,13:24:43,18889.00,50,1288400
20221130,13:24:51,18889.00,50,1288400
20221130,13:24:56,18889.65,50,1288400
20221130,13:24:57,18890.00,150,1288400
20221130,13:25:01,18889.95,50,1288400
20221130,13:25:02,18890.00,50,1288400
20221130,13:25:03,18890.00,50,1288400
20221130,13:25:18,18889.15,50,1288400
20221130,13:25:21,18890.00,150,1288400
20221130,13:25:22,18890.00,100,1288400
20221130,13:25:30,18890.00,50,1288400
20221130,13:25:32,18890.65,50,1288400
20221130,13:25:37,18889.70,50,1288400
20221130,13:25:39,18893.00,600,1288400
20221130,13:25:40,18893.70,50,1288400
20221130,13:25:41,18893.70,50,1288400
20221130,13:25:42,18894.00,250,1288400
20221130,13:25:44,18894.70,50,1288400
20221130,13:25:48,18894.70,50,1288400
20221130,13:25:51,18893.00,100,1288400
20221130,13:26:11,18893.00,50,1288400
20221130,13:26:16,18890.50,50,1288400
20221130,13:26:27,18892.00,50,1288400
20221130,13:26:30,18890.05,50,1288400
20221130,13:26:40,18890.35,50,1288400
20221130,13:26:51,18891.00,50,1288400
20221130,13:26:52,18890.35,50,1288400
20221130,13:27:04,18890.35,50,1288400
20221130,13:27:06,18890.00,100,1288400
20221130,13:27:07,18889.00,50,1288400
20221130,13:27:19,18890.25,50,1289250
20221130,13:27:24,18889.00,50,1289250
20221130,13:27:25,18889.00,50,1289250
20221130,13:27:41,18884.45,150,1289250
20221130,13:27:45,18884.55,50,1289250
20221130,13:27:46,18884.50,50,1289250
20221130,13:27:50,18883.25,100,1289250
20221130,13:28:10,18881.10,50,1289250
20221130,13:28:15,18881.80,50,1289250
20221130,13:28:30,18881.80,50,1289250
20221130,13:28:34,18883.00,100,1289250
20221130,13:28:40,18880.65,100,1289250
20221130,13:28:46,18882.15,50,1289250
20221130,13:28:50,18882.00,50,1289250
20221130,13:28:54,18882.20,50,1289250
20221130,13:28:58,18882.20,50,1289250
20221130,13:28:59,18882.05,100,1289250
20221130,13:29:05,18883.15,50,1289250
20221130,13:29:09,18882.05,50,1289250
20221130,13:29:10,18885.65,50,1289250
20221130,13:29:31,18882.05,50,1289250
20221130,13:30:04,18882.50,50,1289250
20221130,13:30:22,18878.75,1500,1289400
20221130,13:30:31,18881.90,50,1289400
20221130,13:30:32,18881.85,50,1289400
20221130,13:30:48,18882.00,50,1289400
20221130,13:30:54,18880.50,50,1289400
20221130,13:31:05,18879.35,50,1289400
20221130,13:31:26,18882.00,50,1289400
20221130,13:31:32,18882.00,350,1289400
20221130,13:31:41,18881.00,50,1289400
20221130,13:31:44,18881.00,50,1289400
20221130,13:31:46,18882.00,100,1289400
20221130,13:31:47,18882.00,100,1289400
20221130,13:31:48,18884.35,200,1289400
20221130,13:31:49,18884.35,50,1289400
20221130,13:31:53,18885.00,100,1289400
20221130,13:31:56,18885.65,50,1289400
20221130,13:32:04,18886.40,50,1289400
20221130,13:32:07,18885.65,50,1289400
20221130,13:32:09,18887.90,50,1289400
20221130,13:32:16,18888.00,100,1289400
20221130,13:32:20,18889.95,50,1289400
20221130,13:32:30,18886.70,100,1289400
20221130,13:32:32,18890.00,50,1289400
20221130,13:32:33,18890.00,50,1289400
20221130,13:32:35,18890.00,100,1289400
20221130,13:32:37,18887.90,50,1289400
20221130,13:33:43,18890.10,50,1289750
20221130,13:33:53,18889.00,150,1289750
20221130,13:33:58,18887.90,50,1289750
20221130,13:34:08,18887.90,50,1289750
20221130,13:35:35,18889.65,600,1289750
20221130,13:35:56,18890.35,150,1289750
20221130,13:35:58,18887.90,100,1289750
20221130,13:36:20,18887.95,50,1289750
20221130,13:36:29,18886.05,150,1289750
20221130,13:36:38,18886.55,150,1289750
20221130,13:37:04,18886.00,50,1289750
20221130,13:37:40,18887.80,100,1289750
20221130,13:37:50,18884.55,250,1289750
20221130,13:38:13,18881.55,100,1289750
20221130,13:38:22,18881.20,50,1289750
20221130,13:38:27,18881.20,50,1289750
20221130,13:38:35,18881.65,50,1289750
20221130,13:38:46,18881.65,50,1289750
20221130,13:38:51,18881.65,100,1289750
20221130,13:38:57,18881.65,50,1289750
20221130,13:39:00,18881.65,100,1289750
20221130,13:39:01,18881.65,50,1289750
20221130,13:39:08,18881.65,50,1289750
20221130,13:39:13,18878.05,1200,1289850
20221130,13:39:36,18880.00,50,1289850
20221130,13:39:55,18882.45,50,1289850
20221130,13:39:59,18879.10,200,1289850
20221130,13:40:08,18875.05,200,1289850
20221130,13:40:11,18878.50,100,1289850
20221130,13:40:25,18876.05,50,1289850
20221130,13:40:48,18881.75,50,1289850
20221130,13:41:21,18879.15,50,1289850
20221130,13:41:31,18880.80,150,1289850
20221130,13:42:01,18881.25,100,1289850
20221130,13:42:09,18880.80,50,1289850
20221130,13:42:30,18880.80,50,1290550
20221130,13:42:39,18882.00,50,1290550
20221130,13:42:51,18882.25,50,1290550
20221130,13:42:53,18884.00,50,1290550
20221130,13:42:56,18884.00,50,1290550
20221130,13:42:57,18884.00,150,1290550
20221130,13:43:36,18882.00,50,1290550
20221130,13:43:57,18878.40,200,1290550
20221130,13:44:07,18883.15,50,1290550
20221130,13:44:10,18880.20,50,1290550
20221130,13:44:31,18880.00,150,1290550
20221130,13:44:34,18879.90,250,1290550
20221130,13:44:47,18882.75,150,1290550
20221130,13:45:02,18881.75,100,1290550
20221130,13:45:04,18879.20,50,1290550
20221130,13:45:39,18883.30,50,1290800
20221130,13:45:55,18882.00,50,1290800
20221130,13:45:56,18883.60,50,1290800
20221130,13:46:10,18884.00,50,1290800
20221130,13:46:14,18884.90,50,1290800
20221130,13:46:19,18887.75,100,1290800
20221130,13:46:20,18888.00,50,1290800
20221130,13:46:50,18888.80,100,1290800
20221130,13:47:02,18888.85,50,1290800
20221130,13:47:05,18885.55,50,1290800
20221130,13:47:25,18885.25,50,1290800
20221130,13:47:29,18885.15,50,1290800
20221130,13:48:00,18885.00,50,1290800
20221130,13:48:15,18882.05,50,1291100
20221130,13:48:34,18882.05,50,1291100
20221130,13:48:51,18882.00,50,1291100
20221130,13:49:19,18881.00,50,1291100
20221130,13:50:09,18882.50,50,1291100
20221130,13:50:42,18882.00,50,1291100
20221130,13:50:50,18879.35,50,1291100
20221130,13:51:03,18880.00,50,1291100
20221130,13:51:04,18883.00,150,1291100
20221130,13:51:12,18881.75,50,1291100
20221130,13:51:30,18881.15,50,1291500
20221130,13:51:35,18880.25,100,1291500
20221130,13:51:38,18877.15,250,1291500
20221130,13:51:52,18877.15,100,1291500
20221130,13:51:55,18875.65,100,1291500
20221130,13:51:56,18878.00,50,1291500
20221130,13:52:12,18876.00,100,1291500
20221130,13:52:47,18879.80,50,1291500
20221130,13:53:10,18878.00,100,1291500
20221130,13:53:40,18880.00,50,1291500
20221130,13:53:46,18881.00,150,1291500
20221130,13:53:59,18881.90,50,1291500
20221130,13:54:20,18879.30,100,1291800
20221130,13:54:36,18878.05,50,1291800
20221130,13:54:43,18878.00,50,1291800
20221130,13:54:46,18878.05,50,1291800
20221130,13:54:48,18880.00,50,1291800
20221130,13:54:59,18880.00,50,1291800
20221130,13:55:02,18880.00,100,1291800
20221130,13:55:08,18878.05,50,1291800
20221130,13:55:15,18880.00,100,1291800
20221130,13:55:20,18880.00,100,1291800
20221130,13:55:22,18880.00,50,1291800
20221130,13:55:43,18880.00,100,1291800
20221130,13:55:48,18883.45,50,1291800
20221130,13:55:52,18882.70,50,1291800
20221130,13:55:53,18884.15,50,1291800
20221130,13:55:59,18885.00,150,1291800
20221130,13:56:25,18882.30,50,1291800
20221130,13:56:52,18885.00,50,1291800
20221130,13:57:14,18880.00,50,1292650
20221130,13:57:25,18880.10,50,1292650
20221130,13:57:39,18883.45,50,1292650
20221130,13:58:16,18880.05,50,1292650
20221130,13:58:22,18880.55,100,1292650
20221130,13:58:39,18881.65,50,1292650
20221130,13:59:17,18881.40,50,1292650
20221130,14:00:03,18881.75,200,1292650
20221130,14:00:31,18884.65,50,1292850
20221130,14:00:34,18888.00,150,1292850
20221130,14:00:36,18888.95,150,1292850
20221130,14:00:38,18889.35,200,1292850
20221130,14:00:45,18889.00,150,1292850
20221130,14:00:46,18888.95,50,1292850
20221130,14:00:55,18888.35,50,1292850
20221130,14:00:56,18886.40,100,1292850
20221130,14:00:59,18887.65,50,1292850
20221130,14:01:08,18886.00,50,1292850
20221130,14:01:20,18886.00,50,1292850
20221130,14:01:21,18886.65,50,1292850
20221130,14:01:23,18883.90,250,1292850
20221130,14:01:35,18884.00,50,1292850
20221130,14:01:37,18884.55,150,1292850
20221130,14:01:38,18884.60,150,1292850
20221130,14:01:42,18884.60,50,1292850
20221130,14:02:07,18881.75,50,1292850
20221130,14:02:16,18884.00,150,1292850
20221130,14:02:29,18883.20,50,1292850
20221130,14:02:33,18883.00,100,1292850
20221130,14:02:42,18880.10,50,1292850
20221130,14:02:50,18881.05,100,1292850
20221130,14:02:54,18881.30,50,1292850
20221130,14:02:58,18883.00,250,1292850
20221130,14:02:59,18884.00,150,1292850
20221130,14:03:28,18883.80,50,1294600
20221130,14:03:32,18884.00,100,1294600
20221130,14:03:49,18885.00,50,1294600
20221130,14:03:57,18885.30,100,1294600
20221130,14:04:28,18884.00,50,1294600
20221130,14:04:30,18884.00,50,1294600
20221130,14:04:39,18884.70,150,1294600
20221130,14:04:42,18883.35,50,1294600
20221130,14:05:43,18885.00,50,1294600
20221130,14:05:52,18886.10,50,1294600
20221130,14:06:06,18883.85,200,1294600
20221130,14:06:10,18885.10,50,1294600
20221130,14:06:35,18883.00,50,1294500
20221130,14:06:43,18883.00,100,1294500
20221130,14:06:47,18883.00,50,1294500
20221130,14:06:56,18884.00,50,1294500
20221130,14:07:03,18884.00,100,1294500
20221130,14:07:24,18884.00,50,1294500
20221130,14:07:29,18885.00,50,1294500
20221130,14:07:46,18887.00,200,1294500
20221130,14:07:52,18884.95,100,1294500
20221130,14:08:24,18885.60,100,1294500
20221130,14:08:25,18888.00,350,1294500
20221130,14:08:29,18888.00,150,1294500
20221130,14:08:30,18887.45,50,1294500
20221130,14:08:31,18888.05,200,1294500
20221130,14:08:33,18888.30,50,1294500
20221130,14:08:34,18890.00,100,1294500
20221130,14:08:37,18890.35,50,1294500
20221130,14:08:57,18886.90,100,1294500
20221130,14:09:07,18889.95,50,1294500
20221130,14:09:17,18886.25,100,1295450
20221130,14:09:34,18883.70,100,1295450
20221130,14:09:55,18881.60,50,1295450
20221130,14:10:02,18880.00,50,1295450
20221130,14:10:06,18880.00,50,1295450
20221130,14:10:07,18881.00,50,1295450
20221130,14:10:09,18878.00,50,1295450
20221130,14:10:12,18872.10,350,1295450
20221130,14:10:13,18870.10,150,1295450
20221130,14:10:22,18870.00,50,1295450
20221130,14:10:23,18869.05,50,1295450
20221130,14:10:24,18869.10,50,1295450
20221130,14:10:33,18872.60,200,1295450
20221130,14:10:36,18870.40,50,1295450
20221130,14:10:53,18874.70,50,1295450
20221130,14:11:04,18873.15,50,1295450
20221130,14:11:14,18874.70,50,1295450
20221130,14:11:30,18874.90,50,1295450
20221130,14:11:43,18874.90,50,1295450
20221130,14:11:49,18878.05,50,1295450
20221130,14:12:01,18878.05,50,1295450
20221130,14:12:02,18878.20,50,1295450
20221130,14:12:03,18881.05,100,1295450
20221130,14:12:05,18880.20,150,1295450
20221130,14:12:10,18880.20,50,1295450
20221130,14:12:19,18883.00,100,1295850
20221130,14:12:24,18885.00,400,1295850
20221130,14:12:25,18885.00,200,1295850
20221130,14:12:30,18888.00,50,1295850
20221130,14:12:38,18887.70,300,1295850
20221130,14:12:55,18883.90,50,1295850
20221130,14:13:02,18887.00,200,1295850
20221130,14:13:03,18887.00,150,1295850
20221130,14:13:04,18887.00,50,1295850
20221130,14:13:18,18887.00,100,1295850
20221130,14:13:20,18886.00,50,1295850
20221130,14:13:43,18885.30,50,1295850
20221130,14:14:05,18886.90,100,1295850
20221130,14:14:23,18886.55,50,1295850
20221130,14:15:07,18887.00,200,1295850
20221130,14:15:12,18887.00,100,1295850
20221130,14:15:17,18887.00,100,1295700
20221130,14:15:27,18887.00,200,1295700
20221130,14:15:32,18887.00,100,1295700
20221130,14:15:33,18887.00,50,1295700
20221130,14:15:34,18887.00,50,1295700
20221130,14:15:39,18888.00,250,1295700
20221130,14:15:48,18887.05,50,1295700
20221130,14:15:50,18887.05,100,1295700
20221130,14:16:02,18887.10,50,1295700
20221130,14:16:10,18888.00,100,1295700
20221130,14:16:24,18888.00,50,1295700
20221130,14:16:46,18887.00,50,1295700
20221130,14:16:57,18885.45,50,1295700
20221130,14:17:11,18887.95,50,1295700
20221130,14:17:36,18885.00,50,1295700
20221130,14:18:28,18885.55,200,1296150
20221130,14:19:17,18884.95,50,1296150
20221130,14:19:33,18887.80,50,1296150
20221130,14:19:45,18885.20,50,1296150
20221130,14:19:46,18887.80,50,1296150
20221130,14:19:49,18887.80,50,1296150
20221130,14:19:56,18885.10,100,1296150
20221130,14:20:12,18885.00,50,1296150
20221130,14:20:14,18885.00,50,1296150
20221130,14:20:16,18885.00,100,1296150
20221130,14:20:34,18882.60,50,1296150
20221130,14:20:38,18883.90,50,1296150
20221130,14:21:01,18885.20,50,1296150
20221130,14:21:32,18882.95,50,1296600
20221130,14:22:02,18881.25,50,1296600
20221130,14:22:10,18881.05,50,1296600
20221130,14:22:13,18880.00,100,1296600
20221130,14:22:15,18881.60,50,1296600
20221130,14:22:21,18879.00,100,1296600
20221130,14:22:22,18879.00,50,1296600
20221130,14:22:24,18880.00,50,1296600
20221130,14:22:25,18880.00,50,1296600
20221130,14:22:47,18884.95,50,1296600
20221130,14:22:48,18885.00,100,1296600
20221130,14:22:57,18885.35,50,1296600
20221130,14:23:03,18888.00,100,1296600
20221130,14:23:58,18883.35,250,1296600
20221130,14:24:16,18885.60,50,1296600
20221130,14:24:32,18886.25,50,1296900
20221130,14:24:41,18888.00,50,1296900
20221130,14:24:43,18886.95,50,1296900
20221130,14:24:51,18888.00,100,1296900
20221130,14:25:04,18888.90,100,1296900
20221130,14:25:05,18888.20,50,1296900
20221130,14:25:07,18890.00,50,1296900
20221130,14:25:17,18887.45,50,1296900
20221130,14:25:40,18890.00,50,1296900
20221130,14:25:43,18890.00,50,1296900
20221130,14:25:44,18889.45,50,1296900
20221130,14:25:46,18890.00,50,1296900
20221130,14:26:13,18889.60,50,1296900
20221130,14:26:14,18891.00,2000,1296900
20221130,14:26:17,18892.00,100,1296900
20221130,14:26:28,18894.00,150,1296900
20221130,14:26:29,18900.00,3650,1296900
20221130,14:26:30,18900.00,100,1296900
20221130,14:26:31,18900.00,50,1296900
20221130,14:26:32,18899.95,100,1296900
20221130,14:26:33,18897.95,50,1296900
20221130,14:26:35,18900.00,50,1296900
20221130,14:26:40,18899.00,50,1296900
20221130,14:26:41,18900.00,750,1296900
20221130,14:26:42,18900.00,350,1296900
20221130,14:26:44,18900.00,450,1296900
20221130,14:26:45,18900.00,50,1296900
20221130,14:26:46,18907.35,3550,1296900
20221130,14:26:47,18907.35,50,1296900
20221130,14:26:51,18904.40,50,1296900
20221130,14:26:54,18907.50,50,1296900
20221130,14:26:58,18907.50,50,1296900
20221130,14:27:00,18903.00,100,1296900
20221130,14:27:06,18903.85,50,1296900
20221130,14:27:08,18905.60,50,1296900
20221130,14:27:10,18903.30,50,1296900
20221130,14:27:15,18905.75,50,1296900
20221130,14:27:17,18903.50,50,1296900
20221130,14:27:22,18903.45,100,1299900
20221130,14:27:23,18905.40,50,1299900
20221130,14:27:26,18905.85,50,1299900
20221130,14:27:29,18905.00,50,1299900
20221130,14:27:30,18905.00,50,1299900
20221130,14:27:31,18906.00,50,1299900
20221130,14:27:40,18905.05,200,1299900
20221130,14:27:41,18907.70,100,1299900
20221130,14:27:43,18910.00,5450,1299900
20221130,14:27:51,18908.50,100,1299900
20221130,14:27:55,18908.85,100,1299900
20221130,14:28:02,18908.00,50,1299900
20221130,14:28:08,18908.85,50,1299900
20221130,14:28:10,18909.05,50,1299900
20221130,14:28:12,18909.05,50,1299900
20221130,14:28:13,18909.00,100,1299900
20221130,14:28:14,18909.20,50,1299900
20221130,14:28:19,18909.15,50,1299900
20221130,14:28:25,18908.05,50,1299900
20221130,14:28:30,18908.05,50,1299900
20221130,14:28:31,18908.05,50,1299900
20221130,14:28:33,18909.05,50,1299900
20221130,14:28:38,18908.00,50,1299900
20221130,14:28:45,18908.00,100,1299900
20221130,14:28:52,18909.35,200,1299900
20221130,14:28:58,18909.00,50,1299900
20221130,14:29:02,18909.65,50,1299900
20221130,14:29:03,18909.00,50,1299900
20221130,14:29:07,18909.35,100,1299900
20221130,14:29:12,18910.00,50,1299900
20221130,14:29:13,18908.80,50,1299900
20221130,14:29:14,18910.00,100,1299900
20221130,14:29:21,18911.00,100,1299900
20221130,14:29:21,18911.00,50,1299900
20221130,14:29:24,18911.20,50,1299900
20221130,14:29:26,18911.20,50,1299900
20221130,14:29:29,18911.20,50,1299900
20221130,14:29:34,18910.00,50,1299900
20221130,14:29:40,18909.75,200,1299900
20221130,14:29:47,18909.35,50,1299900
20221130,14:29:49,18910.00,50,1299900
20221130,14:29:50,18910.00,100,1299900
20221130,14:29:53,18909.35,100,1299900
20221130,14:30:01,18909.35,50,1299900
20221130,14:30:02,18910.00,200,1299900
20221130,14:30:04,18912.00,50,1299900
20221130,14:30:06,18912.80,100,1299900
20221130,14:30:07,18913.00,150,1299900
20221130,14:30:21,18914.95,200,1303500
20221130,14:30:22,18914.95,50,1303500
20221130,14:30:23,18915.95,500,1303500
20221130,14:30:24,18915.95,100,1303500
20221130,14:30:25,18914.95,150,1303500
20221130,14:30:29,18915.00,50,1303500
20221130,14:30:31,18916.00,50,1303500
20221130,14:30:32,18916.00,100,1303500
20221130,14:30:33,18916.00,100,1303500
20221130,14:30:36,18916.00,100,1303500
20221130,14:30:39,18916.50,100,1303500
20221130,14:30:40,18916.50,50,1303500
20221130,14:30:44,18914.00,50,1303500
20221130,14:30:45,18915.95,100,1303500
20221130,14:30:53,18915.10,50,1303500
20221130,14:30:56,18916.00,50,1303500
20221130,14:31:08,18915.10,1300,1303500
20221130,14:31:12,18915.00,400,1303500
20221130,14:31:13,18916.00,50,1303500
20221130,14:31:14,18916.50,50,1303500
20221130,14:31:15,18918.00,50,1303500
20221130,14:31:19,18919.90,150,1303500
20221130,14:31:20,18919.90,100,1303500
20221130,14:31:21,18920.00,150,1303500
20221130,14:31:23,18920.00,50,1303500
20221130,14:31:25,18919.90,50,1303500
20221130,14:31:32,18918.10,50,1303500
20221130,14:31:34,18917.80,100,1303500
20221130,14:31:36,18917.85,50,1303500
20221130,14:31:37,18920.00,50,1303500
20221130,14:31:46,18917.75,50,1303500
20221130,14:31:52,18920.00,50,1303500
20221130,14:31:58,18920.00,650,1303500
20221130,14:31:59,18919.30,50,1303500
20221130,14:32:00,18919.40,50,1303500
20221130,14:32:01,18919.50,100,1303500
20221130,14:32:03,18920.00,100,1303500
20221130,14:32:04,18919.55,50,1303500
20221130,14:32:05,18920.30,50,1303500
20221130,14:32:06,18921.90,50,1303500
20221130,14:32:15,18921.90,50,1303500
20221130,14:32:15,18920.30,50,1303500
20221130,14:32:16,18920.35,50,1303500
20221130,14:32:18,18920.15,50,1303500
20221130,14:32:20,18920.05,50,1303500
20221130,14:32:21,18920.30,100,1303500
20221130,14:32:25,18920.15,50,1303500
20221130,14:32:29,18920.00,150,1303500
20221130,14:32:30,18920.00,200,1303500
20221130,14:32:31,18920.00,50,1303500
20221130,14:32:32,18920.00,100,1303500
20221130,14:32:35,18920.00,50,1303500
20221130,14:32:36,18919.05,100,1303500
20221130,14:32:38,18921.60,250,1303500
20221130,14:32:41,18919.05,50,1303500
20221130,14:32:42,18920.00,150,1303500
20221130,14:32:46,18919.45,50,1303500
20221130,14:32:49,18920.20,100,1303500
20221130,14:32:51,18922.00,250,1303500
20221130,14:32:51,18924.60,200,1303500
20221130,14:32:52,18924.60,250,1303500
20221130,14:32:53,18925.00,500,1303500
20221130,14:32:54,18925.00,50,1303500
20221130,14:32:56,18925.00,500,1303500
20221130,14:32:57,18924.95,200,1303500
20221130,14:32:59,18924.60,250,1303500
20221130,14:33:00,18925.00,300,1303500
20221130,14:33:03,18921.60,50,1303500
20221130,14:33:07,18920.50,50,1303500
20221130,14:33:15,18922.00,50,1303500
20221130,14:33:17,18921.10,50,1303500
20221130,14:33:22,18920.25,50,1305550
20221130,14:33:23,18921.05,50,1305550
20221130,14:33:28,18921.05,50,1305550
20221130,14:33:29,18921.05,50,1305550
20221130,14:33:32,18921.00,100,1305550
20221130,14:33:33,18921.00,50,1305550
20221130,14:33:36,18921.00,300,1305550
20221130,14:33:37,18921.90,50,1305550
20221130,14:33:38,18920.00,100,1305550
20221130,14:33:39,18920.40,400,1305550
20221130,14:33:44,18920.00,450,1305550
20221130,14:33:46,18915.10,50,1305550
20221130,14:33:47,18915.05,150,1305550
20221130,14:33:54,18919.40,1000,1305550
20221130,14:33:56,18915.00,50,1305550
20221130,14:33:59,18913.45,50,1305550
20221130,14:34:00,18913.45,100,1305550
20221130,14:34:03,18915.00,150,1305550
20221130,14:34:06,18915.10,50,1305550
20221130,14:34:07,18915.10,50,1305550
20221130,14:34:14,18915.20,150,1305550
20221130,14:34:19,18915.70,50,1305550
20221130,14:34:20,18915.00,50,1305550
20221130,14:34:23,18914.50,50,1305550
20221130,14:34:24,18914.45,50,1305550
20221130,14:34:25,18914.45,50,1305550
20221130,14:34:28,18916.50,50,1305550
20221130,14:34:32,18915.00,50,1305550
20221130,14:34:36,18915.00,200,1305550
20221130,14:34:40,18910.45,50,1305550
20221130,14:34:42,18914.95,50,1305550
20221130,14:34:44,18912.55,50,1305550
20221130,14:34:48,18914.30,100,1305550
20221130,14:35:00,18912.40,100,1305550
20221130,14:35:01,18911.30,1500,1305550
20221130,14:35:04,18912.60,50,1305550
20221130,14:35:06,18912.40,50,1305550
20221130,14:35:10,18913.65,400,1305550
20221130,14:35:12,18916.00,100,1305550
20221130,14:35:14,18914.30,100,1305550
20221130,14:35:19,18917.45,100,1305550
20221130,14:35:22,18917.65,100,1305550
20221130,14:35:24,18917.00,50,1305550
20221130,14:35:31,18917.00,50,1305550
20221130,14:35:35,18917.00,50,1305550
20221130,14:35:37,18915.50,100,1305550
20221130,14:35:39,18914.25,250,1305550
20221130,14:35:40,18914.05,50,1305550
20221130,14:35:50,18916.00,100,1305550
20221130,14:36:02,18916.00,50,1305550
20221130,14:36:24,18912.00,50,1307100
20221130,14:36:27,18913.00,50,1307100
20221130,14:36:38,18913.00,100,1307100
20221130,14:36:55,18913.00,100,1307100
20221130,14:36:56,18914.00,50,1307100
20221130,14:36:58,18915.00,50,1307100
20221130,14:36:59,18915.00,100,1307100
20221130,14:37:00,18915.20,150,1307100
20221130,14:37:02,18915.20,50,1307100
20221130,14:37:04,18915.20,100,1307100
20221130,14:37:12,18917.90,50,1307100
20221130,14:37:14,18915.85,50,1307100
20221130,14:37:23,18915.50,50,1307100
20221130,14:37:33,18915.50,50,1307100
20221130,14:37:35,18915.60,200,1307100
20221130,14:37:38,18916.30,50,1307100
20221130,14:37:42,18920.00,100,1307100
20221130,14:37:56,18919.35,150,1307100
20221130,14:37:58,18915.90,50,1307100
20221130,14:38:03,18915.90,100,1307100
20221130,14:38:05,18917.50,50,1307100
20221130,14:38:09,18916.85,50,1307100
20221130,14:38:17,18917.00,50,1307100
20221130,14:38:18,18917.00,100,1307100
20221130,14:38:19,18917.00,100,1307100
20221130,14:38:20,18919.00,50,1307100
20221130,14:38:28,18915.30,100,1307100
20221130,14:38:34,18915.15,50,1307100
20221130,14:38:40,18915.60,50,1307100
20221130,14:38:45,18916.80,550,1307100
20221130,14:38:46,18916.50,50,1307100
20221130,14:38:49,18917.00,50,1307100
20221130,14:38:51,18918.65,50,1307100
20221130,14:38:52,18917.10,50,1307100
20221130,14:38:59,18918.10,50,1307100
20221130,14:39:03,18916.90,50,1307100
20221130,14:39:07,18922.10,100,1307100
20221130,14:39:14,18923.85,150,1307100
20221130,14:39:22,18918.15,50,1307750
20221130,14:39:26,18921.25,100,1307750
20221130,14:39:27,18917.60,50,1307750
20221130,14:39:35,18920.00,50,1307750
20221130,14:39:40,18918.05,50,1307750
20221130,14:39:49,18920.90,150,1307750
20221130,14:39:57,18918.00,50,1307750
20221130,14:40:00,18918.00,50,1307750
20221130,14:40:05,18917.60,50,1307750
20221130,14:40:14,18917.00,50,1307750
20221130,14:40:22,18920.10,50,1307750
20221130,14:40:23,18916.10,100,1307750
20221130,14:40:27,18918.65,50,1307750
20221130,14:40:31,18915.00,100,1307750
20221130,14:40:35,18915.00,50,1307750
20221130,14:40:36,18915.00,250,1307750
20221130,14:40:39,18915.45,50,1307750
20221130,14:40:44,18916.20,50,1307750
20221130,14:40:46,18918.00,150,1307750
20221130,14:40:49,18916.90,150,1307750
20221130,14:40:53,18918.00,100,1307750
20221130,14:41:00,18916.15,50,1307750
20221130,14:41:05,18916.00,50,1307750
20221130,14:41:06,18916.00,200,1307750
20221130,14:41:08,18916.00,50,1307750
20221130,14:41:25,18914.10,150,1307750
20221130,14:41:26,18913.65,50,1307750
20221130,14:41:29,18916.00,150,1307750
20221130,14:41:30,18914.60,100,1307750
20221130,14:41:34,18915.20,50,1307750
20221130,14:41:37,18918.00,100,1307750
20221130,14:41:41,18916.35,50,1307750
20221130,14:41:43,18916.15,50,1307750
20221130,14:41:49,18917.45,100,1307750
20221130,14:42:04,18922.35,1000,1307750
20221130,14:42:05,18922.10,50,1307750
20221130,14:42:12,18921.25,250,1307750
20221130,14:42:15,18921.80,100,1307750
20221130,14:42:17,18923.00,150,1307750
20221130,14:42:18,18924.00,50,1307750
20221130,14:42:24,18921.90,50,1309350
20221130,14:42:28,18919.60,1000,1309350
20221130,14:42:30,18924.65,50,1309350
20221130,14:42:31,18921.40,50,1309350
20221130,14:42:48,18924.10,1050,1309350
20221130,14:42:53,18921.80,50,1309350
20221130,14:42:54,18920.00,50,1309350
20221130,14:42:56,18917.50,50,1309350
20221130,14:43:08,18915.30,1000,1309350
20221130,14:43:14,18918.70,250,1309350
20221130,14:43:19,18920.00,50,1309350
20221130,14:43:21,18919.35,100,1309350
20221130,14:43:25,18923.15,200,1309350
20221130,14:43:31,18922.75,100,1309350
20221130,14:43:35,18922.90,50,1309350
20221130,14:43:47,18921.50,50,1309350
20221130,14:43:57,18921.25,100,1309350
20221130,14:44:04,18921.25,350,1309350
20221130,14:44:05,18921.10,50,1309350
20221130,14:44:05,18925.00,1100,1309350
20221130,14:44:12,18921.45,450,1309350
20221130,14:44:18,18921.45,50,1309350
20221130,14:44:25,18922.10,1100,1309350
20221130,14:44:31,18922.80,400,1309350
20221130,14:44:34,18918.15,50,1309350
20221130,14:44:36,18916.20,50,1309350
20221130,14:44:49,18921.30,1000,1309350
20221130,14:44:51,18915.05,100,1309350
20221130,14:44:52,18915.00,200,1309350
20221130,14:44:57,18916.20,100,1309350
20221130,14:45:07,18916.70,200,1309350
20221130,14:45:08,18918.00,50,1309350
20221130,14:45:09,18916.70,200,1309350
20221130,14:45:14,18915.40,100,1309350
20221130,14:45:16,18915.00,1000,1309350
20221130,14:45:17,18915.45,100,1309350
20221130,14:45:19,18915.45,50,1309350
20221130,14:45:23,18915.45,100,1311150
20221130,14:45:24,18915.00,200,1311150
20221130,14:45:26,18919.95,50,1311150
20221130,14:45:31,18915.25,100,1311150
20221130,14:45:37,18919.20,50,1311150
20221130,14:45:41,18917.45,50,1311150
20221130,14:45:42,18920.00,50,1311150
20221130,14:45:44,18923.00,1000,1311150
20221130,14:46:06,18915.35,1000,1311150
20221130,14:46:13,18920.60,50,1311150
20221130,14:46:16,18917.60,100,1311150
20221130,14:46:19,18921.55,400,1311150
20221130,14:46:23,18918.60,50,1311150
20221130,14:46:25,18920.45,100,1311150
20221130,14:46:29,18917.95,50,1311150
20221130,14:46:45,18917.95,50,1311150
20221130,14:46:56,18917.00,50,1311150
20221130,14:47:07,18917.40,50,1311150
20221130,14:47:23,18916.75,50,1311150
20221130,14:47:27,18916.75,50,1311150
20221130,14:47:29,18915.00,50,1311150
20221130,14:47:33,18916.00,100,1311150
20221130,14:47:36,18916.75,50,1311150
20221130,14:47:39,18916.70,50,1311150
20221130,14:47:48,18916.00,250,1311150
20221130,14:47:49,18916.00,100,1311150
20221130,14:47:51,18914.05,50,1311150
20221130,14:47:57,18912.00,100,1311150
20221130,14:47:59,18912.20,50,1311150
20221130,14:48:00,18914.05,50,1311150
20221130,14:48:06,18911.80,50,1311150
20221130,14:48:12,18911.80,50,1311150
20221130,14:48:13,18910.15,50,1311150
20221130,14:48:28,18909.35,600,1311950
20221130,14:48:29,18910.15,100,1311950
20221130,14:48:33,18909.35,50,1311950
20221130,14:48:34,18909.35,100,1311950
20221130,14:48:36,18909.35,100,1311950
20221130,14:48:37,18909.35,50,1311950
20221130,14:48:38,18909.35,100,1311950
20221130,14:48:44,18909.40,50,1311950
20221130,14:48:47,18910.00,50,1311950
20221130,14:49:05,18911.45,150,1311950
20221130,14:49:07,18913.00,250,1311950
20221130,14:49:08,18914.00,100,1311950
20221130,14:49:16,18911.00,50,1311950
20221130,14:49:18,18910.60,100,1311950
20221130,14:49:19,18910.50,150,1311950
20221130,14:49:48,18912.00,50,1311950
20221130,14:49:54,18911.40,50,1311950
20221130,14:50:01,18910.60,50,1311950
20221130,14:50:09,18912.00,100,1311950
20221130,14:50:12,18914.00,50,1311950
20221130,14:50:14,18914.00,50,1311950
20221130,14:50:23,18915.00,100,1311950
20221130,14:50:24,18914.60,50,1311950
20221130,14:50:25,18914.40,50,1311950
20221130,14:50:29,18916.75,200,1311950
20221130,14:50:32,18916.75,50,1311950
20221130,14:50:34,18916.75,100,1311950
20221130,14:50:49,18916.75,50,1311950
20221130,14:50:54,18916.75,150,1311950
20221130,14:50:56,18916.75,50,1311950
20221130,14:51:05,18916.75,100,1311950
20221130,14:51:13,18916.75,50,1311950
20221130,14:51:14,18916.75,100,1311950
20221130,14:51:18,18916.75,100,1311950
20221130,14:51:29,18918.40,50,1311800
20221130,14:51:35,18919.70,500,1311800
20221130,14:51:40,18918.00,50,1311800
20221130,14:51:42,18916.75,50,1311800
20221130,14:51:55,18918.95,50,1311800
20221130,14:52:03,18915.90,50,1311800
20221130,14:52:18,18919.70,500,1311800
20221130,14:52:22,18917.60,50,1311800
20221130,14:52:29,18916.65,50,1311800
20221130,14:52:33,18920.00,500,1311800
20221130,14:52:38,18919.90,50,1311800
20221130,14:52:44,18917.00,50,1311800
20221130,14:52:47,18922.25,500,1311800
20221130,14:52:56,18919.90,50,1311800
20221130,14:52:57,18919.85,50,1311800
20221130,14:53:04,18922.05,500,1311800
20221130,14:53:06,18917.00,50,1311800
20221130,14:53:08,18920.00,50,1311800
20221130,14:53:12,18917.40,50,1311800
20221130,14:53:13,18919.95,50,1311800
20221130,14:53:17,18920.10,50,1311800
20221130,14:53:33,18923.00,1000,1311800
20221130,14:53:47,18918.00,50,1311800
20221130,14:53:54,18923.50,1500,1311800
20221130,14:53:56,18920.95,50,1311800
20221130,14:53:59,18920.50,50,1311800
20221130,14:54:02,18917.15,50,1311800
20221130,14:54:09,18917.50,50,1311800
20221130,14:54:19,18917.50,200,1311800
20221130,14:54:24,18917.25,150,1311800
20221130,14:54:37,18917.20,100,1315200
20221130,14:54:38,18917.20,400,1315200
20221130,14:54:39,18914.70,50,1315200
20221130,14:54:41,18917.55,550,1315200
20221130,14:54:45,18913.05,50,1315200
20221130,14:54:50,18920.40,500,1315200
20221130,14:54:57,18915.50,50,1315200
20221130,14:55:03,18921.70,500,1315200
20221130,14:55:16,18912.90,100,1315200
20221130,14:55:30,18920.05,1000,1315200
20221130,14:55:36,18912.90,100,1315200
20221130,14:55:39,18911.20,50,1315200
20221130,14:55:44,18910.30,100,1315200
20221130,14:55:47,18909.40,500,1315200
20221130,14:55:48,18912.90,500,1315200
20221130,14:55:51,18909.35,50,1315200
20221130,14:55:54,18909.35,50,1315200
20221130,14:56:03,18909.40,50,1315200
20221130,14:56:05,18910.00,50,1315200
20221130,14:56:08,18909.60,50,1315200
20221130,14:56:10,18912.90,100,1315200
20221130,14:56:14,18910.45,150,1315200
20221130,14:56:26,18910.50,50,1315200
20221130,14:56:27,18910.00,150,1315200
20221130,14:56:30,18910.05,50,1315200
20221130,14:56:32,18909.35,100,1315200
20221130,14:56:33,18907.00,700,1315200
20221130,14:56:35,18908.30,200,1315200
20221130,14:56:36,18907.80,50,1315200
20221130,14:56:42,18908.60,1000,1315200
20221130,14:56:48,18905.70,50,1315200
20221130,14:56:49,18902.70,50,1315200
20221130,14:56:52,18904.00,50,1315200
20221130,14:56:53,18910.00,1000,1315200
20221130,14:56:57,18905.15,50,1315200
20221130,14:56:58,18906.95,150,1315200
20221130,14:56:59,18908.35,50,1315200
20221130,14:57:09,18911.25,500,1315200
20221130,14:57:20,18911.05,50,1315200
20221130,14:57:23,18909.30,150,1315200
20221130,14:57:24,18912.00,100,1315200
20221130,14:57:26,18912.85,100,1319750
20221130,14:57:29,18912.00,100,1319750
20221130,14:57:30,18909.30,50,1319750
20221130,14:57:41,18908.80,50,1319750
20221130,14:57:45,18906.80,100,1319750
20221130,14:57:48,18908.20,100,1319750
20221130,14:57:53,18912.15,500,1319750
20221130,14:58:05,18912.40,600,1319750
20221130,14:58:17,18906.80,200,1319750
20221130,14:58:23,18910.65,100,1319750
20221130,14:58:28,18907.25,150,1319750
20221130,14:58:33,18912.40,500,1319750
20221130,14:58:36,18911.10,50,1319750
20221130,14:58:37,18907.40,50,1319750
20221130,14:58:46,18911.00,100,1319750
20221130,14:58:47,18909.50,50,1319750
20221130,14:58:48,18909.80,50,1319750
20221130,14:58:49,18911.35,50,1319750
20221130,14:58:51,18909.55,50,1319750
20221130,14:58:55,18912.40,500,1319750
20221130,14:58:59,18910.40,100,1319750
20221130,14:59:10,18909.00,50,1319750
20221130,14:59:11,18909.50,150,1319750
20221130,14:59:22,18909.50,50,1319750
20221130,14:59:23,18909.60,300,1319750
20221130,14:59:37,18909.75,100,1319750
20221130,14:59:44,18910.00,50,1319750
20221130,14:59:47,18910.00,300,1319750
20221130,14:59:50,18910.00,100,1319750
20221130,14:59:52,18910.00,300,1319750
20221130,15:00:02,18908.50,50,1319750
20221130,15:00:11,18910.00,50,1319750
20221130,15:00:12,18910.00,300,1319750
20221130,15:00:13,18909.60,50,1319750
20221130,15:00:14,18910.00,250,1319750
20221130,15:00:18,18910.00,100,1319750
20221130,15:00:19,18910.00,400,1319750
20221130,15:00:21,18913.00,50,1319750
20221130,15:00:29,18914.00,50,1319750
20221130,15:00:30,18915.00,50,1319150
20221130,15:00:33,18915.85,50,1319150
20221130,15:00:38,18920.00,600,1319150
20221130,15:00:39,18918.45,200,1319150
20221130,15:00:41,18922.45,50,1319150
20221130,15:00:42,18919.90,300,1319150
20221130,15:00:43,18921.00,100,1319150
20221130,15:00:49,18920.60,150,1319150
20221130,15:01:03,18922.20,50,1319150
20221130,15:01:08,18918.40,400,1319150
20221130,15:01:14,18918.05,50,1319150
20221130,15:01:19,18920.05,50,1319150
20221130,15:01:26,18918.05,100,1319150
20221130,15:01:37,18921.35,50,1319150
20221130,15:01:39,18920.00,50,1319150
20221130,15:01:42,18920.60,100,1319150
20221130,15:01:43,18921.50,50,1319150
20221130,15:01:45,18921.10,300,1319150
20221130,15:01:50,18920.35,50,1319150
20221130,15:01:57,18924.40,50,1319150
20221130,15:02:05,18924.70,50,1319150
20221130,15:02:06,18924.70,50,1319150
20221130,15:02:08,18925.00,1350,1319150
20221130,15:02:09,18930.00,1950,1319150
20221130,15:02:10,18925.50,50,1319150
20221130,15:02:12,18924.40,500,1319150
20221130,15:02:15,18925.50,50,1319150
20221130,15:02:18,18923.55,350,1319150
20221130,15:02:19,18924.00,100,1319150
20221130,15:02:23,18923.85,150,1319150
20221130,15:02:26,18922.85,300,1319150
20221130,15:02:38,18925.00,50,1319150
20221130,15:02:43,18925.95,100,1319150
20221130,15:02:48,18925.00,50,1319150
20221130,15:02:49,18925.95,50,1319150
20221130,15:02:50,18925.95,50,1319150
20221130,15:02:58,18925.05,50,1319150
20221130,15:03:07,18929.00,50,1319150
20221130,15:03:09,18927.65,50,1319150
20221130,15:03:16,18926.95,50,1319150
20221130,15:03:17,18929.90,50,1319150
20221130,15:03:18,18929.95,50,1319150
20221130,15:03:19,18928.55,150,1319150
20221130,15:03:27,18929.75,100,1320850
20221130,15:03:31,18929.85,100,1320850
20221130,15:03:44,18929.70,50,1320850
20221130,15:03:58,18929.00,50,1320850
20221130,15:04:01,18929.95,50,1320850
20221130,15:04:05,18929.60,250,1320850
20221130,15:04:06,18930.00,50,1320850
20221130,15:04:07,18930.00,1000,1320850
20221130,15:04:08,18930.00,400,1320850
20221130,15:04:09,18930.00,150,1320850
20221130,15:04:11,18930.00,250,1320850
20221130,15:04:12,18930.00,50,1320850
20221130,15:04:13,18931.00,100,1320850
20221130,15:04:16,18931.00,50,1320850
20221130,15:04:17,18931.00,50,1320850
20221130,15:04:18,18932.00,200,1320850
20221130,15:04:19,18933.00,300,1320850
20221130,15:04:20,18934.00,100,1320850
20221130,15:04:22,18934.00,50,1320850
20221130,15:04:23,18934.40,100,1320850
20221130,15:04:25,18934.40,50,1320850
20221130,15:04:26,18935.00,150,1320850
20221130,15:04:29,18935.00,250,1320850
20221130,15:04:32,18935.55,50,1320850
20221130,15:04:33,18935.90,50,1320850
20221130,15:04:35,18938.80,250,1320850
20221130,15:04:38,18940.00,600,1320850
20221130,15:04:39,18940.00,50,1320850
20221130,15:04:47,18938.25,50,1320850
20221130,15:04:49,18939.00,50,1320850
20221130,15:04:50,18939.00,50,1320850
20221130,15:04:52,18939.15,50,1320850
20221130,15:04:53,18936.15,50,1320850
20221130,15:04:54,18939.05,50,1320850
20221130,15:04:55,18936.10,50,1320850
20221130,15:04:56,18936.10,50,1320850
20221130,15:04:57,18936.05,200,1320850
20221130,15:05:01,18937.00,150,1320850
20221130,15:05:02,18936.65,50,1320850
20221130,15:05:03,18939.00,50,1320850
20221130,15:05:05,18936.15,50,1320850
20221130,15:05:11,18939.80,50,1320850
20221130,15:05:12,18937.65,100,1320850
20221130,15:05:13,18939.95,50,1320850
20221130,15:05:15,18940.00,200,1320850
20221130,15:05:16,18937.90,100,1320850
20221130,15:05:17,18938.40,50,1320850
20221130,15:05:18,18940.80,450,1320850
20221130,15:05:23,18939.95,50,1320850
20221130,15:05:24,18941.00,100,1320850
20221130,15:05:27,18941.00,350,1320850
20221130,15:05:28,18940.00,450,1320850
20221130,15:05:29,18940.00,50,1320850
20221130,15:05:30,18941.50,100,1320850
20221130,15:05:31,18941.50,450,1320850
20221130,15:05:32,18941.50,150,1320850
20221130,15:05:33,18941.50,50,1320850
20221130,15:05:34,18944.00,550,1320850
20221130,15:05:40,18944.00,200,1320850
20221130,15:05:41,18942.05,50,1320850
20221130,15:05:42,18942.00,50,1320850
20221130,15:05:43,18942.00,1400,1320850
20221130,15:05:47,18943.60,50,1320850
20221130,15:05:52,18941.05,50,1320850
20221130,15:05:54,18941.15,50,1320850
20221130,15:05:55,18944.00,50,1320850
20221130,15:05:57,18941.10,100,1320850
20221130,15:06:04,18941.25,50,1320850
20221130,15:06:06,18941.70,100,1320850
20221130,15:06:08,18948.00,1300,1320850
20221130,15:06:09,18943.20,50,1320850
20221130,15:06:10,18946.70,50,1320850
20221130,15:06:11,18946.75,250,1320850
20221130,15:06:15,18943.75,50,1320850
20221130,15:06:20,18943.05,50,1320850
20221130,15:06:21,18943.60,100,1320850
20221130,15:06:22,18945.00,100,1320850
20221130,15:06:23,18944.15,50,1320850
20221130,15:06:26,18944.05,50,1320850
20221130,15:06:30,18944.05,50,1327200
20221130,15:06:31,18945.00,50,1327200
20221130,15:06:32,18944.05,50,1327200
20221130,15:06:35,18944.05,50,1327200
20221130,15:06:36,18949.30,750,1327200
20221130,15:06:38,18949.30,100,1327200
20221130,15:06:40,18944.15,50,1327200
20221130,15:06:48,18948.05,200,1327200
20221130,15:06:50,18947.60,100,1327200
20221130,15:06:51,18946.90,350,1327200
20221130,15:06:53,18946.80,400,1327200
20221130,15:06:54,18946.55,50,1327200
20221130,15:06:56,18946.45,100,1327200
20221130,15:06:59,18949.55,50,1327200
20221130,15:07:00,18949.75,250,1327200
20221130,15:07:03,18949.75,50,1327200
20221130,15:07:05,18944.15,750,1327200
20221130,15:07:07,18946.60,50,1327200
20221130,15:07:08,18945.10,100,1327200
20221130,15:07:09,18947.70,50,1327200
20221130,15:07:10,18947.00,50,1327200
20221130,15:07:11,18943.00,1250,1327200
20221130,15:07:13,18948.20,50,1327200
20221130,15:07:16,18944.50,100,1327200
20221130,15:07:17,18943.15,50,1327200
20221130,15:07:23,18943.60,50,1327200
20221130,15:07:27,18946.85,50,1327200
20221130,15:07:28,18945.60,100,1327200
20221130,15:07:32,18945.75,150,1327200
20221130,15:07:33,18949.40,100,1327200
20221130,15:07:37,18945.85,50,1327200
20221130,15:07:43,18945.85,100,1327200
20221130,15:07:45,18947.20,1150,1327200
20221130,15:07:46,18946.95,150,1327200
20221130,15:07:48,18945.35,50,1327200
20221130,15:07:53,18944.05,100,1327200
20221130,15:07:59,18947.45,50,1327200
20221130,15:08:01,18946.80,100,1327200
20221130,15:08:02,18947.50,300,1327200
20221130,15:08:05,18943.30,100,1327200
20221130,15:08:10,18947.15,500,1327200
20221130,15:08:12,18946.70,50,1327200
20221130,15:08:14,18946.50,50,1327200
20221130,15:08:16,18944.30,50,1327200
20221130,15:08:18,18943.00,50,1327200
20221130,15:08:19,18941.00,250,1327200
20221130,15:08:21,18941.00,150,1327200
20221130,15:08:22,18940.00,350,1327200
20221130,15:08:23,18940.85,300,1327200
20221130,15:08:26,18942.65,1000,1327200
20221130,15:08:31,18940.00,150,1327200
20221130,15:08:33,18943.00,50,1327200
20221130,15:08:34,18940.10,400,1327200
20221130,15:08:36,18940.25,200,1327200
20221130,15:08:37,18939.90,50,1327200
20221130,15:08:38,18939.25,100,1327200
20221130,15:08:39,18937.75,500,1327200
20221130,15:08:41,18940.05,50,1327200
20221130,15:08:42,18940.05,100,1327200
20221130,15:08:43,18940.05,50,1327200
20221130,15:08:50,18938.50,1000,1327200
20221130,15:08:54,18938.00,500,1327200
20221130,15:08:55,18942.35,150,1327200
20221130,15:08:56,18940.00,50,1327200
20221130,15:08:59,18940.00,50,1327200
20221130,15:09:06,18940.00,200,1327200
20221130,15:09:07,18940.00,50,1327200
20221130,15:09:12,18940.00,100,1327200
20221130,15:09:13,18940.00,100,1327200
20221130,15:09:14,18942.10,50,1327200
20221130,15:09:23,18940.00,100,1327200
20221130,15:09:24,18942.40,50,1327200
20221130,15:09:25,18943.00,50,1327200
20221130,15:09:26,18940.50,2000,1327200
20221130,15:09:27,18943.00,50,1329150
20221130,15:09:28,18945.00,850,1329150
20221130,15:09:30,18944.05,50,1329150
20221130,15:09:31,18942.65,50,1329150
20221130,15:09:32,18944.00,500,1329150
20221130,15:09:33,18946.55,50,1329150
20221130,15:09:36,18945.00,100,1329150
20221130,15:09:40,18949.00,50,1329150
20221130,15:09:43,18949.00,50,1329150
20221130,15:09:44,18946.45,50,1329150
20221130,15:09:46,18946.15,150,1329150
20221130,15:09:47,18945.40,100,1329150
20221130,15:09:53,18945.85,100,1329150
20221130,15:09:56,18944.35,1000,1329150
20221130,15:09:58,18946.25,750,1329150
20221130,15:10:15,18946.25,100,1329150
20221130,15:10:16,18945.40,150,1329150
20221130,15:10:17,18942.70,200,1329150
20221130,15:10:18,18943.75,50,1329150
20221130,15:10:23,18945.00,50,1329150
20221130,15:10:26,18947.60,100,1329150
20221130,15:10:29,18948.00,200,1329150
20221130,15:10:31,18947.30,100,1329150
20221130,15:10:39,18949.15,100,1329150
20221130,15:10:42,18949.10,50,1329150
20221130,15:10:45,18950.00,1050,1329150
20221130,15:10:48,18950.00,100,1329150
20221130,15:10:49,18950.00,50,1329150
20221130,15:10:50,18950.00,100,1329150
20221130,15:10:51,18949.15,50,1329150
20221130,15:10:54,18949.15,50,1329150
20221130,15:10:59,18950.00,50,1329150
20221130,15:11:01,18950.90,950,1329150
20221130,15:11:02,18950.95,100,1329150
20221130,15:11:05,18950.70,50,1329150
20221130,15:11:06,18950.70,50,1329150
20221130,15:11:07,18952.00,100,1329150
20221130,15:11:10,18952.05,50,1329150
20221130,15:11:12,18954.35,50,1329150
20221130,15:11:16,18954.35,200,1329150
20221130,15:11:16,18953.75,200,1329150
20221130,15:11:17,18955.00,1750,1329150
20221130,15:11:21,18954.00,200,1329150
20221130,15:11:22,18954.00,50,1329150
20221130,15:11:23,18952.85,150,1329150
20221130,15:11:24,18954.00,200,1329150
20221130,15:11:25,18955.00,100,1329150
20221130,15:11:28,18955.00,100,1329150
20221130,15:11:29,18956.90,150,1329150
20221130,15:11:30,18956.90,100,1329150
20221130,15:11:32,18955.05,500,1329150
20221130,15:11:33,18955.50,50,1329150
20221130,15:11:35,18956.95,50,1329150
20221130,15:11:36,18956.95,50,1329150
20221130,15:11:38,18958.40,300,1329150
20221130,15:11:39,18960.00,150,1329150
20221130,15:11:41,18960.00,300,1329150
20221130,15:11:42,18960.00,150,1329150
20221130,15:11:43,18960.00,250,1329150
20221130,15:11:46,18960.00,50,1329150
20221130,15:11:49,18958.00,50,1329150
20221130,15:11:52,18958.00,50,1329150
20221130,15:11:53,18959.20,350,1329150
20221130,15:11:54,18960.00,500,1329150
20221130,15:11:55,18959.50,50,1329150
20221130,15:11:56,18956.60,200,1329150
20221130,15:12:01,18960.00,50,1329150
20221130,15:12:02,18960.00,100,1329150
20221130,15:12:03,18960.00,250,1329150
20221130,15:12:04,18959.20,100,1329150
20221130,15:12:05,18958.95,50,1329150
20221130,15:12:06,18960.95,200,1329150
20221130,15:12:08,18960.00,300,1329150
20221130,15:12:10,18957.25,100,1329150
20221130,15:12:14,18959.05,50,1329150
20221130,15:12:16,18957.35,350,1329150
20221130,15:12:18,18957.20,50,1329150
20221130,15:12:20,18960.80,100,1329150
20221130,15:12:21,18958.65,50,1329150
20221130,15:12:22,18961.00,100,1329150
20221130,15:12:24,18961.00,50,1329150
20221130,15:12:30,18961.35,600,1336950
20221130,15:12:37,18958.00,50,1336950
20221130,15:12:38,18958.00,100,1336950
20221130,15:12:44,18957.30,50,1336950
20221130,15:12:45,18958.00,50,1336950
20221130,15:12:46,18960.00,50,1336950
