20221130,09:15:00,18736.00,1,12011950
20221130,09:15:00,18755.00,1,12011950
20221130,09:15:00,18736.25,150,12011950
20221130,09:15:00,18754.95,100,12011950
20221130,09:15:01,18749.50,400,12011950
20221130,09:15:02,18756.00,1350,12011950
20221130,09:15:03,18742.75,2900,12011950
20221130,09:15:04,18742.70,1250,12011950
20221130,09:15:05,18742.75,3500,12011950
20221130,09:15:06,18739.00,950,12011950
20221130,09:15:07,18743.65,2000,12011950
20221130,09:15:08,18751.80,3850,12011950
20221130,09:15:09,18746.50,2550,12011950
20221130,09:15:10,18747.75,1550,12011950
20221130,09:15:11,18749.30,2200,12011950
20221130,09:15:12,18744.15,1400,12011950
20221130,09:15:13,18745.65,650,12011950
20221130,09:15:14,18746.15,550,12011950
20221130,09:15:16,18749.30,400,12011950
20221130,09:15:16,18750.00,250,12011950
20221130,09:15:17,18751.80,700,12011950
20221130,09:15:18,18754.00,900,12011950
20221130,09:15:19,18750.45,700,12011950
20221130,09:15:20,18747.75,1250,12011950
20221130,09:15:21,18753.35,1800,12011950
20221130,09:15:22,18751.60,550,12011950
20221130,09:15:23,18754.95,1700,12011950
20221130,09:15:24,18756.95,700,12011950
20221130,09:15:25,18757.70,2200,12011950
20221130,09:15:26,18758.00,750,12011950
20221130,09:15:27,18765.00,6100,12011950
20221130,09:15:28,18757.10,1000,12011950
20221130,09:15:29,18757.00,550,12011950
20221130,09:15:30,18758.80,2400,12011950
20221130,09:15:31,18758.75,2650,12011950
20221130,09:15:32,18758.80,550,12011950
20221130,09:15:33,18758.85,800,12011950
20221130,09:15:35,18759.05,900,12011950
20221130,09:15:36,18760.00,1250,12011950
20221130,09:15:37,18756.90,1000,12011950
20221130,09:15:38,18758.70,3950,12011950
20221130,09:15:39,18755.15,2150,12011950
20221130,09:15:40,18755.60,1700,12011950
20221130,09:15:41,18758.70,1500,12011950
20221130,09:15:42,18757.05,2400,12011950
20221130,09:15:43,18757.65,450,12011950
20221130,09:15:44,18758.65,1700,12011950
20221130,09:15:45,18760.00,700,12011950
20221130,09:15:46,18759.90,1850,12011950
20221130,09:15:48,18757.35,950,12011950
20221130,09:15:49,18756.55,500,12011950
20221130,09:15:50,18757.80,750,12011950
20221130,09:15:51,18757.05,550,12011950
20221130,09:15:52,18757.80,400,12011950
20221130,09:15:52,18758.55,650,12011950
20221130,09:15:53,18759.15,1350,12011950
20221130,09:15:54,18759.95,1000,12011950
20221130,09:15:55,18760.75,1350,12011950
20221130,09:15:56,18761.50,700,12011950
20221130,09:15:57,18764.60,50,12011950
20221130,09:15:59,18763.65,2200,12011950
20221130,09:16:00,18763.60,550,12011950
20221130,09:16:01,18766.35,850,12011950
20221130,09:16:02,18766.60,200,12011950
20221130,09:16:03,18768.95,1400,12011950
20221130,09:16:03,18769.95,400,12011950
20221130,09:16:04,18769.95,500,12011950
20221130,09:16:05,18770.00,1600,12011950
20221130,09:16:06,18770.00,1200,12011950
20221130,09:16:07,18769.60,300,12011950
20221130,09:16:08,18769.05,2750,12011950
20221130,09:16:09,18769.95,1350,12011950
20221130,09:16:10,18769.60,550,12011950
20221130,09:16:11,18768.10,2300,12011950
20221130,09:16:12,18767.70,1050,12011950
20221130,09:16:13,18768.30,1000,12011950
20221130,09:16:14,18770.95,1850,12011950
20221130,09:16:15,18771.95,1800,12011950
20221130,09:16:16,18772.35,1200,12011950
20221130,09:16:17,18772.35,1250,12011950
20221130,09:16:18,18768.15,1350,12011950
20221130,09:16:20,18769.30,1150,12011950
20221130,09:16:21,18771.00,500,12011950
20221130,09:16:22,18769.25,1450,12011950
20221130,09:16:23,18767.45,450,12011950
20221130,09:16:24,18768.10,1400,12011950
20221130,09:16:25,18766.00,1400,12011950
20221130,09:16:25,18766.00,150,12011950
20221130,09:16:26,18765.60,850,12011950
20221130,09:16:27,18766.00,2050,12011950
20221130,09:16:28,18764.70,200,12011950
20221130,09:16:29,18765.60,1350,12011950
20221130,09:16:30,18765.60,2500,12011950
20221130,09:16:31,18765.40,600,12011950
20221130,09:16:32,18764.75,1550,12011950
20221130,09:16:33,18765.60,250,12011950
20221130,09:16:34,18767.60,200,12011950
20221130,09:16:35,18767.60,150,12011950
20221130,09:16:36,18765.00,1550,12011950
20221130,09:16:37,18766.00,400,12011950
20221130,09:16:39,18767.05,350,12011950
20221130,09:16:40,18768.90,200,12011950
20221130,09:16:41,18770.00,1350,12011950
20221130,09:16:42,18767.80,100,12011950
20221130,09:16:43,18770.00,1100,12011950
20221130,09:16:44,18768.55,600,12011950
20221130,09:16:45,18766.65,450,12011950
20221130,09:16:46,18766.15,800,12011950
20221130,09:16:46,18766.10,150,12011950
20221130,09:16:47,18766.65,700,12011950
20221130,09:16:48,18768.00,1500,12011950
20221130,09:16:49,18766.65,200,12011950
20221130,09:16:50,18766.00,550,12011950
20221130,09:16:52,18766.65,550,12011950
20221130,09:16:52,18767.40,50,12011950
20221130,09:16:53,18766.60,100,12011950
20221130,09:16:54,18768.50,1400,12011950
20221130,09:16:56,18767.10,600,12011950
20221130,09:16:56,18766.85,50,12011950
20221130,09:16:57,18766.20,400,12011950
20221130,09:16:58,18767.00,700,12011950
20221130,09:16:59,18766.00,250,12011950
20221130,09:17:00,18767.00,150,12011950
20221130,09:17:02,18767.45,700,12011950
20221130,09:17:03,18767.75,550,12011950
20221130,09:17:04,18768.00,650,12011950
20221130,09:17:05,18768.30,350,12011950
20221130,09:17:05,18769.05,650,12011950
20221130,09:17:06,18769.10,200,12011950
20221130,09:17:07,18769.10,200,12011950
20221130,09:17:08,18769.35,700,12011950
20221130,09:17:09,18770.00,6450,12011950
20221130,09:17:10,18768.60,1150,12011950
20221130,09:17:12,18769.00,550,12011950
20221130,09:17:13,18768.60,100,12011950
20221130,09:17:14,18769.70,350,12011950
20221130,09:17:14,18769.70,50,12011950
20221130,09:17:15,18770.90,5350,12011950
20221130,09:17:16,18770.30,1150,12011950
20221130,09:17:17,18771.85,1250,12011950
20221130,09:17:18,18772.00,2200,12011950
20221130,09:17:19,18773.00,1600,12011950
20221130,09:17:20,18773.00,1600,12011950
20221130,09:17:21,18770.10,1150,12011950
20221130,09:17:22,18770.55,1650,12011950
20221130,09:17:23,18772.90,600,12011950
20221130,09:17:24,18771.20,650,12011950
20221130,09:17:25,18771.00,300,12011950
20221130,09:17:26,18770.00,1700,12011950
20221130,09:17:28,18769.70,400,12011950
20221130,09:17:29,18770.00,300,12011950
20221130,09:17:30,18770.00,200,12011950
20221130,09:17:30,18769.45,100,12011950
20221130,09:17:31,18769.45,600,12021500
20221130,09:17:32,18769.45,150,12021500
20221130,09:17:34,18769.40,700,12021500
20221130,09:17:34,18770.00,300,12021500
20221130,09:17:36,18769.40,3050,12021500
20221130,09:17:36,18770.00,100,12021500
20221130,09:17:37,18769.95,1700,12021500
20221130,09:17:39,18769.40,150,12021500
20221130,09:17:39,18769.35,600,12021500
20221130,09:17:40,18768.60,200,12021500
20221130,09:17:42,18769.35,50,12021500
20221130,09:17:42,18768.60,150,12021500
20221130,09:17:43,18768.65,150,12021500
20221130,09:17:45,18768.50,750,12021500
20221130,09:17:45,18768.60,50,12021500
20221130,09:17:46,18768.65,1000,12021500
20221130,09:17:48,18768.45,400,12021500
20221130,09:17:49,18769.30,1350,12021500
20221130,09:17:50,18769.45,900,12021500
20221130,09:17:51,18771.50,2300,12021500
20221130,09:17:52,18772.00,150,12021500
20221130,09:17:53,18772.00,150,12021500
20221130,09:17:53,18771.55,200,12021500
20221130,09:17:54,18771.55,550,12021500
20221130,09:17:55,18772.00,500,12021500
20221130,09:17:56,18771.60,350,12021500
20221130,09:17:58,18771.10,900,12021500
20221130,09:17:58,18771.20,50,12021500
20221130,09:18:00,18772.40,1200,12021500
20221130,09:18:01,18772.05,900,12021500
20221130,09:18:02,18773.00,1450,12021500
20221130,09:18:03,18773.00,350,12021500
20221130,09:18:04,18773.00,300,12021500
20221130,09:18:05,18772.70,300,12021500
20221130,09:18:05,18772.75,50,12021500
20221130,09:18:07,18772.15,450,12021500
20221130,09:18:08,18772.15,1100,12021500
20221130,09:18:09,18772.20,100,12021500
20221130,09:18:09,18773.00,200,12021500
20221130,09:18:10,18772.25,900,12021500
20221130,09:18:12,18772.25,1000,12021500
20221130,09:18:13,18772.05,300,12021500
20221130,09:18:13,18771.95,50,12021500
20221130,09:18:14,18771.20,1050,12021500
20221130,09:18:15,18772.10,350,12021500
20221130,09:18:16,18772.05,400,12021500
20221130,09:18:18,18772.00,1050,12021500
20221130,09:18:18,18772.00,500,12021500
20221130,09:18:19,18772.00,1500,12021500
20221130,09:18:20,18772.05,1150,12021500
20221130,09:18:22,18771.65,650,12021500
20221130,09:18:23,18771.75,450,12021500
20221130,09:18:24,18772.00,800,12021500
20221130,09:18:25,18771.00,1200,12021500
20221130,09:18:26,18770.25,700,12021500
20221130,09:18:27,18771.05,450,12021500
20221130,09:18:28,18771.00,500,12021500
20221130,09:18:28,18770.90,200,12021500
20221130,09:18:29,18770.20,2700,12021500
20221130,09:18:31,18770.90,500,12021500
20221130,09:18:32,18771.00,150,12021500
20221130,09:18:32,18770.05,1200,12021500
20221130,09:18:33,18770.10,250,12021500
20221130,09:18:34,18770.05,1900,12021500
20221130,09:18:35,18770.95,850,12021500
20221130,09:18:36,18770.40,300,12021500
20221130,09:18:38,18770.30,600,12021500
20221130,09:18:39,18771.00,300,12021500
20221130,09:18:39,18771.00,50,12021500
20221130,09:18:40,18771.50,800,12021500
20221130,09:18:42,18771.20,250,12021500
20221130,09:18:43,18772.00,500,12021500
20221130,09:18:45,18772.40,1050,12021500
20221130,09:18:46,18772.65,250,12021500
20221130,09:18:46,18773.00,600,12021500
20221130,09:18:47,18772.90,350,12021500
20221130,09:18:48,18773.95,650,12021500
20221130,09:18:50,18772.95,100,12021500
20221130,09:18:51,18773.25,700,12021500
20221130,09:18:52,18774.00,300,12021500
20221130,09:18:52,18774.00,100,12021500
20221130,09:18:53,18774.00,700,12021500
20221130,09:18:54,18772.60,200,12021500
20221130,09:18:56,18773.05,650,12021500
20221130,09:18:57,18774.00,800,12021500
20221130,09:18:58,18773.40,250,12021500
20221130,09:18:59,18775.00,1450,12021500
20221130,09:19:00,18775.00,1000,12021500
20221130,09:19:01,18775.00,1800,12021500
20221130,09:19:02,18774.55,450,12021500
20221130,09:19:03,18775.00,1750,12021500
20221130,09:19:04,18775.00,1650,12021500
20221130,09:19:05,18775.00,1800,12021500
20221130,09:19:06,18775.00,50,12021500
20221130,09:19:08,18775.00,500,12021500
20221130,09:19:09,18775.00,900,12021500
20221130,09:19:10,18774.50,1000,12021500
20221130,09:19:11,18775.00,750,12021500
20221130,09:19:12,18774.70,200,12021500
20221130,09:19:13,18775.00,3000,12021500
20221130,09:19:14,18775.15,3100,12021500
20221130,09:19:14,18776.00,150,12021500
20221130,09:19:15,18777.00,1200,12021500
20221130,09:19:16,18777.05,600,12021500
20221130,09:19:17,18777.90,150,12021500
20221130,09:19:18,18777.90,250,12021500
20221130,09:19:19,18777.90,250,12021500
20221130,09:19:21,18778.00,3450,12021500
20221130,09:19:22,18778.00,100,12021500
20221130,09:19:23,18775.90,350,12021500
20221130,09:19:24,18776.15,250,12021500
20221130,09:19:25,18777.10,400,12021500
20221130,09:19:26,18776.85,50,12021500
20221130,09:19:27,18776.00,300,12021500
20221130,09:19:28,18776.00,350,12021500
20221130,09:19:29,18776.00,200,12021500
20221130,09:19:30,18776.00,300,12021500
20221130,09:19:32,18776.20,1400,12021500
20221130,09:19:33,18776.50,1500,12021500
20221130,09:19:34,18777.00,150,12021500
20221130,09:19:35,18776.35,300,12021500
20221130,09:19:35,18777.00,100,12021500
20221130,09:19:36,18776.05,850,12021500
20221130,09:19:38,18777.00,550,12021500
20221130,09:19:39,18776.60,200,12021500
20221130,09:19:40,18777.00,50,12021500
20221130,09:19:41,18777.15,350,12021500
20221130,09:19:42,18777.60,600,12021500
20221130,09:19:43,18777.15,1300,12021500
20221130,09:19:44,18777.45,600,12021500
20221130,09:19:45,18777.25,750,12021500
20221130,09:19:45,18777.60,200,12021500
20221130,09:19:47,18777.35,1300,12021500
20221130,09:19:48,18777.85,200,12021500
20221130,09:19:49,18778.60,1850,12021500
20221130,09:19:50,18778.90,400,12021500
20221130,09:19:51,18778.90,1000,12021500
20221130,09:19:52,18779.00,650,12021500
20221130,09:19:53,18778.60,250,12021500
20221130,09:19:54,18778.45,400,12021500
20221130,09:19:54,18779.90,1900,12021500
20221130,09:19:55,18777.55,1100,12021500
20221130,09:19:56,18777.80,400,12021500
20221130,09:19:57,18777.80,50,12021500
20221130,09:19:58,18777.30,900,12021500
20221130,09:20:00,18777.60,2000,12021500
20221130,09:20:00,18777.50,450,12021500
20221130,09:20:01,18777.65,350,12021500
20221130,09:20:02,18777.95,1250,12021500
20221130,09:20:03,18776.50,1700,12021500
20221130,09:20:04,18776.00,800,12021500
20221130,09:20:05,18776.20,3450,12021500
20221130,09:20:06,18775.50,1550,12021500
20221130,09:20:07,18775.25,1000,12021500
20221130,09:20:08,18774.90,700,12021500
20221130,09:20:10,18773.90,750,12021500
20221130,09:20:11,18773.90,300,12021500
20221130,09:20:12,18774.00,650,12021500
20221130,09:20:13,18773.60,100,12021500
20221130,09:20:14,18773.75,150,12021500
20221130,09:20:15,18774.20,250,12021500
20221130,09:20:16,18774.10,150,12021500
20221130,09:20:17,18774.00,150,12021500
20221130,09:20:17,18774.20,200,12021500
20221130,09:20:19,18772.85,700,12021500
20221130,09:20:19,18772.15,500,12021500
20221130,09:20:20,18772.25,450,12021500
20221130,09:20:21,18772.60,150,12021500
20221130,09:20:23,18772.05,1800,12021500
20221130,09:20:24,18771.65,500,12021500
20221130,09:20:25,18771.60,450,12021500
20221130,09:20:26,18771.95,200,12021500
20221130,09:20:26,18773.85,1300,12021500
20221130,09:20:27,18772.35,650,12021500
20221130,09:20:28,18772.65,150,12021500
20221130,09:20:30,18773.30,1050,12021500
20221130,09:20:31,18773.90,300,12010750
20221130,09:20:32,18774.45,1500,12010750
20221130,09:20:33,18775.25,1050,12010750
20221130,09:20:34,18776.00,250,12010750
20221130,09:20:34,18776.00,50,12010750
20221130,09:20:36,18775.30,1800,12010750
20221130,09:20:37,18776.60,300,12010750
20221130,09:20:38,18777.50,300,12010750
20221130,09:20:39,18776.10,50,12010750
20221130,09:20:40,18776.70,950,12010750
20221130,09:20:42,18776.65,550,12010750
20221130,09:20:43,18777.00,200,12010750
20221130,09:20:44,18775.75,450,12010750
20221130,09:20:45,18775.05,850,12010750
20221130,09:20:45,18773.60,350,12010750
20221130,09:20:48,18774.15,1100,12010750
20221130,09:20:49,18774.40,150,12010750
20221130,09:20:50,18774.45,150,12010750
20221130,09:20:51,18773.25,200,12010750
20221130,09:20:52,18774.40,450,12010750
20221130,09:20:53,18773.00,50,12010750
20221130,09:20:55,18772.25,400,12010750
20221130,09:20:56,18772.25,50,12010750
20221130,09:20:57,18772.25,150,12010750
20221130,09:20:58,18773.25,950,12010750
20221130,09:20:59,18773.20,750,12010750
20221130,09:21:00,18773.65,50,12010750
20221130,09:21:02,18773.25,250,12010750
20221130,09:21:03,18772.65,2150,12010750
20221130,09:21:04,18772.45,350,12010750
20221130,09:21:05,18772.55,150,12010750
20221130,09:21:06,18772.20,150,12010750
20221130,09:21:07,18773.00,50,12010750
20221130,09:21:08,18773.40,300,12010750
20221130,09:21:08,18773.40,100,12010750
20221130,09:21:10,18773.30,750,12010750
20221130,09:21:11,18772.60,150,12010750
20221130,09:21:12,18773.30,200,12010750
20221130,09:21:13,18773.30,50,12010750
20221130,09:21:15,18773.00,350,12010750
20221130,09:21:16,18772.45,150,12010750
20221130,09:21:17,18773.40,850,12010750
20221130,09:21:18,18773.30,800,12010750
20221130,09:21:19,18772.90,50,12010750
20221130,09:21:20,18773.40,300,12010750
20221130,09:21:20,18773.00,200,12010750
20221130,09:21:21,18773.05,100,12010750
20221130,09:21:23,18773.00,100,12010750
20221130,09:21:25,18772.00,550,12010750
20221130,09:21:26,18772.90,50,12010750
20221130,09:21:27,18773.00,800,12010750
20221130,09:21:28,18772.10,200,12010750
20221130,09:21:29,18772.90,150,12010750
20221130,09:21:31,18772.10,600,12010750
20221130,09:21:32,18772.60,1300,12010750
20221130,09:21:33,18773.00,1700,12010750
20221130,09:21:33,18773.35,200,12010750
20221130,09:21:35,18773.45,350,12010750
20221130,09:21:35,18775.00,1050,12010750
20221130,09:21:37,18774.85,400,12010750
20221130,09:21:38,18775.00,350,12010750
20221130,09:21:39,18775.00,400,12010750
20221130,09:21:41,18775.00,700,12010750
20221130,09:21:42,18774.90,50,12010750
20221130,09:21:44,18774.85,50,12010750
20221130,09:21:45,18774.90,200,12010750
20221130,09:21:47,18774.95,3050,12010750
20221130,09:21:48,18774.85,200,12010750
20221130,09:21:48,18774.85,50,12010750
20221130,09:21:50,18775.00,50,12010750
20221130,09:21:51,18774.85,150,12010750
20221130,09:21:52,18774.85,300,12010750
20221130,09:21:53,18775.00,250,12010750
20221130,09:21:54,18776.00,1150,12010750
20221130,09:21:55,18776.00,450,12010750
20221130,09:21:58,18776.90,250,12010750
20221130,09:21:59,18776.60,100,12010750
20221130,09:22:00,18776.95,150,12010750
20221130,09:22:01,18778.00,700,12010750
20221130,09:22:02,18777.40,250,12010750
20221130,09:22:02,18778.00,250,12010750
20221130,09:22:04,18777.45,550,12010750
20221130,09:22:05,18777.30,750,12010750
20221130,09:22:06,18777.60,350,12010750
20221130,09:22:07,18777.05,250,12010750
20221130,09:22:08,18777.65,50,12010750
20221130,09:22:10,18777.65,50,12010750
20221130,09:22:11,18777.00,1400,12010750
20221130,09:22:12,18777.75,1150,12010750
20221130,09:22:13,18776.90,300,12010750
20221130,09:22:14,18777.00,600,12010750
20221130,09:22:15,18777.85,900,12010750
20221130,09:22:16,18779.00,250,12010750
20221130,09:22:17,18778.00,350,12010750
20221130,09:22:18,18778.00,350,12010750
20221130,09:22:19,18777.75,300,12010750
20221130,09:22:20,18777.05,1050,12010750
20221130,09:22:21,18779.00,150,12010750
20221130,09:22:22,18778.95,200,12010750
20221130,09:22:24,18777.35,300,12010750
20221130,09:22:25,18777.35,300,12010750
20221130,09:22:26,18779.00,300,12010750
20221130,09:22:27,18776.85,200,12010750
20221130,09:22:28,18777.00,900,12010750
20221130,09:22:29,18776.55,100,12010750
20221130,09:22:31,18776.55,100,12010750
20221130,09:22:32,18776.90,600,12010750
20221130,09:22:33,18778.10,50,12010750
20221130,09:22:34,18776.55,50,12010750
20221130,09:22:35,18775.00,1300,12010750
20221130,09:22:36,18773.85,550,12010750
20221130,09:22:37,18776.30,150,12010750
20221130,09:22:38,18773.85,2450,12010750
20221130,09:22:39,18774.35,100,12010750
20221130,09:22:40,18775.15,250,12010750
20221130,09:22:41,18775.05,50,12010750
20221130,09:22:42,18775.30,250,12010750
20221130,09:22:43,18777.00,150,12010750
20221130,09:22:44,18777.00,150,12010750
20221130,09:22:45,18776.55,150,12010750
20221130,09:22:46,18776.30,250,12010750
20221130,09:22:47,18776.05,300,12010750
20221130,09:22:48,18774.85,200,12010750
20221130,09:22:49,18774.70,100,12010750
20221130,09:22:50,18774.75,800,12010750
20221130,09:22:51,18774.70,50,12010750
20221130,09:22:52,18774.60,250,12010750
20221130,09:22:53,18774.70,250,12010750
20221130,09:22:54,18775.00,100,12010750
20221130,09:22:55,18775.00,150,12010750
20221130,09:22:56,18777.30,1950,12010750
20221130,09:22:57,18776.85,250,12010750
20221130,09:22:58,18774.35,150,12010750
20221130,09:22:59,18775.70,450,12010750
20221130,09:23:00,18774.00,100,12010750
20221130,09:23:01,18774.10,1050,12010750
20221130,09:23:03,18772.90,50,12010750
20221130,09:23:04,18772.45,200,12010750
20221130,09:23:05,18772.80,500,12010750
20221130,09:23:06,18772.25,150,12010750
20221130,09:23:07,18774.00,100,12010750
20221130,09:23:08,18773.00,950,12010750
20221130,09:23:10,18773.30,300,12010750
20221130,09:23:11,18772.80,450,12010750
20221130,09:23:12,18772.55,850,12010750
20221130,09:23:13,18772.55,200,12010750
20221130,09:23:15,18772.00,500,12010750
20221130,09:23:16,18771.10,150,12010750
20221130,09:23:18,18771.15,200,12010750
20221130,09:23:19,18771.15,750,12010750
20221130,09:23:20,18771.30,100,12010750
20221130,09:23:21,18771.40,600,12010750
20221130,09:23:22,18772.00,1750,12010750
20221130,09:23:23,18771.85,200,12010750
20221130,09:23:24,18771.80,200,12010750
20221130,09:23:25,18771.20,1450,12010750
20221130,09:23:27,18772.00,700,12010750
20221130,09:23:28,18771.80,650,12010750
20221130,09:23:29,18771.80,100,12010750
20221130,09:23:30,18772.00,200,12010750
20221130,09:23:31,18772.95,300,12019150
20221130,09:23:32,18772.00,100,12019150
20221130,09:23:33,18772.00,100,12019150
20221130,09:23:34,18772.00,500,12019150
20221130,09:23:35,18771.80,4200,12019150
20221130,09:23:36,18771.20,550,12019150
20221130,09:23:37,18771.20,1750,12019150
20221130,09:23:38,18770.05,1050,12019150
20221130,09:23:39,18770.00,950,12019150
20221130,09:23:40,18770.00,150,12019150
20221130,09:23:41,18770.00,200,12019150
20221130,09:23:42,18770.55,850,12019150
20221130,09:23:43,18771.80,200,12019150
20221130,09:23:44,18770.50,50,12019150
20221130,09:23:45,18770.45,900,12019150
20221130,09:23:46,18770.50,900,12019150
20221130,09:23:47,18771.20,250,12019150
20221130,09:23:48,18770.45,1200,12019150
20221130,09:23:49,18770.60,250,12019150
20221130,09:23:50,18771.20,200,12019150
20221130,09:23:51,18770.15,350,12019150
20221130,09:23:52,18770.05,2000,12019150
20221130,09:23:53,18770.15,200,12019150
20221130,09:23:54,18770.45,400,12019150
20221130,09:23:55,18770.05,350,12019150
20221130,09:23:57,18770.20,200,12019150
20221130,09:23:58,18770.90,1750,12019150
20221130,09:23:59,18770.00,750,12019150
20221130,09:24:00,18769.40,850,12019150
20221130,09:24:01,18769.00,1650,12019150
20221130,09:24:02,18770.00,250,12019150
20221130,09:24:03,18769.75,100,12019150
20221130,09:24:04,18768.50,4600,12019150
20221130,09:24:05,18769.00,1200,12019150
20221130,09:24:06,18769.85,400,12019150
20221130,09:24:07,18768.25,1550,12019150
20221130,09:24:08,18770.00,1700,12019150
20221130,09:24:11,18769.90,250,12019150
20221130,09:24:12,18767.30,650,12019150
20221130,09:24:13,18770.00,300,12019150
20221130,09:24:14,18767.85,200,12019150
20221130,09:24:15,18767.35,500,12019150
20221130,09:24:16,18769.95,250,12019150
20221130,09:24:17,18767.00,250,12019150
20221130,09:24:18,18767.00,100,12019150
20221130,09:24:19,18766.85,50,12019150
20221130,09:24:20,18767.00,50,12019150
20221130,09:24:21,18767.35,900,12019150
20221130,09:24:22,18767.40,400,12019150
20221130,09:24:23,18769.00,50,12019150
20221130,09:24:25,18767.85,450,12019150
20221130,09:24:26,18766.90,150,12019150
20221130,09:24:27,18768.20,300,12019150
20221130,09:24:28,18767.60,2150,12019150
20221130,09:24:29,18766.85,750,12019150
20221130,09:24:30,18767.25,50,12019150
20221130,09:24:31,18769.00,200,12019150
20221130,09:24:33,18767.95,100,12019150
20221130,09:24:34,18769.00,100,12019150
20221130,09:24:35,18769.00,50,12019150
20221130,09:24:36,18769.85,500,12019150
20221130,09:24:37,18769.00,50,12019150
20221130,09:24:38,18770.00,350,12019150
20221130,09:24:40,18768.35,150,12019150
20221130,09:24:40,18770.00,100,12019150
20221130,09:24:41,18768.05,200,12019150
20221130,09:24:42,18767.90,200,12019150
20221130,09:24:43,18767.55,1250,12019150
20221130,09:24:45,18768.25,150,12019150
20221130,09:24:45,18770.00,100,12019150
20221130,09:24:46,18769.90,200,12019150
20221130,09:24:47,18767.75,150,12019150
20221130,09:24:48,18767.05,100,12019150
20221130,09:24:49,18767.45,300,12019150
20221130,09:24:51,18767.25,250,12019150
20221130,09:24:51,18769.90,150,12019150
20221130,09:24:52,18769.95,100,12019150
20221130,09:24:53,18767.75,100,12019150
20221130,09:24:54,18767.00,750,12019150
20221130,09:24:55,18766.55,250,12019150
20221130,09:24:57,18769.10,100,12019150
20221130,09:24:58,18766.35,400,12019150
20221130,09:24:59,18767.25,1300,12019150
20221130,09:25:00,18766.00,1600,12019150
20221130,09:25:02,18765.85,850,12019150
20221130,09:25:03,18765.75,450,12019150
20221130,09:25:04,18765.65,850,12019150
20221130,09:25:05,18765.55,250,12019150
20221130,09:25:06,18765.55,750,12019150
20221130,09:25:08,18769.00,200,12019150
20221130,09:25:08,18765.80,100,12019150
20221130,09:25:09,18766.00,100,12019150
20221130,09:25:10,18768.60,350,12019150
20221130,09:25:11,18765.85,700,12019150
20221130,09:25:13,18766.10,400,12019150
20221130,09:25:13,18765.50,200,12019150
20221130,09:25:14,18765.95,1650,12019150
20221130,09:25:15,18765.00,100,12019150
20221130,09:25:16,18764.90,950,12019150
20221130,09:25:17,18764.85,150,12019150
20221130,09:25:19,18764.75,900,12019150
20221130,09:25:19,18764.40,150,12019150
20221130,09:25:20,18765.00,200,12019150
20221130,09:25:21,18766.75,350,12019150
20221130,09:25:23,18765.50,100,12019150
20221130,09:25:25,18765.95,250,12019150
20221130,09:25:26,18765.70,200,12019150
20221130,09:25:27,18765.00,100,12019150
20221130,09:25:28,18765.20,400,12019150
20221130,09:25:29,18765.50,550,12019150
20221130,09:25:30,18766.80,350,12019150
20221130,09:25:31,18766.80,400,12019150
20221130,09:25:32,18768.00,400,12019150
20221130,09:25:33,18766.80,250,12019150
20221130,09:25:34,18767.65,150,12019150
20221130,09:25:35,18767.00,200,12019150
20221130,09:25:36,18768.00,150,12019150
20221130,09:25:37,18766.85,250,12019150
20221130,09:25:38,18769.10,2000,12019150
20221130,09:25:39,18769.40,200,12019150
20221130,09:25:40,18769.50,200,12019150
20221130,09:25:41,18769.60,50,12019150
20221130,09:25:43,18768.25,150,12019150
20221130,09:25:44,18769.65,50,12019150
20221130,09:25:45,18769.95,100,12019150
20221130,09:25:46,18769.65,2800,12019150
20221130,09:25:47,18771.00,450,12019150
20221130,09:25:48,18771.00,700,12019150
20221130,09:25:49,18769.95,50,12019150
20221130,09:25:50,18771.00,200,12019150
20221130,09:25:51,18770.75,200,12019150
20221130,09:25:52,18770.00,450,12019150
20221130,09:25:55,18770.75,150,12019150
20221130,09:25:57,18771.00,150,12019150
20221130,09:25:57,18771.00,1300,12019150
20221130,09:25:58,18770.45,300,12019150
20221130,09:25:59,18770.00,100,12019150
20221130,09:26:00,18770.70,250,12019150
20221130,09:26:01,18769.95,50,12019150
20221130,09:26:02,18770.20,1250,12019150
20221130,09:26:03,18769.55,1450,12019150
20221130,09:26:04,18769.35,250,12019150
20221130,09:26:05,18768.95,100,12019150
20221130,09:26:06,18768.95,200,12019150
20221130,09:26:07,18766.90,900,12019150
20221130,09:26:09,18768.95,100,12019150
20221130,09:26:10,18766.85,100,12019150
20221130,09:26:11,18766.90,50,12019150
20221130,09:26:12,18765.70,300,12019150
20221130,09:26:14,18765.00,350,12019150
20221130,09:26:15,18764.05,750,12019150
20221130,09:26:16,18764.70,100,12019150
20221130,09:26:17,18763.50,150,12019150
20221130,09:26:18,18764.80,100,12019150
20221130,09:26:19,18764.65,250,12019150
20221130,09:26:20,18763.75,600,12019150
20221130,09:26:21,18764.70,300,12019150
20221130,09:26:22,18764.50,150,12019150
20221130,09:26:23,18764.50,450,12019150
20221130,09:26:24,18764.00,600,12019150
20221130,09:26:26,18765.50,300,12019150
20221130,09:26:26,18765.30,200,12019150
20221130,09:26:27,18765.10,1000,12019150
20221130,09:26:28,18765.20,100,12019150
20221130,09:26:29,18766.90,100,12019150
20221130,09:26:31,18765.15,150,12019150
20221130,09:26:32,18765.00,100,12017700
20221130,09:26:33,18765.00,200,12017700
20221130,09:26:34,18764.05,650,12017700
20221130,09:26:35,18767.00,650,12017700
20221130,09:26:36,18764.70,100,12017700
20221130,09:26:38,18765.70,1950,12017700
20221130,09:26:39,18765.70,150,12017700
20221130,09:26:40,18765.10,1100,12017700
20221130,09:26:41,18765.45,50,12017700
20221130,09:26:42,18766.20,500,12017700
20221130,09:26:44,18765.45,650,12017700
20221130,09:26:45,18767.00,50,12017700
20221130,09:26:46,18766.20,500,12017700
20221130,09:26:48,18766.80,300,12017700
20221130,09:26:48,18767.00,100,12017700
20221130,09:26:49,18767.00,100,12017700
20221130,09:26:51,18766.75,250,12017700
20221130,09:26:52,18767.40,500,12017700
20221130,09:26:52,18767.70,50,12017700
20221130,09:26:53,18766.75,700,12017700
20221130,09:26:54,18768.00,500,12017700
20221130,09:26:55,18766.90,500,12017700
20221130,09:26:57,18766.00,400,12017700
20221130,09:26:58,18765.45,100,12017700
20221130,09:26:58,18768.10,900,12017700
20221130,09:27:01,18766.35,500,12017700
20221130,09:27:02,18765.60,150,12017700
20221130,09:27:03,18765.70,50,12017700
20221130,09:27:04,18766.55,500,12017700
20221130,09:27:05,18765.80,150,12017700
20221130,09:27:07,18765.70,100,12017700
20221130,09:27:08,18766.20,300,12017700
20221130,09:27:09,18766.85,50,12017700
20221130,09:27:09,18766.00,50,12017700
20221130,09:27:10,18766.60,100,12017700
20221130,09:27:11,18766.00,100,12017700
20221130,09:27:12,18765.70,500,12017700
20221130,09:27:13,18765.95,150,12017700
20221130,09:27:15,18766.60,100,12017700
20221130,09:27:16,18766.60,100,12017700
20221130,09:27:17,18766.35,200,12017700
20221130,09:27:19,18766.00,650,12017700
20221130,09:27:20,18766.00,150,12017700
20221130,09:27:21,18769.30,600,12017700
20221130,09:27:22,18766.65,100,12017700
20221130,09:27:23,18766.70,250,12017700
20221130,09:27:24,18766.55,150,12017700
20221130,09:27:25,18766.25,50,12017700
20221130,09:27:26,18766.50,50,12017700
20221130,09:27:27,18766.40,50,12017700
20221130,09:27:28,18766.15,100,12017700
20221130,09:27:29,18768.00,350,12017700
20221130,09:27:31,18766.15,100,12017700
20221130,09:27:32,18766.15,50,12017700
20221130,09:27:35,18765.50,100,12017700
20221130,09:27:37,18766.00,100,12017700
20221130,09:27:38,18764.65,150,12017700
20221130,09:27:38,18764.45,50,12017700
20221130,09:27:39,18765.00,150,12017700
20221130,09:27:40,18766.00,750,12017700
20221130,09:27:41,18764.15,100,12017700
20221130,09:27:43,18764.00,150,12017700
20221130,09:27:43,18764.20,150,12017700
20221130,09:27:44,18764.20,850,12017700
20221130,09:27:46,18766.80,1500,12017700
20221130,09:27:47,18764.00,700,12017700
20221130,09:27:48,18763.90,350,12017700
20221130,09:27:49,18763.65,200,12017700
20221130,09:27:50,18763.10,400,12017700
20221130,09:27:51,18763.00,300,12017700
20221130,09:27:52,18762.55,350,12017700
20221130,09:27:53,18763.10,300,12017700
20221130,09:27:54,18762.30,200,12017700
20221130,09:27:55,18761.05,250,12017700
20221130,09:27:56,18763.90,650,12017700
20221130,09:27:57,18762.15,200,12017700
20221130,09:27:57,18761.45,50,12017700
20221130,09:27:59,18762.75,150,12017700
20221130,09:28:00,18761.65,250,12017700
20221130,09:28:01,18764.75,750,12017700
20221130,09:28:02,18762.00,100,12017700
20221130,09:28:03,18765.00,650,12017700
20221130,09:28:04,18762.55,150,12017700
20221130,09:28:05,18761.55,300,12017700
20221130,09:28:06,18761.00,150,12017700
20221130,09:28:07,18761.95,200,12017700
20221130,09:28:09,18760.10,600,12017700
20221130,09:28:10,18760.05,150,12017700
20221130,09:28:10,18760.05,50,12017700
20221130,09:28:11,18761.95,400,12017700
20221130,09:28:12,18760.10,1500,12017700
20221130,09:28:14,18761.95,2350,12017700
20221130,09:28:15,18759.05,600,12017700
20221130,09:28:15,18759.85,50,12017700
20221130,09:28:16,18760.30,600,12017700
20221130,09:28:17,18760.65,350,12017700
20221130,09:28:19,18760.45,500,12017700
20221130,09:28:20,18761.25,1250,12017700
20221130,09:28:23,18760.50,250,12017700
20221130,09:28:24,18760.45,150,12017700
20221130,09:28:25,18761.95,2050,12017700
20221130,09:28:27,18762.00,950,12017700
20221130,09:28:28,18761.55,100,12017700
20221130,09:28:29,18762.00,1100,12017700
20221130,09:28:30,18762.00,450,12017700
20221130,09:28:32,18761.70,150,12017700
20221130,09:28:33,18760.80,50,12017700
20221130,09:28:34,18761.70,450,12017700
20221130,09:28:35,18761.70,50,12017700
20221130,09:28:36,18762.00,250,12017700
20221130,09:28:38,18761.00,250,12017700
20221130,09:28:39,18762.00,200,12017700
20221130,09:28:40,18762.00,950,12017700
20221130,09:28:41,18762.00,150,12017700
20221130,09:28:43,18760.50,250,12017700
20221130,09:28:44,18761.00,50,12017700
20221130,09:28:46,18761.05,150,12017700
20221130,09:28:47,18761.00,250,12017700
20221130,09:28:49,18761.30,200,12017700
20221130,09:28:50,18762.00,250,12017700
20221130,09:28:50,18761.65,150,12017700
20221130,09:28:51,18762.00,150,12017700
20221130,09:28:52,18762.00,250,12017700
20221130,09:28:54,18762.00,250,12017700
20221130,09:28:55,18763.00,500,12017700
20221130,09:28:56,18763.00,150,12017700
20221130,09:28:57,18762.00,150,12017700
20221130,09:28:59,18761.05,250,12017700
20221130,09:29:00,18761.60,650,12017700
20221130,09:29:01,18761.00,250,12017700
20221130,09:29:02,18760.70,150,12017700
20221130,09:29:03,18761.20,150,12017700
20221130,09:29:05,18761.00,400,12017700
20221130,09:29:06,18760.00,700,12017700
20221130,09:29:06,18760.00,100,12017700
20221130,09:29:07,18760.00,200,12017700
20221130,09:29:09,18760.75,50,12017700
20221130,09:29:10,18760.95,200,12017700
20221130,09:29:11,18760.50,600,12017700
20221130,09:29:12,18760.40,100,12017700
20221130,09:29:13,18759.50,100,12017700
20221130,09:29:15,18759.50,50,12017700
20221130,09:29:16,18758.80,500,12017700
20221130,09:29:17,18758.30,100,12017700
20221130,09:29:17,18760.00,250,12017700
20221130,09:29:18,18759.00,100,12017700
20221130,09:29:20,18759.00,250,12017700
20221130,09:29:22,18758.40,100,12017700
20221130,09:29:23,18758.00,1200,12017700
20221130,09:29:24,18758.15,100,12017700
20221130,09:29:25,18757.85,250,12017700
20221130,09:29:26,18758.05,350,12017700
20221130,09:29:28,18758.00,200,12017700
20221130,09:29:29,18757.00,850,12017700
20221130,09:29:30,18757.95,650,12017700
20221130,09:29:31,18758.60,1300,12017700
20221130,09:29:33,18759.40,150,12001300
20221130,09:29:34,18758.40,550,12001300
20221130,09:29:35,18759.70,200,12001300
20221130,09:29:36,18758.70,150,12001300
20221130,09:29:38,18758.85,50,12001300
20221130,09:29:39,18760.00,50,12001300
20221130,09:29:40,18760.00,100,12001300
20221130,09:29:42,18759.15,100,12001300
20221130,09:29:43,18759.25,550,12001300
20221130,09:29:43,18759.25,150,12001300
20221130,09:29:44,18759.25,100,12001300
20221130,09:29:45,18760.00,550,12001300
20221130,09:29:46,18760.80,250,12001300
20221130,09:29:47,18760.80,50,12001300
20221130,09:29:49,18760.80,900,12001300
20221130,09:29:50,18761.05,350,12001300
20221130,09:29:51,18760.05,300,12001300
20221130,09:29:52,18761.00,400,12001300
20221130,09:29:53,18761.00,400,12001300
20221130,09:29:55,18761.00,250,12001300
20221130,09:29:56,18761.00,400,12001300
20221130,09:29:57,18761.95,700,12001300
20221130,09:29:58,18760.90,450,12001300
20221130,09:29:59,18760.30,50,12001300
20221130,09:30:01,18760.90,950,12001300
20221130,09:30:02,18760.75,800,12001300
20221130,09:30:03,18763.00,550,12001300
20221130,09:30:04,18761.90,500,12001300
20221130,09:30:05,18761.90,300,12001300
20221130,09:30:06,18763.00,700,12001300
20221130,09:30:07,18763.00,50,12001300
20221130,09:30:08,18762.05,300,12001300
20221130,09:30:09,18763.00,600,12001300
20221130,09:30:10,18763.00,100,12001300
20221130,09:30:11,18763.00,400,12001300
20221130,09:30:12,18763.00,250,12001300
20221130,09:30:13,18763.00,50,12001300
20221130,09:30:14,18763.00,150,12001300
20221130,09:30:15,18762.20,150,12001300
20221130,09:30:16,18762.30,50,12001300
20221130,09:30:18,18762.30,550,12001300
20221130,09:30:19,18762.75,200,12001300
20221130,09:30:20,18763.75,1550,12001300
20221130,09:30:21,18764.95,150,12001300
20221130,09:30:22,18764.60,150,12001300
20221130,09:30:23,18764.90,250,12001300
20221130,09:30:24,18764.95,150,12001300
20221130,09:30:25,18764.15,350,12001300
20221130,09:30:25,18764.00,850,12001300
20221130,09:30:26,18763.60,200,12001300
20221130,09:30:27,18763.05,450,12001300
20221130,09:30:28,18763.00,100,12001300
20221130,09:30:29,18762.85,100,12001300
20221130,09:30:30,18763.45,100,12001300
20221130,09:30:31,18765.95,4400,12001300
20221130,09:30:32,18762.30,150,12001300
20221130,09:30:34,18762.00,250,12001300
20221130,09:30:35,18763.00,50,12001300
20221130,09:30:36,18763.80,200,12001300
20221130,09:30:37,18764.00,1150,12001300
20221130,09:30:38,18763.80,250,12001300
20221130,09:30:39,18763.20,100,12001300
20221130,09:30:40,18764.05,1300,12001300
20221130,09:30:41,18764.90,100,12001300
20221130,09:30:42,18763.70,50,12001300
20221130,09:30:43,18766.00,250,12001300
20221130,09:30:44,18766.35,150,12001300
20221130,09:30:44,18765.75,400,12001300
20221130,09:30:45,18764.95,100,12001300
20221130,09:30:47,18766.05,250,12001300
20221130,09:30:48,18766.00,50,12001300
20221130,09:30:49,18766.00,50,12001300
20221130,09:30:50,18766.05,150,12001300
20221130,09:30:51,18766.00,700,12001300
20221130,09:30:52,18766.05,150,12001300
20221130,09:30:52,18767.95,50,12001300
20221130,09:30:53,18767.45,250,12001300
20221130,09:30:55,18767.60,700,12001300
20221130,09:30:56,18766.05,400,12001300
20221130,09:30:58,18767.85,650,12001300
20221130,09:30:58,18767.60,100,12001300
20221130,09:30:59,18765.30,850,12001300
20221130,09:31:01,18767.05,700,12001300
20221130,09:31:02,18765.55,100,12001300
20221130,09:31:03,18766.00,850,12001300
20221130,09:31:04,18765.55,100,12001300
20221130,09:31:05,18765.60,150,12001300
20221130,09:31:06,18765.20,50,12001300
20221130,09:31:07,18765.65,100,12001300
20221130,09:31:08,18765.95,100,12001300
20221130,09:31:10,18766.60,250,12001300
20221130,09:31:11,18766.30,150,12001300
20221130,09:31:12,18767.05,50,12001300
20221130,09:31:14,18766.80,650,12001300
20221130,09:31:15,18767.35,250,12001300
20221130,09:31:16,18769.55,50,12001300
20221130,09:31:17,18767.70,200,12001300
20221130,09:31:18,18769.10,50,12001300
20221130,09:31:19,18769.65,50,12001300
20221130,09:31:21,18768.30,150,12001300
20221130,09:31:22,18768.20,550,12001300
20221130,09:31:23,18767.05,150,12001300
20221130,09:31:24,18769.95,550,12001300
20221130,09:31:25,18768.00,300,12001300
20221130,09:31:26,18768.00,250,12001300
20221130,09:31:27,18768.00,100,12001300
20221130,09:31:28,18767.65,150,12001300
20221130,09:31:29,18768.00,300,12001300
20221130,09:31:29,18769.95,350,12001300
20221130,09:31:31,18768.75,200,12001300
20221130,09:31:32,18769.55,50,12001300
20221130,09:31:33,18768.75,150,12001300
20221130,09:31:34,18769.20,550,12001300
20221130,09:31:35,18769.35,50,12001300
20221130,09:31:36,18768.05,250,12001300
20221130,09:31:37,18768.35,50,12001300
20221130,09:31:38,18767.75,300,12001300
20221130,09:31:39,18767.65,50,12001300
20221130,09:31:40,18768.10,100,12001300
20221130,09:31:41,18767.65,50,12001300
20221130,09:31:42,18767.05,850,12001300
20221130,09:31:43,18767.30,300,12001300
20221130,09:31:45,18766.10,200,12001300
20221130,09:31:47,18766.00,200,12001300
20221130,09:31:48,18767.15,100,12001300
20221130,09:31:49,18766.00,50,12001300
20221130,09:31:51,18766.00,50,12001300
20221130,09:31:51,18765.95,350,12001300
20221130,09:31:52,18764.05,900,12001300
20221130,09:31:53,18766.25,450,12001300
20221130,09:31:54,18764.70,100,12001300
20221130,09:31:56,18764.00,250,12001300
20221130,09:31:57,18764.00,50,12001300
20221130,09:31:58,18763.00,300,12001300
20221130,09:31:59,18764.00,200,12001300
20221130,09:32:00,18763.60,250,12001300
20221130,09:32:01,18763.45,550,12001300
20221130,09:32:02,18763.20,100,12001300
20221130,09:32:03,18764.00,350,12001300
20221130,09:32:04,18764.15,50,12001300
20221130,09:32:06,18764.35,100,12001300
20221130,09:32:07,18764.70,150,12001300
20221130,09:32:08,18766.50,300,12001300
20221130,09:32:09,18764.95,350,12001300
20221130,09:32:10,18765.00,250,12001300
20221130,09:32:11,18767.00,400,12001300
20221130,09:32:12,18766.00,450,12001300
20221130,09:32:13,18769.00,600,12001300
20221130,09:32:14,18768.75,200,12001300
20221130,09:32:15,18768.15,100,12001300
20221130,09:32:16,18769.95,650,12001300
20221130,09:32:17,18768.15,100,12001300
20221130,09:32:18,18768.40,50,12001300
20221130,09:32:19,18770.00,100,12001300
20221130,09:32:19,18770.00,50,12001300
20221130,09:32:21,18768.65,100,12001300
20221130,09:32:22,18769.35,100,12001300
20221130,09:32:23,18769.05,50,12001300
20221130,09:32:24,18770.00,250,12001300
20221130,09:32:24,18770.00,50,12001300
20221130,09:32:25,18769.55,50,12001300
20221130,09:32:27,18769.65,100,12001300
20221130,09:32:28,18769.35,50,12001300
20221130,09:32:29,18769.30,150,12001300
20221130,09:32:30,18768.35,100,12001300
20221130,09:32:32,18769.30,200,12001300
20221130,09:32:33,18768.15,350,11991450
20221130,09:32:34,18768.70,550,11991450
20221130,09:32:36,18767.60,100,11991450
20221130,09:32:36,18767.35,200,11991450
20221130,09:32:38,18767.00,350,11991450
20221130,09:32:39,18768.00,300,11991450
20221130,09:32:40,18767.75,100,11991450
20221130,09:32:41,18768.45,100,11991450
20221130,09:32:43,18768.00,250,11991450
20221130,09:32:46,18766.95,200,11991450
20221130,09:32:47,18768.00,200,11991450
20221130,09:32:49,18766.25,150,11991450
20221130,09:32:50,18766.85,50,11991450
20221130,09:32:51,18766.60,200,11991450
20221130,09:32:53,18767.15,500,11991450
20221130,09:32:55,18766.20,100,11991450
20221130,09:32:56,18766.30,500,11991450
20221130,09:32:57,18766.15,500,11991450
20221130,09:32:58,18766.15,250,11991450
20221130,09:32:59,18766.20,100,11991450
20221130,09:33:01,18766.10,300,11991450
20221130,09:33:02,18766.95,400,11991450
20221130,09:33:03,18766.00,550,11991450
20221130,09:33:05,18766.95,3650,11991450
20221130,09:33:05,18770.00,3600,11991450
20221130,09:33:07,18768.85,100,11991450
20221130,09:33:09,18767.70,250,11991450
20221130,09:33:10,18769.00,200,11991450
20221130,09:33:11,18769.30,100,11991450
20221130,09:33:13,18766.40,350,11991450
20221130,09:33:15,18766.40,350,11991450
20221130,09:33:17,18766.00,100,11991450
20221130,09:33:19,18766.00,300,11991450
20221130,09:33:20,18766.10,50,11991450
20221130,09:33:21,18769.00,550,11991450
20221130,09:33:25,18767.35,200,11991450
20221130,09:33:26,18767.50,600,11991450
20221130,09:33:27,18767.55,300,11991450
20221130,09:33:28,18768.00,150,11991450
20221130,09:33:32,18766.10,300,11991450
20221130,09:33:33,18767.50,300,11991450
20221130,09:33:35,18766.90,50,11991450
20221130,09:33:36,18767.40,100,11991450
20221130,09:33:39,18767.95,100,11991450
20221130,09:33:39,18767.00,350,11991450
20221130,09:33:40,18767.00,400,11991450
20221130,09:33:43,18768.00,100,11991450
20221130,09:33:45,18767.10,200,11991450
20221130,09:33:46,18767.00,200,11991450
20221130,09:33:47,18767.00,200,11991450
20221130,09:33:49,18767.55,50,11991450
20221130,09:33:50,18768.00,450,11991450
20221130,09:33:51,18768.35,1700,11991450
20221130,09:33:52,18769.85,50,11991450
20221130,09:33:54,18768.60,250,11991450
20221130,09:33:55,18768.60,300,11991450
20221130,09:33:57,18769.00,50,11991450
20221130,09:34:00,18770.00,750,11991450
20221130,09:34:01,18769.35,2500,11991450
20221130,09:34:02,18769.90,150,11991450
20221130,09:34:03,18773.05,3950,11991450
20221130,09:34:04,18773.00,100,11991450
20221130,09:34:05,18773.65,300,11991450
20221130,09:34:06,18772.70,150,11991450
20221130,09:34:07,18773.25,200,11991450
20221130,09:34:08,18771.50,200,11991450
20221130,09:34:09,18771.50,1500,11991450
20221130,09:34:10,18771.50,100,11991450
20221130,09:34:12,18771.10,300,11991450
20221130,09:34:13,18771.10,100,11991450
20221130,09:34:16,18771.10,50,11991450
20221130,09:34:17,18771.00,350,11991450
20221130,09:34:18,18771.10,50,11991450
20221130,09:34:22,18771.05,50,11991450
20221130,09:34:23,18771.00,300,11991450
20221130,09:34:24,18771.05,350,11991450
20221130,09:34:25,18770.95,350,11991450
20221130,09:34:26,18770.80,300,11991450
20221130,09:34:27,18772.65,1450,11991450
20221130,09:34:29,18774.00,800,11991450
20221130,09:34:30,18774.35,50,11991450
20221130,09:34:31,18773.60,550,11991450
20221130,09:34:32,18772.65,300,11991450
20221130,09:34:33,18772.95,150,11991450
20221130,09:34:34,18773.45,1100,11991450
20221130,09:34:36,18770.25,100,11991450
20221130,09:34:38,18770.25,50,11991450
20221130,09:34:39,18771.10,200,11991450
20221130,09:34:40,18773.05,50,11991450
20221130,09:34:41,18771.00,150,11991450
20221130,09:34:42,18770.90,150,11991450
20221130,09:34:43,18770.75,150,11991450
20221130,09:34:44,18771.10,100,11991450
20221130,09:34:45,18771.25,100,11991450
20221130,09:34:46,18771.60,150,11991450
20221130,09:34:48,18771.95,250,11991450
20221130,09:34:49,18771.85,50,11991450
20221130,09:34:50,18772.90,250,11991450
20221130,09:34:51,18772.30,50,11991450
20221130,09:34:52,18772.30,100,11991450
20221130,09:34:55,18772.60,350,11991450
20221130,09:34:57,18772.70,50,11991450
20221130,09:34:58,18772.00,200,11991450
20221130,09:34:59,18772.90,150,11991450
20221130,09:35:02,18773.55,300,11991450
20221130,09:35:03,18772.35,150,11991450
20221130,09:35:04,18772.60,150,11991450
20221130,09:35:05,18772.00,50,11991450
20221130,09:35:06,18773.70,100,11991450
20221130,09:35:07,18773.65,300,11991450
20221130,09:35:10,18773.25,50,11991450
20221130,09:35:11,18773.60,250,11991450
20221130,09:35:12,18773.00,250,11991450
20221130,09:35:13,18773.00,150,11991450
20221130,09:35:14,18773.00,150,11991450
20221130,09:35:16,18773.20,50,11991450
20221130,09:35:17,18773.20,100,11991450
20221130,09:35:18,18773.85,250,11991450
20221130,09:35:19,18773.20,100,11991450
20221130,09:35:20,18773.90,150,11991450
20221130,09:35:21,18773.20,250,11991450
20221130,09:35:23,18773.00,200,11991450
20221130,09:35:24,18772.90,300,11991450
20221130,09:35:25,18772.85,50,11991450
20221130,09:35:26,18773.30,150,11991450
20221130,09:35:27,18773.30,200,11991450
20221130,09:35:28,18773.15,400,11991450
20221130,09:35:29,18773.30,350,11991450
20221130,09:35:30,18772.75,250,11991450
20221130,09:35:31,18771.20,150,11991450
20221130,09:35:32,18771.70,250,11985200
20221130,09:35:33,18771.70,50,11985200
20221130,09:35:34,18771.95,50,11985200
20221130,09:35:37,18771.70,100,11985200
20221130,09:35:39,18771.30,50,11985200
20221130,09:35:40,18771.25,100,11985200
20221130,09:35:41,18771.85,250,11985200
20221130,09:35:43,18771.10,300,11985200
20221130,09:35:45,18770.65,300,11985200
20221130,09:35:46,18771.40,150,11985200
20221130,09:35:48,18771.75,500,11985200
20221130,09:35:49,18770.00,350,11985200
20221130,09:35:51,18770.10,100,11985200
20221130,09:35:52,18769.25,200,11985200
20221130,09:35:53,18769.30,150,11985200
20221130,09:35:54,18769.85,100,11985200
20221130,09:35:56,18769.85,50,11985200
20221130,09:35:57,18768.35,900,11985200
20221130,09:35:58,18766.75,750,11985200
20221130,09:35:59,18766.30,150,11985200
20221130,09:36:01,18767.85,50,11985200
20221130,09:36:02,18766.55,200,11985200
20221130,09:36:03,18766.50,150,11985200
20221130,09:36:04,18766.65,100,11985200
20221130,09:36:05,18767.70,50,11985200
20221130,09:36:07,18767.85,150,11985200
20221130,09:36:08,18767.60,150,11985200
20221130,09:36:09,18767.35,200,11985200
20221130,09:36:10,18767.50,50,11985200
20221130,09:36:11,18768.00,300,11985200
20221130,09:36:13,18766.45,200,11985200
20221130,09:36:14,18765.55,400,11985200
20221130,09:36:14,18765.20,50,11985200
20221130,09:36:16,18765.35,150,11985200
20221130,09:36:17,18765.70,350,11985200
20221130,09:36:18,18763.60,600,11985200
20221130,09:36:19,18764.85,100,11985200
20221130,09:36:20,18764.85,250,11985200
20221130,09:36:22,18763.50,800,11985200
20221130,09:36:24,18763.50,200,11985200
20221130,09:36:25,18764.90,200,11985200
20221130,09:36:27,18763.00,650,11985200
20221130,09:36:28,18764.00,1600,11985200
20221130,09:36:29,18761.60,100,11985200
20221130,09:36:30,18761.10,900,11985200
20221130,09:36:32,18761.10,150,11985200
20221130,09:36:35,18761.00,900,11985200
20221130,09:36:35,18761.00,700,11985200
20221130,09:36:36,18760.85,500,11985200
20221130,09:36:37,18761.10,100,11985200
20221130,09:36:38,18763.10,50,11985200
20221130,09:36:39,18761.00,100,11985200
20221130,09:36:40,18762.75,450,11985200
20221130,09:36:41,18762.85,600,11985200
20221130,09:36:42,18762.60,150,11985200
20221130,09:36:43,18760.00,2300,11985200
20221130,09:36:44,18762.35,1450,11985200
20221130,09:36:45,18760.25,100,11985200
20221130,09:36:46,18760.60,100,11985200
20221130,09:36:47,18762.15,50,11985200
20221130,09:36:48,18762.15,500,11985200
20221130,09:36:50,18762.15,50,11985200
20221130,09:36:51,18761.10,150,11985200
20221130,09:36:52,18760.05,500,11985200
20221130,09:36:53,18761.40,150,11985200
20221130,09:36:55,18760.60,500,11985200
20221130,09:36:56,18760.90,1750,11985200
20221130,09:36:58,18761.10,100,11985200
20221130,09:36:59,18761.75,50,11985200
20221130,09:37:00,18764.00,350,11985200
20221130,09:37:02,18762.35,500,11985200
20221130,09:37:03,18762.35,550,11985200
20221130,09:37:05,18763.30,300,11985200
20221130,09:37:06,18761.85,700,11985200
20221130,09:37:07,18763.40,250,11985200
20221130,09:37:08,18761.80,350,11985200
20221130,09:37:09,18761.00,200,11985200
20221130,09:37:11,18758.25,550,11985200
20221130,09:37:11,18759.25,50,11985200
20221130,09:37:12,18758.00,450,11985200
20221130,09:37:13,18757.60,750,11985200
20221130,09:37:14,18756.50,2150,11985200
20221130,09:37:16,18759.60,1600,11985200
20221130,09:37:17,18755.65,300,11985200
20221130,09:37:18,18757.85,50,11985200
20221130,09:37:19,18759.25,650,11985200
20221130,09:37:20,18756.25,1000,11985200
20221130,09:37:21,18759.55,450,11985200
20221130,09:37:22,18756.75,500,11985200
20221130,09:37:23,18756.70,400,11985200
20221130,09:37:25,18757.30,200,11985200
20221130,09:37:26,18758.65,50,11985200
20221130,09:37:26,18756.65,100,11985200
20221130,09:37:27,18757.05,200,11985200
20221130,09:37:28,18757.05,300,11985200
20221130,09:37:29,18756.55,500,11985200
20221130,09:37:30,18758.95,750,11985200
20221130,09:37:31,18758.95,750,11985200
20221130,09:37:32,18756.95,150,11985200
20221130,09:37:34,18759.00,100,11985200
20221130,09:37:34,18758.20,50,11985200
20221130,09:37:37,18759.60,50,11985200
20221130,09:37:38,18759.90,500,11985200
20221130,09:37:40,18757.30,550,11985200
20221130,09:37:40,18758.10,50,11985200
20221130,09:37:41,18757.00,200,11985200
20221130,09:37:42,18759.20,300,11985200
20221130,09:37:43,18757.30,300,11985200
20221130,09:37:45,18757.05,50,11985200
20221130,09:37:46,18756.15,300,11985200
20221130,09:37:48,18756.90,400,11985200
20221130,09:37:49,18756.00,50,11985200
20221130,09:37:50,18755.70,200,11985200
20221130,09:37:51,18754.60,1400,11985200
20221130,09:37:53,18755.90,250,11985200
20221130,09:37:55,18755.00,1350,11985200
20221130,09:37:56,18754.30,800,11985200
20221130,09:37:57,18755.85,100,11985200
20221130,09:37:58,18756.90,100,11985200
20221130,09:37:59,18754.10,350,11985200
20221130,09:38:01,18754.00,200,11985200
20221130,09:38:02,18754.05,100,11985200
20221130,09:38:03,18753.90,200,11985200
20221130,09:38:04,18753.90,150,11985200
20221130,09:38:08,18753.00,3200,11985200
20221130,09:38:09,18751.85,100,11985200
20221130,09:38:11,18751.20,600,11985200
20221130,09:38:12,18750.40,900,11985200
20221130,09:38:13,18750.30,800,11985200
20221130,09:38:14,18750.85,100,11985200
20221130,09:38:15,18750.40,250,11985200
20221130,09:38:16,18750.30,450,11985200
20221130,09:38:17,18751.85,800,11985200
20221130,09:38:19,18751.85,500,11985200
20221130,09:38:20,18751.85,300,11985200
20221130,09:38:21,18751.15,150,11985200
20221130,09:38:23,18754.90,2050,11985200
20221130,09:38:24,18754.20,200,11985200
20221130,09:38:25,18751.05,1450,11985200
20221130,09:38:26,18753.40,150,11985200
20221130,09:38:28,18751.55,300,11985200
20221130,09:38:29,18751.50,150,11985200
20221130,09:38:30,18751.15,100,11985200
20221130,09:38:31,18751.05,900,11985200
20221130,09:38:32,18753.80,300,11985200
20221130,09:38:33,18751.15,50,11970600
20221130,09:38:35,18752.00,100,11970600
20221130,09:38:36,18752.50,50,11970600
20221130,09:38:36,18754.00,200,11970600
20221130,09:38:37,18754.00,250,11970600
20221130,09:38:38,18752.20,100,11970600
20221130,09:38:39,18752.50,50,11970600
20221130,09:38:40,18752.40,100,11970600
20221130,09:38:41,18752.05,100,11970600
20221130,09:38:42,18752.20,150,11970600
20221130,09:38:44,18752.20,50,11970600
20221130,09:38:45,18751.35,200,11970600
20221130,09:38:46,18751.00,250,11970600
20221130,09:38:48,18751.10,100,11970600
20221130,09:38:50,18750.20,1200,11970600
20221130,09:38:51,18750.20,150,11970600
20221130,09:38:52,18751.25,300,11970600
20221130,09:38:53,18750.20,650,11970600
20221130,09:38:54,18750.20,1050,11970600
20221130,09:38:55,18751.25,1200,11970600
20221130,09:38:56,18750.20,450,11970600
20221130,09:38:58,18750.20,50,11970600
20221130,09:38:59,18751.00,150,11970600
20221130,09:39:00,18750.20,300,11970600
20221130,09:39:01,18751.25,2850,11970600
20221130,09:39:03,18751.20,1700,11970600
20221130,09:39:04,18750.20,950,11970600
20221130,09:39:04,18750.20,50,11970600
20221130,09:39:05,18751.70,200,11970600
20221130,09:39:06,18750.20,900,11970600
20221130,09:39:07,18750.65,100,11970600
20221130,09:39:08,18752.00,150,11970600
20221130,09:39:09,18750.10,250,11970600
20221130,09:39:11,18750.00,3650,11970600
20221130,09:39:12,18750.25,400,11970600
20221130,09:39:13,18750.00,400,11970600
20221130,09:39:14,18750.00,750,11970600
20221130,09:39:15,18750.00,150,11970600
20221130,09:39:17,18750.35,300,11970600
20221130,09:39:18,18752.00,650,11970600
20221130,09:39:19,18751.90,350,11970600
20221130,09:39:20,18752.40,900,11970600
20221130,09:39:21,18751.95,600,11970600
20221130,09:39:22,18750.00,50,11970600
20221130,09:39:23,18750.05,200,11970600
20221130,09:39:24,18750.00,100,11970600
20221130,09:39:25,18749.00,1200,11970600
20221130,09:39:26,18748.00,150,11970600
20221130,09:39:27,18748.00,400,11970600
20221130,09:39:28,18748.05,250,11970600
20221130,09:39:29,18748.00,450,11970600
20221130,09:39:30,18748.05,150,11970600
20221130,09:39:31,18748.05,100,11970600
20221130,09:39:32,18750.00,250,11970600
20221130,09:39:33,18748.35,50,11970600
20221130,09:39:34,18750.00,200,11970600
20221130,09:39:36,18748.30,300,11970600
20221130,09:39:37,18750.00,300,11970600
20221130,09:39:38,18748.15,400,11970600
20221130,09:39:39,18750.00,100,11970600
20221130,09:39:40,18750.00,1500,11970600
20221130,09:39:41,18748.00,900,11970600
20221130,09:39:42,18747.00,1300,11970600
20221130,09:39:43,18746.15,200,11970600
20221130,09:39:44,18745.85,2300,11970600
20221130,09:39:45,18745.85,100,11970600
20221130,09:39:46,18745.10,300,11970600
20221130,09:39:47,18745.10,100,11970600
20221130,09:39:48,18744.45,100,11970600
20221130,09:39:49,18745.00,1300,11970600
20221130,09:39:50,18747.10,750,11970600
20221130,09:39:51,18745.55,150,11970600
20221130,09:39:52,18746.35,350,11970600
20221130,09:39:53,18747.00,650,11970600
20221130,09:39:54,18747.05,100,11970600
20221130,09:39:55,18747.05,250,11970600
20221130,09:39:56,18749.35,400,11970600
20221130,09:39:57,18747.15,50,11970600
20221130,09:39:59,18749.70,250,11970600
20221130,09:40:00,18748.05,200,11970600
20221130,09:40:01,18747.45,200,11970600
20221130,09:40:03,18747.15,500,11970600
20221130,09:40:04,18749.00,350,11970600
20221130,09:40:05,18749.45,250,11970600
20221130,09:40:06,18749.15,250,11970600
20221130,09:40:07,18747.55,200,11970600
20221130,09:40:08,18747.85,600,11970600
20221130,09:40:08,18747.90,100,11970600
20221130,09:40:09,18747.75,250,11970600
20221130,09:40:10,18749.50,600,11970600
20221130,09:40:11,18747.40,100,11970600
20221130,09:40:13,18750.00,400,11970600
20221130,09:40:14,18749.00,200,11970600
20221130,09:40:16,18747.65,100,11970600
20221130,09:40:18,18749.95,200,11970600
20221130,09:40:19,18748.70,350,11970600
20221130,09:40:19,18748.65,50,11970600
20221130,09:40:20,18747.85,800,11970600
20221130,09:40:21,18749.80,200,11970600
20221130,09:40:22,18749.80,50,11970600
20221130,09:40:23,18749.80,100,11970600
20221130,09:40:26,18748.25,700,11970600
20221130,09:40:28,18748.55,50,11970600
20221130,09:40:29,18748.50,50,11970600
20221130,09:40:30,18750.00,350,11970600
20221130,09:40:31,18750.00,100,11970600
20221130,09:40:32,18750.00,250,11970600
20221130,09:40:33,18750.00,600,11970600
20221130,09:40:34,18750.00,50,11970600
20221130,09:40:37,18750.00,150,11970600
20221130,09:40:39,18750.00,350,11970600
20221130,09:40:40,18748.45,250,11970600
20221130,09:40:40,18748.20,50,11970600
20221130,09:40:43,18749.30,100,11970600
20221130,09:40:45,18750.50,1450,11970600
20221130,09:40:46,18750.00,50,11970600
20221130,09:40:48,18750.00,650,11970600
20221130,09:40:50,18750.00,50,11970600
20221130,09:40:51,18750.60,300,11970600
20221130,09:40:52,18750.95,150,11970600
20221130,09:40:53,18752.00,300,11970600
20221130,09:40:54,18750.95,500,11970600
20221130,09:40:56,18751.00,450,11970600
20221130,09:40:58,18750.95,50,11970600
20221130,09:40:59,18750.95,50,11970600
20221130,09:41:00,18750.95,50,11970600
20221130,09:41:01,18751.70,150,11970600
20221130,09:41:02,18750.50,200,11970600
20221130,09:41:03,18750.30,50,11970600
20221130,09:41:04,18750.85,100,11970600
20221130,09:41:05,18751.00,500,11970600
20221130,09:41:06,18750.00,450,11970600
20221130,09:41:07,18748.80,100,11970600
20221130,09:41:08,18748.50,100,11970600
20221130,09:41:10,18750.00,250,11970600
20221130,09:41:12,18750.00,500,11970600
20221130,09:41:13,18750.00,450,11970600
20221130,09:41:15,18748.50,50,11970600
20221130,09:41:16,18748.00,50,11970600
20221130,09:41:17,18747.00,950,11970600
20221130,09:41:18,18746.25,1400,11970600
20221130,09:41:20,18747.30,50,11970600
20221130,09:41:21,18746.00,400,11970600
20221130,09:41:23,18748.00,200,11970600
20221130,09:41:24,18746.35,50,11970600
20221130,09:41:25,18746.25,50,11970600
20221130,09:41:26,18749.15,1100,11970600
20221130,09:41:27,18746.70,100,11970600
20221130,09:41:28,18747.30,150,11970600
20221130,09:41:29,18746.00,50,11970600
20221130,09:41:30,18747.95,300,11970600
20221130,09:41:32,18746.10,300,11970600
20221130,09:41:33,18746.10,50,11970600
20221130,09:41:34,18747.85,100,11964350
20221130,09:41:35,18749.95,150,11964350
20221130,09:41:36,18747.55,1050,11964350
20221130,09:41:37,18747.30,100,11964350
20221130,09:41:38,18748.75,300,11964350
20221130,09:41:39,18748.00,50,11964350
20221130,09:41:40,18747.50,200,11964350
20221130,09:41:41,18750.00,150,11964350
20221130,09:41:42,18748.70,350,11964350
20221130,09:41:42,18748.75,50,11964350
20221130,09:41:43,18750.00,100,11964350
20221130,09:41:45,18750.00,250,11964350
20221130,09:41:46,18751.00,950,11964350
20221130,09:41:47,18750.80,100,11964350
20221130,09:41:50,18750.80,150,11964350
20221130,09:41:51,18751.05,550,11964350
20221130,09:41:52,18751.70,50,11964350
20221130,09:41:53,18752.00,100,11964350
20221130,09:41:54,18752.00,50,11964350
20221130,09:41:56,18752.60,100,11964350
20221130,09:41:57,18754.70,2600,11964350
20221130,09:41:58,18754.40,50,11964350
20221130,09:41:59,18754.80,150,11964350
20221130,09:42:01,18751.75,250,11964350
20221130,09:42:02,18751.80,200,11964350
20221130,09:42:03,18752.30,400,11964350
20221130,09:42:03,18752.35,200,11964350
20221130,09:42:06,18753.15,100,11964350
20221130,09:42:07,18753.15,50,11964350
20221130,09:42:09,18755.00,750,11964350
20221130,09:42:12,18755.00,5800,11964350
20221130,09:42:13,18756.05,450,11964350
20221130,09:42:14,18756.90,350,11964350
20221130,09:42:17,18755.75,400,11964350
20221130,09:42:18,18758.95,550,11964350
20221130,09:42:20,18758.40,200,11964350
20221130,09:42:22,18755.75,300,11964350
20221130,09:42:24,18756.00,1050,11964350
20221130,09:42:24,18758.65,50,11964350
20221130,09:42:27,18755.70,400,11964350
20221130,09:42:29,18754.40,600,11964350
20221130,09:42:29,18753.20,50,11964350
20221130,09:42:30,18756.00,350,11964350
20221130,09:42:34,18753.00,100,11964350
20221130,09:42:35,18752.90,300,11964350
20221130,09:42:36,18752.00,250,11964350
20221130,09:42:38,18754.40,150,11964350
20221130,09:42:40,18753.00,50,11964350
20221130,09:42:41,18751.20,150,11964350
20221130,09:42:43,18753.00,50,11964350
20221130,09:42:44,18753.20,200,11964350
20221130,09:42:45,18753.50,50,11964350
20221130,09:42:46,18751.20,50,11964350
20221130,09:42:48,18753.95,300,11964350
20221130,09:42:49,18752.40,50,11964350
20221130,09:42:52,18755.60,250,11964350
20221130,09:42:53,18752.85,50,11964350
20221130,09:42:54,18754.00,50,11964350
20221130,09:42:55,18753.90,50,11964350
20221130,09:42:58,18752.55,50,11964350
20221130,09:42:59,18751.90,1650,11964350
20221130,09:43:00,18751.00,100,11964350
20221130,09:43:01,18753.40,200,11964350
20221130,09:43:03,18753.95,1250,11964350
20221130,09:43:04,18751.05,150,11964350
20221130,09:43:05,18751.35,100,11964350
20221130,09:43:08,18751.40,550,11964350
20221130,09:43:10,18753.20,300,11964350
20221130,09:43:12,18754.00,1250,11964350
20221130,09:43:14,18752.15,200,11964350
20221130,09:43:17,18754.00,50,11964350
20221130,09:43:19,18754.00,150,11964350
20221130,09:43:20,18756.85,800,11964350
20221130,09:43:21,18755.00,50,11964350
20221130,09:43:25,18754.00,150,11964350
20221130,09:43:29,18754.00,250,11964350
20221130,09:43:30,18752.00,50,11964350
20221130,09:43:31,18754.10,50,11964350
20221130,09:43:34,18753.75,550,11964350
20221130,09:43:35,18754.70,50,11964350
20221130,09:43:36,18754.00,50,11964350
20221130,09:43:37,18752.00,50,11964350
20221130,09:43:38,18752.40,150,11964350
20221130,09:43:39,18750.50,400,11964350
20221130,09:43:41,18750.05,150,11964350
20221130,09:43:42,18752.35,800,11964350
20221130,09:43:44,18751.35,550,11964350
20221130,09:43:45,18749.00,700,11964350
20221130,09:43:46,18748.15,250,11964350
20221130,09:43:47,18750.10,100,11964350
20221130,09:43:48,18750.10,200,11964350
20221130,09:43:49,18750.15,50,11964350
20221130,09:43:50,18749.35,100,11964350
20221130,09:43:51,18749.75,450,11964350
20221130,09:43:52,18747.55,50,11964350
20221130,09:43:52,18749.75,50,11964350
20221130,09:43:54,18747.50,100,11964350
20221130,09:43:55,18747.30,200,11964350
20221130,09:43:56,18750.00,100,11964350
20221130,09:43:57,18749.95,300,11964350
20221130,09:43:58,18748.70,100,11964350
20221130,09:43:59,18750.00,50,11964350
20221130,09:44:00,18752.90,1900,11964350
20221130,09:44:01,18750.05,100,11964350
20221130,09:44:02,18750.05,250,11964350
20221130,09:44:03,18750.00,100,11964350
20221130,09:44:03,18750.00,200,11964350
20221130,09:44:05,18750.00,50,11964350
20221130,09:44:06,18749.50,100,11964350
20221130,09:44:07,18748.60,300,11964350
20221130,09:44:08,18748.25,150,11964350
20221130,09:44:08,18749.65,50,11964350
20221130,09:44:11,18749.80,50,11964350
20221130,09:44:12,18749.05,350,11964350
20221130,09:44:13,18750.00,150,11964350
20221130,09:44:14,18750.00,100,11964350
20221130,09:44:15,18749.85,150,11964350
20221130,09:44:16,18750.00,150,11964350
20221130,09:44:16,18750.00,50,11964350
20221130,09:44:18,18750.00,750,11964350
20221130,09:44:19,18749.00,100,11964350
20221130,09:44:20,18749.65,50,11964350
20221130,09:44:21,18749.65,50,11964350
20221130,09:44:22,18749.65,150,11964350
20221130,09:44:23,18749.65,100,11964350
20221130,09:44:24,18749.65,150,11964350
20221130,09:44:25,18749.65,50,11964350
20221130,09:44:26,18749.30,550,11964350
20221130,09:44:27,18749.65,50,11964350
20221130,09:44:28,18750.00,150,11964350
20221130,09:44:30,18749.80,400,11964350
20221130,09:44:32,18750.35,3100,11964350
20221130,09:44:34,18750.40,300,11963100
20221130,09:44:36,18749.65,100,11963100
20221130,09:44:38,18753.05,300,11963100
20221130,09:44:39,18751.90,200,11963100
20221130,09:44:40,18750.65,100,11963100
20221130,09:44:42,18753.00,50,11963100
20221130,09:44:43,18752.35,100,11963100
20221130,09:44:44,18752.25,50,11963100
20221130,09:44:45,18752.50,50,11963100
20221130,09:44:48,18752.40,250,11963100
20221130,09:44:49,18751.45,550,11963100
20221130,09:44:51,18751.20,50,11963100
20221130,09:44:51,18752.25,50,11963100
20221130,09:44:52,18752.25,500,11963100
20221130,09:44:54,18753.00,450,11963100
20221130,09:44:55,18753.00,50,11963100
20221130,09:44:56,18753.00,50,11963100
20221130,09:44:57,18752.25,100,11963100
20221130,09:44:58,18751.50,100,11963100
20221130,09:44:59,18750.00,400,11963100
20221130,09:45:01,18750.75,300,11963100
20221130,09:45:02,18752.35,550,11963100
20221130,09:45:03,18751.70,300,11963100
20221130,09:45:04,18750.00,250,11963100
20221130,09:45:05,18750.15,650,11963100
20221130,09:45:05,18750.15,50,11963100
20221130,09:45:07,18751.60,150,11963100
20221130,09:45:08,18749.65,200,11963100
20221130,09:45:09,18751.90,250,11963100
20221130,09:45:10,18750.80,100,11963100
20221130,09:45:11,18750.45,150,11963100
20221130,09:45:12,18751.85,100,11963100
20221130,09:45:14,18751.40,500,11963100
20221130,09:45:15,18752.50,300,11963100
20221130,09:45:16,18752.75,300,11963100
20221130,09:45:17,18752.05,450,11963100
20221130,09:45:18,18752.40,50,11963100
20221130,09:45:19,18752.50,50,11963100
20221130,09:45:20,18750.50,100,11963100
20221130,09:45:21,18752.10,250,11963100
20221130,09:45:22,18749.90,50,11963100
20221130,09:45:23,18749.50,200,11963100
20221130,09:45:24,18748.00,50,11963100
20221130,09:45:25,18746.00,4850,11963100
20221130,09:45:26,18744.90,300,11963100
20221130,09:45:27,18744.90,100,11963100
20221130,09:45:28,18743.90,1450,11963100
20221130,09:45:29,18747.95,1000,11963100
20221130,09:45:30,18745.35,100,11963100
20221130,09:45:31,18746.65,450,11963100
20221130,09:45:32,18745.10,500,11963100
20221130,09:45:33,18744.75,550,11963100
20221130,09:45:34,18743.55,1600,11963100
20221130,09:45:35,18742.85,100,11963100
20221130,09:45:36,18742.25,550,11963100
20221130,09:45:37,18742.90,300,11963100
20221130,09:45:38,18743.05,2500,11963100
20221130,09:45:39,18740.60,250,11963100
20221130,09:45:40,18740.70,300,11963100
20221130,09:45:42,18740.20,350,11963100
20221130,09:45:43,18742.00,800,11963100
20221130,09:45:44,18741.70,400,11963100
20221130,09:45:45,18741.40,250,11963100
20221130,09:45:46,18740.20,400,11963100
20221130,09:45:48,18740.35,100,11963100
20221130,09:45:49,18741.10,100,11963100
20221130,09:45:50,18742.00,300,11963100
20221130,09:45:51,18740.50,850,11963100
20221130,09:45:52,18740.50,650,11963100
20221130,09:45:53,18740.20,100,11963100
20221130,09:45:54,18739.60,5300,11963100
20221130,09:45:55,18741.25,800,11963100
20221130,09:45:56,18739.20,1100,11963100
20221130,09:45:57,18741.25,1000,11963100
20221130,09:45:59,18740.00,150,11963100
20221130,09:46:00,18739.35,150,11963100
20221130,09:46:01,18740.00,150,11963100
20221130,09:46:02,18739.40,300,11963100
20221130,09:46:03,18741.00,400,11963100
20221130,09:46:04,18740.80,50,11963100
20221130,09:46:05,18741.00,150,11963100
20221130,09:46:06,18740.95,250,11963100
20221130,09:46:07,18740.85,1350,11963100
20221130,09:46:08,18742.80,50,11963100
20221130,09:46:09,18740.85,250,11963100
20221130,09:46:11,18741.90,1100,11963100
20221130,09:46:12,18740.00,200,11963100
20221130,09:46:13,18740.75,100,11963100
20221130,09:46:14,18741.90,150,11963100
20221130,09:46:15,18742.00,100,11963100
20221130,09:46:16,18742.00,50,11963100
20221130,09:46:17,18740.35,250,11963100
20221130,09:46:19,18740.50,100,11963100
20221130,09:46:20,18740.15,100,11963100
20221130,09:46:21,18740.15,100,11963100
20221130,09:46:23,18740.70,150,11963100
20221130,09:46:24,18741.85,250,11963100
20221130,09:46:25,18740.00,50,11963100
20221130,09:46:27,18740.15,550,11963100
20221130,09:46:28,18740.40,300,11963100
20221130,09:46:29,18740.70,300,11963100
20221130,09:46:30,18741.00,200,11963100
20221130,09:46:31,18739.70,850,11963100
20221130,09:46:33,18740.00,200,11963100
20221130,09:46:34,18739.60,100,11963100
20221130,09:46:36,18740.00,250,11963100
20221130,09:46:37,18740.00,300,11963100
20221130,09:46:39,18740.00,100,11963100
20221130,09:46:40,18740.70,50,11963100
20221130,09:46:41,18741.00,50,11963100
20221130,09:46:42,18740.70,100,11963100
20221130,09:46:43,18740.35,150,11963100
20221130,09:46:44,18740.20,250,11963100
20221130,09:46:45,18740.35,150,11963100
20221130,09:46:46,18743.00,800,11963100
20221130,09:46:47,18744.00,900,11963100
20221130,09:46:48,18744.50,50,11963100
20221130,09:46:49,18741.95,100,11963100
20221130,09:46:50,18743.00,300,11963100
20221130,09:46:52,18743.00,50,11963100
20221130,09:46:53,18743.00,900,11963100
20221130,09:46:54,18740.70,100,11963100
20221130,09:46:55,18742.45,550,11963100
20221130,09:46:56,18740.70,150,11963100
20221130,09:46:57,18742.25,150,11963100
20221130,09:46:58,18742.25,50,11963100
20221130,09:47:00,18742.65,300,11963100
20221130,09:47:01,18740.70,200,11963100
20221130,09:47:02,18741.65,250,11963100
20221130,09:47:03,18742.20,100,11963100
20221130,09:47:04,18740.40,100,11963100
20221130,09:47:06,18740.35,50,11963100
20221130,09:47:07,18740.75,300,11963100
20221130,09:47:09,18740.75,150,11963100
20221130,09:47:10,18740.05,100,11963100
20221130,09:47:13,18740.00,1100,11963100
20221130,09:47:14,18740.25,100,11963100
20221130,09:47:15,18740.00,150,11963100
20221130,09:47:16,18739.55,50,11963100
20221130,09:47:17,18738.45,1200,11963100
20221130,09:47:18,18738.00,350,11963100
20221130,09:47:19,18738.45,150,11963100
20221130,09:47:20,18740.95,500,11963100
20221130,09:47:21,18739.35,300,11963100
20221130,09:47:22,18739.10,50,11963100
20221130,09:47:23,18738.95,100,11963100
20221130,09:47:24,18738.80,250,11963100
20221130,09:47:25,18738.80,950,11963100
20221130,09:47:26,18740.00,100,11963100
20221130,09:47:30,18740.70,100,11963100
20221130,09:47:32,18741.70,200,11963100
20221130,09:47:32,18741.70,50,11963100
20221130,09:47:33,18740.85,200,11963100
20221130,09:47:34,18739.60,50,11963100
20221130,09:47:35,18739.60,200,11956850
20221130,09:47:38,18739.65,500,11956850
20221130,09:47:39,18741.55,100,11956850
20221130,09:47:40,18739.80,50,11956850
20221130,09:47:41,18742.00,750,11956850
20221130,09:47:43,18739.60,150,11956850
20221130,09:47:43,18739.55,100,11956850
20221130,09:47:44,18739.00,100,11956850
20221130,09:47:46,18740.20,450,11956850
20221130,09:47:47,18740.30,450,11956850
20221130,09:47:50,18740.20,250,11956850
20221130,09:47:50,18740.30,50,11956850
20221130,09:47:51,18740.35,150,11956850
20221130,09:47:52,18742.00,200,11956850
20221130,09:47:53,18742.00,50,11956850
20221130,09:47:55,18740.65,200,11956850
20221130,09:47:56,18740.35,50,11956850
20221130,09:47:57,18740.00,100,11956850
20221130,09:47:58,18739.00,350,11956850
20221130,09:47:59,18738.50,100,11956850
20221130,09:48:00,18738.50,1200,11956850
20221130,09:48:01,18740.90,450,11956850
20221130,09:48:02,18739.80,1650,11956850
20221130,09:48:04,18740.10,250,11956850
20221130,09:48:04,18738.10,50,11956850
20221130,09:48:05,18738.50,600,11956850
20221130,09:48:06,18738.20,350,11956850
20221130,09:48:07,18737.70,200,11956850
20221130,09:48:08,18737.70,350,11956850
20221130,09:48:09,18737.70,200,11956850
20221130,09:48:11,18734.65,6150,11956850
20221130,09:48:11,18734.95,50,11956850
20221130,09:48:12,18734.55,400,11956850
20221130,09:48:13,18734.40,250,11956850
20221130,09:48:15,18736.90,250,11956850
20221130,09:48:15,18736.85,200,11956850
20221130,09:48:16,18737.00,400,11956850
20221130,09:48:17,18736.45,200,11956850
20221130,09:48:18,18736.70,300,11956850
20221130,09:48:19,18736.50,600,11956850
20221130,09:48:20,18738.95,250,11956850
20221130,09:48:22,18738.00,100,11956850
20221130,09:48:23,18736.45,200,11956850
20221130,09:48:24,18737.55,50,11956850
20221130,09:48:25,18739.00,300,11956850
20221130,09:48:26,18737.55,50,11956850
20221130,09:48:28,18737.00,50,11956850
20221130,09:48:28,18737.00,250,11956850
20221130,09:48:30,18739.00,400,11956850
20221130,09:48:31,18739.20,350,11956850
20221130,09:48:32,18738.00,100,11956850
20221130,09:48:33,18737.10,250,11956850
20221130,09:48:34,18738.00,50,11956850
20221130,09:48:35,18739.90,500,11956850
20221130,09:48:37,18738.35,400,11956850
20221130,09:48:37,18737.00,50,11956850
20221130,09:48:38,18737.10,100,11956850
20221130,09:48:42,18738.00,400,11956850
20221130,09:48:42,18738.00,100,11956850
20221130,09:48:43,18737.00,300,11956850
20221130,09:48:44,18737.00,100,11956850
20221130,09:48:45,18737.65,100,11956850
20221130,09:48:46,18737.30,150,11956850
20221130,09:48:47,18737.65,50,11956850
20221130,09:48:48,18737.65,50,11956850
20221130,09:48:49,18737.00,50,11956850
20221130,09:48:50,18737.00,450,11956850
20221130,09:48:51,18735.50,300,11956850
20221130,09:48:52,18735.50,450,11956850
20221130,09:48:53,18735.70,250,11956850
20221130,09:48:55,18737.65,300,11956850
20221130,09:48:56,18737.65,750,11956850
20221130,09:48:57,18735.45,550,11956850
20221130,09:48:58,18737.05,1700,11956850
20221130,09:48:59,18736.05,150,11956850
20221130,09:49:00,18735.90,200,11956850
20221130,09:49:01,18736.05,450,11956850
20221130,09:49:02,18737.00,250,11956850
20221130,09:49:03,18735.60,50,11956850
20221130,09:49:05,18735.00,150,11956850
20221130,09:49:06,18734.60,300,11956850
20221130,09:49:07,18734.60,1250,11956850
20221130,09:49:08,18735.00,700,11956850
20221130,09:49:09,18734.75,150,11956850
20221130,09:49:11,18735.45,100,11956850
20221130,09:49:11,18735.10,100,11956850
20221130,09:49:12,18735.50,950,11956850
20221130,09:49:13,18735.50,250,11956850
20221130,09:49:14,18735.75,150,11956850
20221130,09:49:15,18735.50,450,11956850
20221130,09:49:17,18735.50,100,11956850
20221130,09:49:18,18735.45,700,11956850
20221130,09:49:19,18737.80,50,11956850
20221130,09:49:20,18735.80,200,11956850
20221130,09:49:21,18735.85,250,11956850
20221130,09:49:23,18738.00,50,11956850
20221130,09:49:25,18738.00,500,11956850
20221130,09:49:26,18738.00,100,11956850
20221130,09:49:27,18738.00,600,11956850
20221130,09:49:28,18737.30,550,11956850
20221130,09:49:30,18738.00,50,11956850
20221130,09:49:31,18738.00,50,11956850
20221130,09:49:32,18737.40,50,11956850
20221130,09:49:33,18737.55,200,11956850
20221130,09:49:34,18737.20,50,11956850
20221130,09:49:35,18737.50,150,11956850
20221130,09:49:36,18737.70,150,11956850
20221130,09:49:38,18737.95,50,11956850
20221130,09:49:39,18738.25,1650,11956850
20221130,09:49:40,18739.00,150,11956850
20221130,09:49:41,18738.75,50,11956850
20221130,09:49:43,18738.70,50,11956850
20221130,09:49:44,18738.00,600,11956850
20221130,09:49:46,18738.50,400,11956850
20221130,09:49:47,18739.00,50,11956850
20221130,09:49:49,18738.75,200,11956850
20221130,09:49:50,18740.00,2400,11956850
20221130,09:49:51,18740.00,150,11956850
20221130,09:49:51,18739.10,100,11956850
20221130,09:49:52,18739.30,1000,11956850
20221130,09:49:53,18739.65,150,11956850
20221130,09:49:54,18740.00,50,11956850
20221130,09:49:56,18740.00,250,11956850
20221130,09:49:57,18739.90,1000,11956850
20221130,09:49:57,18739.80,100,11956850
20221130,09:49:58,18739.50,250,11956850
20221130,09:49:59,18739.20,100,11956850
20221130,09:50:00,18738.50,600,11956850
20221130,09:50:02,18739.60,500,11956850
20221130,09:50:03,18738.95,1400,11956850
20221130,09:50:04,18739.90,100,11956850
20221130,09:50:04,18739.00,50,11956850
20221130,09:50:05,18739.50,100,11956850
20221130,09:50:06,18740.65,600,11956850
20221130,09:50:07,18740.95,250,11956850
20221130,09:50:09,18739.95,900,11956850
20221130,09:50:10,18740.15,350,11956850
20221130,09:50:12,18742.00,400,11956850
20221130,09:50:13,18741.85,150,11956850
20221130,09:50:14,18744.00,250,11956850
20221130,09:50:16,18742.00,50,11956850
20221130,09:50:17,18744.30,50,11956850
20221130,09:50:17,18744.20,200,11956850
20221130,09:50:18,18742.00,200,11956850
20221130,09:50:19,18743.75,100,11956850
20221130,09:50:20,18742.00,150,11956850
20221130,09:50:21,18742.45,50,11956850
20221130,09:50:23,18743.90,150,11956850
20221130,09:50:24,18742.10,250,11956850
20221130,09:50:25,18743.95,50,11956850
20221130,09:50:26,18744.15,350,11956850
20221130,09:50:26,18744.05,50,11956850
20221130,09:50:27,18744.20,50,11956850
20221130,09:50:29,18745.55,1750,11956850
20221130,09:50:30,18745.55,1050,11956850
20221130,09:50:31,18745.55,100,11956850
20221130,09:50:32,18745.55,50,11956850
20221130,09:50:33,18746.40,250,11956850
20221130,09:50:34,18745.90,100,11956850
20221130,09:50:35,18746.40,200,11956850
20221130,09:50:36,18742.25,250,11964450
20221130,09:50:37,18743.45,350,11964450
20221130,09:50:38,18743.95,300,11964450
20221130,09:50:39,18744.40,150,11964450
20221130,09:50:40,18744.00,650,11964450
20221130,09:50:41,18743.10,100,11964450
20221130,09:50:42,18742.20,250,11964450
20221130,09:50:44,18742.35,50,11964450
20221130,09:50:45,18742.15,300,11964450
20221130,09:50:46,18740.15,700,11964450
20221130,09:50:47,18740.00,150,11964450
20221130,09:50:48,18739.15,1850,11964450
20221130,09:50:49,18738.05,100,11964450
20221130,09:50:50,18738.45,150,11964450
20221130,09:50:51,18739.05,1200,11964450
20221130,09:50:53,18740.40,100,11964450
20221130,09:50:54,18740.55,150,11964450
20221130,09:50:56,18740.90,50,11964450
20221130,09:50:58,18740.90,200,11964450
20221130,09:50:59,18740.90,50,11964450
20221130,09:51:01,18741.05,200,11964450
20221130,09:51:03,18741.00,400,11964450
20221130,09:51:04,18740.00,650,11964450
20221130,09:51:05,18740.85,100,11964450
20221130,09:51:06,18741.10,250,11964450
20221130,09:51:07,18739.05,50,11964450
20221130,09:51:08,18738.00,300,11964450
20221130,09:51:09,18740.00,450,11964450
20221130,09:51:11,18738.95,50,11964450
20221130,09:51:12,18738.40,100,11964450
20221130,09:51:13,18738.05,250,11964450
20221130,09:51:14,18738.05,250,11964450
20221130,09:51:16,18739.05,100,11964450
20221130,09:51:17,18740.10,200,11964450
20221130,09:51:18,18740.35,100,11964450
20221130,09:51:21,18740.75,1100,11964450
20221130,09:51:22,18739.60,100,11964450
20221130,09:51:23,18738.90,150,11964450
20221130,09:51:24,18738.00,400,11964450
20221130,09:51:25,18737.80,950,11964450
20221130,09:51:26,18737.00,1200,11964450
20221130,09:51:28,18737.00,150,11964450
20221130,09:51:29,18736.90,50,11964450
20221130,09:51:30,18736.75,150,11964450
20221130,09:51:31,18736.75,300,11964450
20221130,09:51:32,18737.00,300,11964450
20221130,09:51:33,18737.10,450,11964450
20221130,09:51:34,18738.00,600,11964450
20221130,09:51:35,18736.75,300,11964450
20221130,09:51:37,18736.00,700,11964450
20221130,09:51:39,18736.00,150,11964450
20221130,09:51:40,18736.00,50,11964450
20221130,09:51:41,18735.95,150,11964450
20221130,09:51:42,18736.00,550,11964450
20221130,09:51:44,18735.45,100,11964450
20221130,09:51:45,18736.00,1300,11964450
20221130,09:51:46,18736.00,100,11964450
20221130,09:51:48,18735.30,350,11964450
20221130,09:51:50,18734.60,50,11964450
20221130,09:51:51,18735.55,50,11964450
20221130,09:51:52,18735.05,550,11964450
20221130,09:51:53,18736.00,750,11964450
20221130,09:51:54,18736.15,300,11964450
20221130,09:51:55,18735.00,250,11964450
20221130,09:51:56,18735.35,150,11964450
20221130,09:51:58,18735.00,200,11964450
20221130,09:51:59,18734.65,400,11964450
20221130,09:52:00,18735.00,300,11964450
20221130,09:52:01,18735.25,50,11964450
20221130,09:52:02,18734.05,850,11964450
20221130,09:52:03,18732.60,5000,11964450
20221130,09:52:04,18732.65,100,11964450
20221130,09:52:05,18733.55,100,11964450
20221130,09:52:06,18733.55,200,11964450
20221130,09:52:07,18733.15,50,11964450
20221130,09:52:08,18732.15,550,11964450
20221130,09:52:09,18733.60,1000,11964450
20221130,09:52:10,18733.15,50,11964450
20221130,09:52:11,18734.65,350,11964450
20221130,09:52:12,18733.10,350,11964450
20221130,09:52:13,18732.65,400,11964450
20221130,09:52:14,18735.00,300,11964450
20221130,09:52:15,18732.20,100,11964450
20221130,09:52:16,18730.20,2350,11964450
20221130,09:52:17,18730.45,800,11964450
20221130,09:52:18,18730.45,50,11964450
20221130,09:52:19,18732.00,300,11964450
20221130,09:52:20,18732.15,350,11964450
20221130,09:52:21,18733.30,400,11964450
20221130,09:52:22,18731.30,900,11964450
20221130,09:52:24,18730.25,450,11964450
20221130,09:52:25,18730.00,2050,11964450
20221130,09:52:26,18730.00,1100,11964450
20221130,09:52:27,18730.10,2350,11964450
20221130,09:52:28,18730.00,500,11964450
20221130,09:52:29,18730.15,250,11964450
20221130,09:52:30,18730.00,700,11964450
20221130,09:52:31,18728.80,2050,11964450
20221130,09:52:32,18730.20,100,11964450
20221130,09:52:33,18728.75,300,11964450
20221130,09:52:34,18728.75,600,11964450
20221130,09:52:35,18730.00,250,11964450
20221130,09:52:36,18728.75,200,11964450
20221130,09:52:37,18728.55,250,11964450
20221130,09:52:37,18728.25,50,11964450
20221130,09:52:38,18728.20,350,11964450
20221130,09:52:40,18728.20,400,11964450
20221130,09:52:41,18729.60,3450,11964450
20221130,09:52:42,18730.60,450,11964450
20221130,09:52:43,18730.00,450,11964450
20221130,09:52:44,18730.00,50,11964450
20221130,09:52:45,18731.55,850,11964450
20221130,09:52:46,18729.40,800,11964450
20221130,09:52:47,18730.00,650,11964450
20221130,09:52:48,18731.00,950,11964450
20221130,09:52:49,18730.70,100,11964450
20221130,09:52:50,18730.10,100,11964450
20221130,09:52:51,18730.05,550,11964450
20221130,09:52:52,18732.75,750,11964450
20221130,09:52:53,18731.00,250,11964450
20221130,09:52:54,18732.75,100,11964450
20221130,09:52:56,18731.20,550,11964450
20221130,09:52:56,18731.20,50,11964450
20221130,09:52:57,18732.45,50,11964450
20221130,09:52:58,18731.20,1500,11964450
20221130,09:52:59,18733.75,350,11964450
20221130,09:53:00,18730.25,150,11964450
20221130,09:53:02,18730.15,300,11964450
20221130,09:53:02,18730.05,1250,11964450
20221130,09:53:03,18731.35,350,11964450
20221130,09:53:04,18730.80,100,11964450
20221130,09:53:06,18730.10,300,11964450
20221130,09:53:07,18730.40,400,11964450
20221130,09:53:08,18731.15,150,11964450
20221130,09:53:09,18731.15,50,11964450
20221130,09:53:10,18731.00,150,11964450
20221130,09:53:12,18732.50,200,11964450
20221130,09:53:13,18732.70,350,11964450
20221130,09:53:14,18731.15,150,11964450
20221130,09:53:15,18730.85,200,11964450
20221130,09:53:17,18730.45,250,11964450
20221130,09:53:18,18731.00,550,11964450
20221130,09:53:19,18730.55,500,11964450
20221130,09:53:20,18731.25,650,11964450
20221130,09:53:21,18731.85,50,11964450
20221130,09:53:22,18730.35,400,11964450
20221130,09:53:23,18730.35,300,11964450
20221130,09:53:24,18730.10,350,11964450
20221130,09:53:27,18731.45,100,11964450
20221130,09:53:28,18732.60,1100,11964450
20221130,09:53:29,18732.05,500,11964450
20221130,09:53:30,18732.00,50,11964450
20221130,09:53:31,18730.05,250,11964450
20221130,09:53:31,18731.95,50,11964450
20221130,09:53:33,18731.80,450,11964450
20221130,09:53:34,18730.50,350,11964450
20221130,09:53:35,18730.65,200,11953850
20221130,09:53:36,18730.70,200,11953850
20221130,09:53:38,18732.00,150,11953850
20221130,09:53:39,18732.00,100,11953850
20221130,09:53:40,18732.00,200,11953850
20221130,09:53:41,18733.00,150,11953850
20221130,09:53:42,18732.90,150,11953850
20221130,09:53:44,18732.90,50,11953850
20221130,09:53:45,18733.30,150,11953850
20221130,09:53:46,18733.30,100,11953850
20221130,09:53:48,18731.60,50,11953850
20221130,09:53:49,18732.00,250,11953850
20221130,09:53:50,18731.65,100,11953850
20221130,09:53:51,18732.50,200,11953850
20221130,09:53:52,18731.65,250,11953850
20221130,09:53:53,18731.20,300,11953850
20221130,09:53:54,18733.50,600,11953850
20221130,09:53:56,18733.50,200,11953850
20221130,09:53:56,18732.10,800,11953850
20221130,09:53:57,18732.60,50,11953850
20221130,09:53:58,18730.75,850,11953850
20221130,09:53:59,18730.00,950,11953850
20221130,09:54:00,18728.75,350,11953850
20221130,09:54:01,18728.75,750,11953850
20221130,09:54:03,18728.00,1300,11953850
20221130,09:54:03,18727.25,2850,11953850
20221130,09:54:04,18728.75,3800,11953850
20221130,09:54:05,18728.75,150,11953850
20221130,09:54:07,18727.05,550,11953850
20221130,09:54:07,18727.00,900,11953850
20221130,09:54:08,18727.00,200,11953850
20221130,09:54:09,18727.00,800,11953850
20221130,09:54:10,18725.50,1300,11953850
20221130,09:54:11,18726.90,50,11953850
20221130,09:54:12,18725.40,250,11953850
20221130,09:54:13,18725.35,350,11953850
20221130,09:54:14,18725.35,150,11953850
20221130,09:54:15,18725.35,100,11953850
20221130,09:54:16,18726.55,300,11953850
20221130,09:54:18,18726.55,150,11953850
20221130,09:54:19,18725.35,150,11953850
20221130,09:54:20,18725.35,250,11953850
20221130,09:54:22,18725.35,700,11953850
20221130,09:54:23,18722.95,5400,11953850
20221130,09:54:24,18722.50,300,11953850
20221130,09:54:25,18722.00,850,11953850
20221130,09:54:26,18721.20,1650,11953850
20221130,09:54:27,18722.35,200,11953850
20221130,09:54:28,18723.10,400,11953850
20221130,09:54:29,18723.40,200,11953850
20221130,09:54:30,18725.25,600,11953850
20221130,09:54:31,18725.35,150,11953850
20221130,09:54:32,18725.35,150,11953850
20221130,09:54:33,18725.00,500,11953850
20221130,09:54:34,18727.00,950,11953850
20221130,09:54:35,18727.00,250,11953850
20221130,09:54:36,18725.05,1550,11953850
20221130,09:54:37,18727.80,650,11953850
20221130,09:54:38,18727.00,400,11953850
20221130,09:54:39,18728.00,800,11953850
20221130,09:54:40,18725.25,200,11953850
20221130,09:54:41,18727.05,250,11953850
20221130,09:54:42,18724.80,100,11953850
20221130,09:54:43,18724.10,250,11953850
20221130,09:54:44,18725.25,550,11953850
20221130,09:54:45,18724.55,200,11953850
20221130,09:54:46,18726.80,400,11953850
20221130,09:54:47,18726.45,650,11953850
20221130,09:54:48,18726.55,100,11953850
20221130,09:54:49,18725.25,100,11953850
20221130,09:54:50,18725.00,400,11953850
20221130,09:54:51,18725.00,450,11953850
20221130,09:54:52,18724.00,400,11953850
20221130,09:54:53,18725.00,2800,11953850
20221130,09:54:54,18725.00,2900,11953850
20221130,09:54:55,18722.70,300,11953850
20221130,09:54:56,18723.40,150,11953850
20221130,09:54:57,18722.80,150,11953850
20221130,09:54:58,18725.00,2100,11953850
20221130,09:54:59,18725.00,550,11953850
20221130,09:55:00,18725.00,250,11953850
20221130,09:55:01,18725.00,200,11953850
20221130,09:55:01,18725.00,500,11953850
20221130,09:55:03,18725.00,500,11953850
20221130,09:55:03,18725.20,100,11953850
20221130,09:55:04,18725.00,200,11953850
20221130,09:55:06,18726.40,1000,11953850
20221130,09:55:07,18725.25,400,11953850
20221130,09:55:08,18726.40,250,11953850
20221130,09:55:09,18727.00,100,11953850
20221130,09:55:10,18727.50,850,11953850
20221130,09:55:11,18727.20,700,11953850
20221130,09:55:12,18729.35,550,11953850
20221130,09:55:13,18726.30,150,11953850
20221130,09:55:14,18726.00,50,11953850
20221130,09:55:15,18726.00,450,11953850
20221130,09:55:16,18725.15,100,11953850
20221130,09:55:17,18727.00,50,11953850
20221130,09:55:18,18727.00,250,11953850
20221130,09:55:19,18725.85,200,11953850
20221130,09:55:20,18727.00,600,11953850
20221130,09:55:21,18725.75,350,11953850
20221130,09:55:22,18726.75,50,11953850
20221130,09:55:23,18727.00,300,11953850
20221130,09:55:27,18725.55,350,11953850
20221130,09:55:28,18727.00,150,11953850
20221130,09:55:29,18726.50,100,11953850
20221130,09:55:30,18727.00,250,11953850
20221130,09:55:31,18727.00,50,11953850
20221130,09:55:32,18729.00,1150,11953850
20221130,09:55:33,18729.00,200,11953850
20221130,09:55:34,18727.00,400,11953850
20221130,09:55:36,18726.60,900,11953850
20221130,09:55:36,18727.70,400,11953850
20221130,09:55:37,18726.85,200,11953850
20221130,09:55:39,18727.70,650,11953850
20221130,09:55:40,18729.00,250,11953850
20221130,09:55:41,18727.65,350,11953850
20221130,09:55:42,18726.75,250,11953850
20221130,09:55:43,18726.25,300,11953850
20221130,09:55:44,18726.00,150,11953850
20221130,09:55:45,18726.00,500,11953850
20221130,09:55:46,18726.00,200,11953850
20221130,09:55:47,18726.90,200,11953850
20221130,09:55:48,18725.10,250,11953850
20221130,09:55:49,18725.35,50,11953850
20221130,09:55:50,18725.35,50,11953850
20221130,09:55:51,18726.00,200,11953850
20221130,09:55:51,18726.00,50,11953850
20221130,09:55:53,18727.00,100,11953850
20221130,09:55:54,18727.55,150,11953850
20221130,09:55:55,18725.70,50,11953850
20221130,09:55:56,18727.55,150,11953850
20221130,09:55:57,18726.05,100,11953850
20221130,09:55:58,18726.70,100,11953850
20221130,09:55:59,18726.00,100,11953850
20221130,09:56:00,18726.00,50,11953850
20221130,09:56:01,18726.00,100,11953850
20221130,09:56:02,18726.00,450,11953850
20221130,09:56:03,18727.00,600,11953850
20221130,09:56:04,18726.35,300,11953850
20221130,09:56:05,18726.45,300,11953850
20221130,09:56:06,18726.20,100,11953850
20221130,09:56:07,18727.55,800,11953850
20221130,09:56:08,18728.40,50,11953850
20221130,09:56:09,18728.40,150,11953850
20221130,09:56:10,18729.00,150,11953850
20221130,09:56:11,18727.35,250,11953850
20221130,09:56:12,18729.00,50,11953850
20221130,09:56:13,18728.00,150,11953850
20221130,09:56:14,18727.90,100,11953850
20221130,09:56:15,18728.90,400,11953850
20221130,09:56:16,18728.10,100,11953850
20221130,09:56:17,18728.90,700,11953850
20221130,09:56:18,18726.25,150,11953850
20221130,09:56:19,18728.65,50,11953850
20221130,09:56:20,18728.65,200,11953850
20221130,09:56:21,18727.95,50,11953850
20221130,09:56:22,18728.90,150,11953850
20221130,09:56:24,18728.00,50,11953850
20221130,09:56:26,18728.80,200,11953850
20221130,09:56:27,18728.65,200,11953850
20221130,09:56:28,18728.80,100,11953850
20221130,09:56:30,18728.65,300,11953850
20221130,09:56:31,18728.80,1600,11953850
20221130,09:56:32,18728.00,150,11953850
20221130,09:56:33,18727.15,1650,11953850
20221130,09:56:35,18730.00,300,11953850
20221130,09:56:36,18728.00,100,11937950
20221130,09:56:37,18730.00,1900,11937950
20221130,09:56:38,18728.45,50,11937950
20221130,09:56:40,18728.25,50,11937950
20221130,09:56:41,18728.20,100,11937950
20221130,09:56:43,18729.90,50,11937950
20221130,09:56:44,18730.00,100,11937950
20221130,09:56:45,18729.50,200,11937950
20221130,09:56:46,18729.40,50,11937950
20221130,09:56:48,18730.60,1100,11937950
20221130,09:56:49,18730.65,50,11937950
20221130,09:56:50,18730.40,600,11937950
20221130,09:56:52,18730.40,50,11937950
20221130,09:56:54,18729.20,50,11937950
20221130,09:56:55,18730.00,1000,11937950
20221130,09:56:56,18728.30,500,11937950
20221130,09:56:57,18730.00,400,11937950
20221130,09:56:58,18731.45,250,11937950
20221130,09:56:59,18730.00,100,11937950
20221130,09:57:00,18730.00,1050,11937950
20221130,09:57:01,18732.55,100,11937950
20221130,09:57:02,18732.55,250,11937950
20221130,09:57:03,18730.70,150,11937950
20221130,09:57:04,18730.70,150,11937950
20221130,09:57:05,18729.25,400,11937950
20221130,09:57:06,18731.30,50,11937950
20221130,09:57:07,18730.70,50,11937950
20221130,09:57:08,18730.70,200,11937950
20221130,09:57:09,18730.00,1150,11937950
20221130,09:57:10,18730.00,50,11937950
20221130,09:57:11,18730.00,350,11937950
20221130,09:57:12,18730.00,50,11937950
20221130,09:57:13,18730.00,50,11937950
20221130,09:57:14,18730.00,100,11937950
20221130,09:57:15,18730.00,250,11937950
20221130,09:57:16,18730.00,350,11937950
20221130,09:57:17,18730.80,100,11937950
20221130,09:57:18,18730.70,50,11937950
20221130,09:57:19,18730.50,400,11937950
20221130,09:57:20,18731.30,50,11937950
20221130,09:57:21,18731.20,50,11937950
20221130,09:57:23,18730.55,250,11937950
20221130,09:57:24,18732.55,850,11937950
20221130,09:57:25,18731.55,850,11937950
20221130,09:57:26,18731.85,2900,11937950
20221130,09:57:27,18731.30,700,11937950
20221130,09:57:28,18731.65,250,11937950
20221130,09:57:29,18734.50,450,11937950
20221130,09:57:32,18734.50,900,11937950
20221130,09:57:33,18731.00,650,11937950
20221130,09:57:34,18730.00,650,11937950
20221130,09:57:35,18732.25,50,11937950
20221130,09:57:36,18732.00,500,11937950
20221130,09:57:38,18732.20,1900,11937950
20221130,09:57:40,18732.20,250,11937950
20221130,09:57:41,18732.25,250,11937950
20221130,09:57:42,18731.85,350,11937950
20221130,09:57:43,18732.55,450,11937950
20221130,09:57:44,18732.50,1550,11937950
20221130,09:57:45,18729.90,1700,11937950
20221130,09:57:46,18732.45,50,11937950
20221130,09:57:48,18733.30,200,11937950
20221130,09:57:49,18734.25,2400,11937950
20221130,09:57:50,18734.25,50,11937950
20221130,09:57:51,18731.75,400,11937950
20221130,09:57:52,18734.60,150,11937950
20221130,09:57:53,18734.60,250,11937950
20221130,09:57:54,18732.15,350,11937950
20221130,09:57:56,18733.95,350,11937950
20221130,09:57:57,18732.70,150,11937950
20221130,09:57:58,18732.90,50,11937950
20221130,09:57:59,18731.90,100,11937950
20221130,09:58:00,18734.80,700,11937950
20221130,09:58:02,18731.90,250,11937950
20221130,09:58:03,18733.00,1600,11937950
20221130,09:58:05,18733.00,300,11937950
20221130,09:58:06,18733.00,150,11937950
20221130,09:58:08,18733.90,50,11937950
20221130,09:58:10,18732.00,350,11937950
20221130,09:58:11,18731.25,300,11937950
20221130,09:58:14,18731.00,500,11937950
20221130,09:58:15,18731.00,50,11937950
20221130,09:58:16,18733.00,600,11937950
20221130,09:58:17,18730.80,450,11937950
20221130,09:58:19,18730.70,50,11937950
20221130,09:58:20,18733.00,350,11937950
20221130,09:58:21,18730.60,250,11937950
20221130,09:58:23,18733.30,200,11937950
20221130,09:58:26,18733.00,50,11937950
20221130,09:58:28,18731.50,300,11937950
20221130,09:58:31,18734.00,100,11937950
20221130,09:58:32,18731.70,150,11937950
20221130,09:58:34,18732.10,50,11937950
20221130,09:58:35,18733.90,50,11937950
20221130,09:58:36,18734.00,200,11937950
20221130,09:58:37,18733.90,100,11937950
20221130,09:58:38,18733.90,100,11937950
20221130,09:58:39,18733.90,200,11937950
20221130,09:58:40,18732.05,150,11937950
20221130,09:58:41,18731.65,1200,11937950
20221130,09:58:44,18734.95,150,11937950
20221130,09:58:46,18733.05,50,11937950
20221130,09:58:47,18734.00,100,11937950
20221130,09:58:49,18732.55,50,11937950
20221130,09:58:50,18732.20,50,11937950
20221130,09:58:53,18732.60,1150,11937950
20221130,09:58:54,18731.70,1200,11937950
20221130,09:58:57,18733.00,50,11937950
20221130,09:58:58,18732.40,100,11937950
20221130,09:58:59,18732.40,50,11937950
20221130,09:59:00,18732.40,100,11937950
20221130,09:59:02,18734.75,200,11937950
20221130,09:59:03,18732.35,200,11937950
20221130,09:59:04,18732.25,100,11937950
20221130,09:59:05,18732.90,300,11937950
20221130,09:59:06,18732.90,500,11937950
20221130,09:59:08,18732.40,100,11937950
20221130,09:59:10,18732.40,200,11937950
20221130,09:59:11,18732.95,800,11937950
20221130,09:59:12,18731.45,50,11937950
20221130,09:59:14,18731.90,250,11937950
20221130,09:59:15,18731.05,1250,11937950
20221130,09:59:17,18732.40,100,11937950
20221130,09:59:18,18731.00,300,11937950
20221130,09:59:21,18731.80,250,11937950
20221130,09:59:22,18731.80,100,11937950
20221130,09:59:23,18731.80,50,11937950
20221130,09:59:28,18732.00,150,11937950
20221130,09:59:29,18731.95,50,11937950
20221130,09:59:30,18731.90,50,11937950
20221130,09:59:32,18731.90,50,11937950
20221130,09:59:34,18731.80,100,11937950
20221130,09:59:35,18731.85,250,11937950
20221130,09:59:38,18731.85,50,11934250
20221130,09:59:39,18731.25,200,11934250
20221130,09:59:40,18730.10,900,11934250
20221130,09:59:41,18731.00,100,11934250
20221130,09:59:42,18731.00,50,11934250
20221130,09:59:44,18731.80,100,11934250
20221130,09:59:45,18732.55,50,11934250
20221130,09:59:46,18732.55,100,11934250
20221130,09:59:47,18730.75,550,11934250
20221130,09:59:48,18732.55,50,11934250
20221130,09:59:50,18732.55,50,11934250
20221130,09:59:54,18731.60,50,11934250
20221130,09:59:54,18731.45,150,11934250
20221130,09:59:55,18732.55,50,11934250
20221130,09:59:57,18731.05,850,11934250
20221130,09:59:58,18731.75,50,11934250
20221130,09:59:59,18732.00,200,11934250
20221130,10:00:01,18731.35,50,11934250
20221130,10:00:01,18731.15,250,11934250
20221130,10:00:02,18733.30,900,11934250
20221130,10:00:03,18733.30,150,11934250
20221130,10:00:04,18733.30,100,11934250
20221130,10:00:06,18734.00,100,11934250
20221130,10:00:07,18731.95,250,11934250
20221130,10:00:08,18733.85,150,11934250
20221130,10:00:09,18733.50,150,11934250
20221130,10:00:10,18732.00,200,11934250
20221130,10:00:12,18731.95,400,11934250
20221130,10:00:12,18731.35,50,11934250
20221130,10:00:13,18731.00,150,11934250
20221130,10:00:14,18731.00,50,11934250
20221130,10:00:15,18731.30,100,11934250
20221130,10:00:18,18731.00,150,11934250
20221130,10:00:19,18731.95,150,11934250
20221130,10:00:20,18731.30,50,11934250
20221130,10:00:21,18730.00,450,11934250
20221130,10:00:22,18730.70,50,11934250
20221130,10:00:23,18730.00,150,11934250
20221130,10:00:24,18730.70,150,11934250
20221130,10:00:25,18730.05,250,11934250
20221130,10:00:26,18730.00,200,11934250
20221130,10:00:27,18730.00,150,11934250
20221130,10:00:29,18731.00,50,11934250
20221130,10:00:29,18730.05,50,11934250
20221130,10:00:30,18730.05,200,11934250
20221130,10:00:36,18730.10,150,11934250
20221130,10:00:36,18730.10,50,11934250
20221130,10:00:38,18732.00,50,11934250
20221130,10:00:39,18731.50,100,11934250
20221130,10:00:41,18730.65,300,11934250
20221130,10:00:43,18732.50,1800,11934250
20221130,10:00:44,18731.20,50,11934250
20221130,10:00:46,18731.00,200,11934250
20221130,10:00:47,18730.00,100,11934250
20221130,10:00:48,18730.00,300,11934250
20221130,10:00:49,18730.10,200,11934250
20221130,10:00:50,18730.00,50,11934250
20221130,10:00:53,18730.55,200,11934250
20221130,10:00:54,18730.20,50,11934250
20221130,10:00:55,18731.00,50,11934250
20221130,10:00:56,18730.00,450,11934250
20221130,10:00:57,18730.00,150,11934250
20221130,10:00:58,18730.80,50,11934250
20221130,10:00:59,18731.50,600,11934250
20221130,10:01:00,18730.00,5900,11934250
20221130,10:01:01,18729.00,1200,11934250
20221130,10:01:04,18728.65,50,11934250
20221130,10:01:05,18730.00,550,11934250
20221130,10:01:06,18730.55,650,11934250
20221130,10:01:07,18730.25,50,11934250
20221130,10:01:09,18730.25,50,11934250
20221130,10:01:10,18730.10,50,11934250
20221130,10:01:11,18730.00,650,11934250
20221130,10:01:12,18730.10,100,11934250
20221130,10:01:15,18730.00,150,11934250
20221130,10:01:16,18727.00,1050,11934250
20221130,10:01:17,18728.10,50,11934250
20221130,10:01:18,18727.00,550,11934250
20221130,10:01:19,18727.80,150,11934250
20221130,10:01:20,18727.10,550,11934250
20221130,10:01:21,18727.15,300,11934250
20221130,10:01:23,18727.30,100,11934250
20221130,10:01:24,18727.20,50,11934250
20221130,10:01:27,18729.00,100,11934250
20221130,10:01:28,18727.15,100,11934250
20221130,10:01:29,18727.05,250,11934250
20221130,10:01:30,18727.20,50,11934250
20221130,10:01:33,18727.95,100,11934250
20221130,10:01:34,18728.00,100,11934250
20221130,10:01:35,18728.05,100,11934250
20221130,10:01:36,18727.50,300,11934250
20221130,10:01:40,18727.45,250,11934250
20221130,10:01:40,18727.60,100,11934250
20221130,10:01:41,18727.30,100,11934250
20221130,10:01:44,18727.20,50,11934250
20221130,10:01:45,18727.20,100,11934250
20221130,10:01:45,18727.15,50,11934250
20221130,10:01:46,18727.55,100,11934250
20221130,10:01:49,18728.20,100,11934250
20221130,10:01:52,18727.00,50,11934250
20221130,10:01:53,18728.40,150,11934250
20221130,10:01:53,18727.00,50,11934250
20221130,10:01:54,18727.40,50,11934250
20221130,10:01:55,18727.00,50,11934250
20221130,10:01:56,18727.00,300,11934250
20221130,10:01:58,18727.20,50,11934250
20221130,10:01:59,18727.05,100,11934250
20221130,10:01:59,18728.90,50,11934250
20221130,10:02:00,18726.20,350,11934250
20221130,10:02:01,18726.95,50,11934250
20221130,10:02:02,18727.00,100,11934250
20221130,10:02:04,18727.25,100,11934250
20221130,10:02:05,18728.00,700,11934250
20221130,10:02:06,18730.00,100,11934250
20221130,10:02:07,18730.00,250,11934250
20221130,10:02:08,18729.00,250,11934250
20221130,10:02:10,18730.00,100,11934250
20221130,10:02:11,18730.00,800,11934250
20221130,10:02:12,18729.60,1150,11934250
20221130,10:02:13,18730.20,100,11934250
20221130,10:02:15,18731.00,400,11934250
20221130,10:02:16,18731.05,150,11934250
20221130,10:02:17,18731.00,100,11934250
20221130,10:02:19,18731.50,100,11934250
20221130,10:02:21,18733.00,450,11934250
20221130,10:02:22,18734.40,250,11934250
20221130,10:02:23,18735.00,1400,11934250
20221130,10:02:24,18735.50,150,11934250
20221130,10:02:26,18739.45,2450,11934250
20221130,10:02:27,18738.05,550,11934250
20221130,10:02:29,18738.05,50,11934250
20221130,10:02:30,18738.05,100,11934250
20221130,10:02:32,18738.05,100,11934250
