20221130,09:15:03,18953.20,1,175550
20221130,09:15:03,18940.00,400,175550
20221130,09:15:04,18920.85,500,175550
20221130,09:15:11,18920.85,50,175550
20221130,09:15:14,18939.10,50,175550
20221130,09:15:19,18936.10,50,175550
20221130,09:15:26,18943.05,50,175550
20221130,09:15:30,18940.15,300,175550
20221130,09:15:36,18944.15,50,175550
20221130,09:15:47,18950.35,50,175550
20221130,09:15:54,18945.80,50,175550
20221130,09:15:56,18953.35,150,175550
20221130,09:15:58,18955.70,50,175550
20221130,09:15:59,18955.70,100,175550
20221130,09:16:02,18956.75,50,175550
20221130,09:16:04,18958.95,50,175550
20221130,09:16:13,18958.95,400,175550
20221130,09:16:25,18956.75,250,175550
20221130,09:16:29,18952.20,200,175550
20221130,09:16:33,18957.45,50,175550
20221130,09:16:38,18956.75,50,175550
20221130,09:16:40,18954.05,100,175550
20221130,09:16:43,18957.45,50,175550
20221130,09:16:50,18957.45,50,175550
20221130,09:16:52,18957.45,50,175550
20221130,09:16:56,18961.05,500,175550
20221130,09:17:02,18961.05,50,175550
20221130,09:17:04,18959.80,50,175550
20221130,09:17:05,18959.80,50,175550
20221130,09:17:13,18961.50,50,175550
20221130,09:17:19,18965.00,100,175550
20221130,09:17:26,18965.00,50,175550
20221130,09:17:32,18957.05,100,176100
20221130,09:17:35,18956.55,50,176100
20221130,09:17:39,18961.35,750,176100
20221130,09:17:53,18960.05,50,176100
20221130,09:17:59,18960.05,50,176100
20221130,09:18:14,18960.05,50,176100
20221130,09:18:15,18960.05,100,176100
20221130,09:18:17,18960.05,50,176100
20221130,09:18:20,18960.00,150,176100
20221130,09:18:23,18960.00,100,176100
20221130,09:18:36,18960.00,50,176100
20221130,09:19:05,18957.35,1000,176100
20221130,09:19:06,18960.95,50,176100
20221130,09:19:08,18961.85,50,176100
20221130,09:19:10,18961.20,50,176100
20221130,09:19:19,18963.00,150,176100
20221130,09:19:20,18964.00,350,176100
20221130,09:19:31,18965.00,50,176100
20221130,09:19:41,18964.00,50,176100
20221130,09:19:50,18964.00,50,176100
20221130,09:19:52,18964.00,100,176100
20221130,09:19:54,18965.00,50,176100
20221130,09:20:06,18965.00,50,176100
20221130,09:20:10,18962.30,50,176100
20221130,09:20:12,18962.00,50,176100
20221130,09:20:26,18957.05,100,177450
20221130,09:20:34,18960.00,100,177450
20221130,09:20:51,18969.95,1250,177450
20221130,09:20:55,18969.95,50,177450
20221130,09:21:00,18963.35,100,177450
20221130,09:21:12,18960.20,50,177450
20221130,09:21:13,18963.00,50,177450
20221130,09:21:17,18960.45,50,177450
20221130,09:21:18,18960.90,50,177450
20221130,09:21:35,18960.90,200,177450
20221130,09:21:51,18960.90,50,177450
20221130,09:21:55,18960.90,50,177450
20221130,09:22:02,18963.35,50,177450
20221130,09:22:16,18971.35,1800,177450
20221130,09:22:25,18971.35,50,177450
20221130,09:22:28,18966.40,150,177450
20221130,09:22:30,18965.70,50,177450
20221130,09:22:38,18963.00,50,177450
20221130,09:22:44,18963.05,50,177450
20221130,09:22:49,18962.05,200,177450
20221130,09:22:50,18960.50,300,177450
20221130,09:22:56,18959.00,100,177450
20221130,09:23:00,18960.00,50,177450
20221130,09:23:22,18958.85,200,178950
20221130,09:23:36,18958.85,50,178950
20221130,09:23:46,18958.85,100,178950
20221130,09:23:49,18960.00,50,178950
20221130,09:23:56,18958.85,100,178950
20221130,09:24:04,18958.85,150,178950
20221130,09:24:19,18958.85,50,178950
20221130,09:24:20,18958.85,50,178950
20221130,09:24:24,18958.85,50,178950
20221130,09:24:30,18958.85,50,178950
20221130,09:24:38,18958.85,50,178950
20221130,09:24:43,18958.85,50,178950
20221130,09:24:45,18958.85,50,178950
20221130,09:24:51,18958.85,100,178950
20221130,09:24:52,18958.85,50,178950
20221130,09:24:53,18958.85,50,178950
20221130,09:24:58,18957.00,50,178950
20221130,09:25:03,18958.85,50,178950
20221130,09:25:11,18957.00,200,178950
20221130,09:25:19,18957.00,50,178950
20221130,09:25:24,18957.00,100,178950
20221130,09:25:25,18957.00,100,178950
20221130,09:25:26,18957.00,50,178950
20221130,09:25:29,18957.00,50,178950
20221130,09:25:44,18958.30,50,178950
20221130,09:25:45,18958.80,50,178950
20221130,09:25:50,18958.80,50,178950
20221130,09:25:54,18959.00,50,178950
20221130,09:25:58,18959.95,150,178950
20221130,09:26:04,18959.95,50,178950
20221130,09:27:22,18955.05,100,180000
20221130,09:27:37,18955.00,50,180000
20221130,09:27:51,18955.00,100,180000
20221130,09:28:08,18954.45,150,180000
20221130,09:28:14,18950.05,50,180000
20221130,09:28:20,18950.00,50,180000
20221130,09:28:28,18950.00,50,180000
20221130,09:28:52,18955.00,150,180000
20221130,09:28:54,18955.00,50,180000
20221130,09:29:15,18952.95,300,180000
20221130,09:29:19,18952.55,50,180000
20221130,09:29:44,18950.00,50,180400
20221130,09:30:23,18953.00,50,180400
20221130,09:30:40,18954.95,50,180400
20221130,09:30:45,18955.00,50,180400
20221130,09:30:48,18959.25,150,180400
20221130,09:31:36,18954.35,50,180400
20221130,09:32:20,18955.50,100,180400
20221130,09:32:22,18955.95,50,180400
20221130,09:32:28,18957.10,50,180400
20221130,09:32:55,18952.20,250,180700
20221130,09:33:10,18955.00,100,180700
20221130,09:33:17,18953.30,50,180700
20221130,09:33:59,18960.00,1500,180700
20221130,09:34:09,18960.00,50,180700
20221130,09:34:14,18960.00,250,180700
20221130,09:34:15,18957.90,50,180700
20221130,09:34:28,18959.25,50,180700
20221130,09:34:44,18959.00,50,180700
20221130,09:35:08,18959.00,100,180700
20221130,09:35:18,18959.90,50,180700
20221130,09:35:44,18958.95,50,181200
20221130,09:36:19,18954.00,50,181200
20221130,09:36:23,18954.00,350,181200
20221130,09:36:27,18954.00,50,181200
20221130,09:36:29,18954.00,250,181200
20221130,09:36:35,18952.65,300,181200
20221130,09:36:37,18954.95,200,181200
20221130,09:36:42,18950.30,50,181200
20221130,09:36:46,18948.00,1050,181200
20221130,09:36:52,18948.00,250,181200
20221130,09:36:53,18948.00,200,181200
20221130,09:37:06,18948.05,50,181200
20221130,09:37:09,18951.00,400,181200
20221130,09:37:11,18951.00,100,181200
20221130,09:37:17,18948.00,50,181200
20221130,09:37:25,18949.30,200,181200
20221130,09:37:26,18949.30,50,181200
20221130,09:37:27,18949.30,50,181200
20221130,09:37:29,18949.30,200,181200
20221130,09:37:41,18950.35,150,181200
20221130,09:37:43,18950.70,250,181200
20221130,09:37:44,18950.70,50,181200
20221130,09:37:45,18950.70,50,181200
20221130,09:37:59,18947.00,50,181200
20221130,09:38:00,18945.85,50,181200
20221130,09:38:02,18945.00,50,181200
20221130,09:38:14,18940.70,50,181200
20221130,09:38:15,18940.70,50,181200
20221130,09:38:18,18941.05,100,181200
20221130,09:38:27,18941.15,50,182600
20221130,09:38:47,18941.05,50,182600
20221130,09:38:52,18941.05,50,182600
20221130,09:38:58,18944.00,50,182600
20221130,09:39:01,18944.00,50,182600
20221130,09:39:01,18944.00,400,182600
20221130,09:39:02,18941.05,50,182600
20221130,09:39:07,18941.95,50,182600
20221130,09:39:10,18944.70,500,182600
20221130,09:39:22,18945.20,500,182600
20221130,09:39:29,18941.00,200,182600
20221130,09:39:31,18941.50,50,182600
20221130,09:39:32,18943.15,150,182600
20221130,09:39:33,18943.15,50,182600
20221130,09:39:34,18943.15,50,182600
20221130,09:39:37,18944.35,250,182600
20221130,09:39:42,18940.70,450,182600
20221130,09:39:50,18940.45,500,182600
20221130,09:39:58,18941.00,50,182600
20221130,09:40:02,18943.20,500,182600
20221130,09:40:44,18940.00,50,182600
20221130,09:40:53,18942.00,100,182600
20221130,09:40:55,18942.00,100,182600
20221130,09:40:57,18940.80,50,182600
20221130,09:41:17,18940.00,150,182600
20221130,09:41:28,18938.40,50,185350
20221130,09:41:36,18945.00,500,185350
20221130,09:41:56,18942.30,50,185350
20221130,09:41:59,18944.95,50,185350
20221130,09:42:03,18942.05,150,185350
20221130,09:42:08,18944.55,50,185350
20221130,09:42:11,18944.55,50,185350
20221130,09:42:14,18945.00,50,185350
20221130,09:42:15,18945.05,50,185350
20221130,09:42:16,18944.65,100,185350
20221130,09:43:05,18945.00,50,185350
20221130,09:43:08,18945.00,50,185350
20221130,09:43:10,18945.00,50,185350
20221130,09:43:13,18946.10,50,185350
20221130,09:43:19,18945.05,100,185350
20221130,09:43:36,18945.00,50,185350
20221130,09:43:37,18945.00,100,185350
20221130,09:43:58,18943.00,200,185350
20221130,09:43:59,18943.00,50,185350
20221130,09:44:06,18943.00,50,185350
20221130,09:44:13,18944.00,150,185350
20221130,09:45:25,18938.40,300,186700
20221130,09:45:40,18937.85,150,186700
20221130,09:46:47,18935.00,150,186700
20221130,09:47:14,18934.70,50,186700
20221130,09:47:17,18934.00,250,186700
20221130,09:47:18,18933.15,100,186700
20221130,09:47:19,18933.15,50,186700
20221130,09:47:29,18933.15,50,187300
20221130,09:47:39,18933.00,50,187300
20221130,09:47:48,18933.00,50,187300
20221130,09:48:12,18931.00,50,187300
20221130,09:48:13,18930.00,100,187300
20221130,09:48:24,18928.60,50,187300
20221130,09:48:36,18928.00,100,187300
20221130,09:48:47,18928.60,50,187300
20221130,09:49:03,18929.00,100,187300
20221130,09:49:06,18931.70,450,187300
20221130,09:49:11,18929.85,50,187300
20221130,09:49:22,18928.65,50,187300
20221130,09:49:26,18928.65,200,187300
20221130,09:49:48,18929.10,100,187300
20221130,09:50:32,18935.00,100,187850
20221130,09:50:42,18935.00,50,187850
20221130,09:50:46,18935.00,50,187850
20221130,09:51:05,18935.00,50,187850
20221130,09:51:06,18935.00,50,187850
20221130,09:51:08,18935.00,50,187850
20221130,09:51:17,18935.35,50,187850
20221130,09:51:23,18934.40,50,187850
20221130,09:52:03,18928.60,100,187850
20221130,09:52:15,18928.50,50,187850
20221130,09:52:41,18924.00,50,187850
20221130,09:52:49,18927.75,200,187850
20221130,09:52:59,18922.60,50,187850
20221130,09:53:38,18925.00,50,188150
20221130,09:53:57,18927.65,50,188150
20221130,09:54:03,18924.00,50,188150
20221130,09:54:10,18922.00,150,188150
20221130,09:54:22,18920.00,250,188150
20221130,09:54:23,18920.00,700,188150
20221130,09:54:36,18920.00,50,188150
20221130,09:54:59,18916.95,50,188150
20221130,09:56:20,18916.95,50,188150
20221130,09:56:49,18920.80,50,188250
20221130,09:57:03,18921.30,50,188250
20221130,09:57:24,18925.00,50,188250
20221130,09:58:05,18925.15,50,188250
20221130,09:58:16,18925.30,50,188250
20221130,09:59:26,18925.00,50,188250
20221130,09:59:44,18928.55,50,188500
20221130,10:01:34,18921.75,100,188500
20221130,10:01:58,18921.75,50,188500
20221130,10:02:06,18922.00,50,188500
20221130,10:02:12,18922.75,50,188500
20221130,10:02:21,18926.75,50,188500
20221130,10:02:24,18928.00,100,188500
20221130,10:02:25,18928.00,450,188500
20221130,10:02:28,18928.00,550,188500
20221130,10:03:02,18930.00,150,188700
20221130,10:03:27,18932.20,50,188700
20221130,10:03:29,18931.70,100,188700
20221130,10:03:30,18930.00,100,188700
20221130,10:05:03,18925.85,50,188700
20221130,10:05:13,18927.85,50,188700
20221130,10:05:26,18930.00,50,188700
20221130,10:05:36,18931.95,50,188800
20221130,10:05:39,18934.75,500,188800
20221130,10:06:08,18934.00,200,188800
20221130,10:06:42,18940.30,50,188800
20221130,10:06:52,18940.80,50,188800
20221130,10:07:12,18940.80,50,188800
20221130,10:07:39,18941.00,50,188800
20221130,10:07:42,18940.80,100,188800
20221130,10:07:53,18941.00,150,188800
20221130,10:07:57,18941.00,50,188800
20221130,10:08:21,18942.75,200,188800
20221130,10:08:38,18940.85,50,188800
20221130,10:08:39,18940.00,50,188800
20221130,10:10:32,18938.55,100,188800
20221130,10:10:43,18940.00,50,188800
20221130,10:10:44,18940.00,50,188800
20221130,10:10:45,18940.00,100,188800
20221130,10:10:47,18939.00,50,188800
20221130,10:11:15,18939.00,50,188800
20221130,10:11:41,18938.70,50,189150
20221130,10:14:17,18942.00,50,189150
20221130,10:14:21,18942.00,50,189150
20221130,10:15:06,18941.95,50,189200
20221130,10:15:30,18934.85,50,189200
20221130,10:15:54,18934.85,50,189200
20221130,10:16:01,18934.85,50,189200
20221130,10:17:58,18930.60,50,189200
20221130,10:18:57,18930.65,50,189300
20221130,10:20:25,18926.05,50,189300
20221130,10:20:52,18928.00,100,189300
20221130,10:21:29,18930.00,50,189300
20221130,10:23:53,18932.05,50,189350
20221130,10:27:15,18933.00,50,189400
20221130,10:27:17,18934.50,50,189400
20221130,10:27:20,18933.65,50,189400
20221130,10:27:35,18935.00,450,189400
20221130,10:27:39,18935.00,50,189400
20221130,10:30:14,18932.05,50,189850
20221130,10:33:12,18928.15,50,189900
20221130,10:34:15,18929.80,50,189900
20221130,10:35:52,18930.30,50,189900
20221130,10:41:13,18935.00,50,189950
20221130,10:42:09,18935.00,50,190000
20221130,10:43:56,18926.55,50,190000
20221130,10:44:42,18926.00,50,190000
20221130,10:46:07,18924.00,50,190000
20221130,10:46:23,18923.05,50,190000
20221130,10:46:43,18924.05,50,190000
20221130,10:48:36,18923.00,50,190100
20221130,10:49:24,18923.00,100,190100
20221130,10:49:30,18922.95,50,190100
20221130,10:49:33,18923.00,50,190100
20221130,10:49:46,18927.65,50,190100
20221130,10:51:49,18933.00,50,190100
20221130,10:52:13,18930.00,50,190100
20221130,10:52:44,18932.80,50,190100
20221130,10:54:29,18935.00,100,190050
20221130,10:55:22,18936.80,50,190050
20221130,10:57:42,18935.00,50,190050
20221130,10:58:30,18936.70,100,190050
20221130,10:59:11,18936.10,50,190050
20221130,11:01:34,18936.70,50,190050
20221130,11:02:54,18936.90,100,190050
20221130,11:05:01,18937.15,100,190050
20221130,11:08:00,18940.55,50,190050
20221130,11:08:51,18942.00,50,190050
20221130,11:09:36,18940.55,50,190050
20221130,11:10:27,18943.15,50,190050
20221130,11:13:08,18943.25,50,190100
20221130,11:14:53,18940.05,100,190100
20221130,11:15:00,18940.00,100,190100
20221130,11:15:05,18942.05,50,190100
20221130,11:16:13,18942.05,50,190100
20221130,11:17:32,18945.00,50,190100
20221130,11:18:02,18943.10,450,190200
20221130,11:20:02,18944.25,50,190200
20221130,11:20:38,18946.50,100,190200
20221130,11:21:09,18947.50,50,190100
20221130,11:21:39,18945.90,50,190100
20221130,11:22:52,18940.85,50,190100
20221130,11:24:43,18944.95,50,190100
20221130,11:25:02,18944.80,50,190100
20221130,11:26:18,18941.20,50,190100
20221130,11:27:02,18940.00,100,190100
20221130,11:27:08,18940.00,100,190100
20221130,11:27:12,18940.00,50,190100
20221130,11:27:14,18940.00,250,190100
20221130,11:27:16,18940.00,100,190100
20221130,11:27:29,18936.90,150,190100
20221130,11:27:31,18935.50,50,190100
20221130,11:27:51,18937.40,50,190100
20221130,11:28:06,18933.60,50,190100
20221130,11:30:39,18937.95,50,190700
20221130,11:32:27,18940.70,50,190700
20221130,11:32:41,18935.80,50,190700
20221130,11:33:09,18940.15,50,190800
20221130,11:34:39,18943.85,50,190800
20221130,11:35:00,18943.10,100,190800
20221130,11:35:18,18943.30,50,190800
20221130,11:35:33,18948.65,50,190800
20221130,11:35:48,18950.00,300,190950
20221130,11:35:49,18951.55,50,190950
20221130,11:36:10,18951.55,100,190950
20221130,11:36:51,18951.45,50,190950
20221130,11:37:20,18949.00,50,190950
20221130,11:37:50,18952.00,50,190950
20221130,11:38:21,18950.10,50,190950
20221130,11:39:02,18954.00,50,190950
20221130,11:39:07,18954.00,50,190950
20221130,11:39:20,18950.05,150,190950
20221130,11:39:45,18950.05,50,190950
20221130,11:40:03,18949.00,50,190950
20221130,11:40:48,18954.00,50,190950
20221130,11:41:01,18954.00,150,190950
20221130,11:41:05,18955.00,50,190950
20221130,11:41:08,18954.40,100,190950
20221130,11:41:24,18957.00,50,190950
20221130,11:41:31,18959.00,300,190950
20221130,11:41:38,18959.00,100,190950
20221130,11:41:43,18959.00,50,190950
20221130,11:41:46,18956.30,50,190950
20221130,11:42:03,18959.00,300,190850
20221130,11:42:04,18959.00,400,190850
20221130,11:42:05,18959.00,450,190850
20221130,11:42:06,18959.95,50,190850
20221130,11:42:17,18959.95,100,190850
20221130,11:42:18,18959.95,100,190850
20221130,11:42:23,18960.00,50,190850
20221130,11:42:24,18961.30,450,190850
20221130,11:43:13,18961.30,100,190850
20221130,11:43:31,18960.00,50,190850
20221130,11:43:47,18960.00,50,190850
20221130,11:44:32,18956.50,150,190850
20221130,11:47:26,18958.65,50,191050
20221130,11:47:57,18959.05,50,191100
20221130,11:48:24,18961.55,50,191100
20221130,11:48:55,18958.15,50,191100
20221130,11:50:01,18963.00,50,191100
20221130,11:50:49,18962.00,50,191100
20221130,11:51:39,18961.00,50,191100
20221130,11:51:48,18958.40,50,191100
20221130,11:52:29,18956.65,50,191100
20221130,11:53:06,18959.10,50,191100
20221130,11:53:25,18958.75,150,191100
20221130,11:53:47,18952.85,50,191100
20221130,11:54:18,18953.15,100,191100
20221130,11:54:56,18950.30,50,191100
20221130,11:54:57,18950.25,50,191100
20221130,11:54:58,18950.25,50,191100
20221130,11:55:03,18949.35,100,191100
20221130,11:55:11,18951.75,50,191100
20221130,11:55:15,18950.00,50,191100
20221130,11:55:34,18950.00,50,191100
20221130,11:56:11,18949.00,50,191100
20221130,11:56:26,18949.00,50,191100
20221130,11:57:25,18952.00,50,191350
20221130,11:57:51,18950.00,50,191350
20221130,11:59:27,18951.60,50,191350
20221130,12:00:29,18950.00,50,191500
20221130,12:00:56,18952.35,50,191500
20221130,12:00:58,18952.35,50,191500
20221130,12:01:16,18950.55,50,191500
20221130,12:02:07,18951.65,50,191500
20221130,12:02:28,18951.65,50,191500
20221130,12:02:35,18950.50,50,191500
20221130,12:02:41,18951.65,50,191500
20221130,12:03:10,18951.35,50,191600
20221130,12:05:57,18955.00,50,191600
20221130,12:07:11,18954.10,50,191600
20221130,12:10:04,18950.00,50,191600
20221130,12:10:13,18952.00,50,191600
20221130,12:10:57,18951.05,50,191600
20221130,12:11:08,18952.00,50,191600
20221130,12:13:12,18952.25,250,191600
20221130,12:15:11,18946.05,100,191650
20221130,12:15:13,18947.30,50,191650
20221130,12:15:14,18946.05,50,191650
20221130,12:15:18,18946.05,50,191650
20221130,12:15:20,18946.05,50,191650
20221130,12:16:07,18946.05,50,191650
20221130,12:16:08,18946.00,700,191650
20221130,12:16:22,18948.00,50,191650
20221130,12:16:28,18945.00,50,191650
20221130,12:17:26,18946.85,150,191650
20221130,12:17:52,18947.40,50,191650
20221130,12:18:08,18950.65,50,192000
20221130,12:18:11,18949.80,50,192000
20221130,12:18:19,18945.00,100,192000
20221130,12:19:49,18948.15,50,192000
20221130,12:20:22,18949.00,100,192000
20221130,12:20:27,18949.00,50,192000
20221130,12:24:17,18951.95,50,192000
20221130,12:25:08,18952.00,50,192000
20221130,12:26:31,18952.45,50,192000
20221130,12:26:48,18950.00,100,192000
20221130,12:29:01,18949.05,100,192000
20221130,12:29:39,18951.45,50,192000
20221130,12:29:55,18953.45,50,192000
20221130,12:30:40,18952.35,50,192100
20221130,12:30:42,18952.35,50,192100
20221130,12:31:02,18954.60,100,192100
20221130,12:31:08,18953.80,50,192100
20221130,12:31:10,18954.00,50,192100
20221130,12:31:44,18952.60,50,192100
20221130,12:32:10,18952.45,100,192100
20221130,12:32:12,18952.60,150,192100
20221130,12:33:05,18955.00,50,192400
20221130,12:33:06,18955.00,50,192400
20221130,12:36:14,18955.00,50,192500
20221130,12:36:43,18956.20,50,192500
20221130,12:37:23,18956.00,50,192500
20221130,12:37:45,18955.30,50,192500
20221130,12:38:39,18955.05,50,192500
20221130,12:40:15,18955.65,150,192550
20221130,12:40:24,18959.45,50,192550
20221130,12:40:45,18956.00,50,192550
20221130,12:43:17,18959.50,50,192600
20221130,12:43:27,18960.00,50,192600
20221130,12:43:37,18960.00,100,192600
20221130,12:44:02,18961.25,50,192600
20221130,12:44:06,18961.55,50,192600
20221130,12:44:07,18961.85,50,192600
20221130,12:44:12,18961.25,50,192600
20221130,12:44:36,18960.15,50,192600
20221130,12:44:40,18960.20,50,192600
20221130,12:44:50,18961.25,50,192600
20221130,12:44:56,18962.00,100,192600
20221130,12:44:57,18961.25,50,192600
20221130,12:44:59,18962.00,200,192600
20221130,12:45:20,18960.05,50,192600
20221130,12:45:26,18962.00,50,192150
20221130,12:45:49,18960.00,200,192150
20221130,12:46:55,18958.80,50,192150
20221130,12:47:45,18958.00,50,192150
20221130,12:50:08,18956.15,50,192200
20221130,12:52:06,18956.15,50,192200
20221130,12:52:07,18957.00,50,192250
20221130,12:54:05,18951.70,50,192250
20221130,12:54:33,18951.05,100,192250
20221130,12:54:44,18951.05,50,192250
20221130,12:54:48,18951.05,50,192250
20221130,12:54:49,18951.00,500,192250
20221130,12:55:30,18951.15,50,192250
20221130,12:57:49,18958.00,50,192550
20221130,12:58:19,18961.00,50,192550
20221130,12:58:40,18962.00,50,192550
20221130,12:58:42,18964.30,250,192550
20221130,12:58:46,18962.65,300,192550
20221130,12:58:48,18965.00,100,192550
20221130,12:58:52,18965.00,50,192550
20221130,13:00:08,18965.00,50,192400
20221130,13:00:09,18967.45,100,192400
20221130,13:00:33,18967.50,100,192400
20221130,13:01:02,18967.60,200,192400
20221130,13:01:15,18967.60,50,192400
20221130,13:02:16,18965.45,50,192400
20221130,13:03:02,18965.00,50,192400
20221130,13:03:04,18963.30,50,192600
20221130,13:03:05,18963.30,50,192600
20221130,13:03:43,18965.25,50,192600
20221130,13:04:05,18965.25,50,192600
20221130,13:04:13,18965.00,50,192600
20221130,13:04:18,18965.00,250,192600
20221130,13:05:24,18965.35,50,192600
20221130,13:06:16,18965.35,100,192450
20221130,13:06:57,18963.70,50,192450
20221130,13:07:06,18964.15,100,192450
20221130,13:07:08,18964.45,50,192450
20221130,13:07:58,18968.00,100,192450
20221130,13:08:14,18969.00,50,192450
20221130,13:08:24,18969.50,50,192450
20221130,13:08:25,18969.90,50,192450
20221130,13:08:27,18969.95,200,192450
20221130,13:08:33,18970.00,400,192450
20221130,13:08:34,18970.20,450,192450
20221130,13:08:35,18971.45,50,192450
20221130,13:08:36,18971.95,100,192450
20221130,13:08:37,18972.00,150,192450
20221130,13:08:42,18972.00,50,192450
20221130,13:08:53,18973.00,500,192450
20221130,13:09:02,18975.00,350,192450
20221130,13:09:05,18975.00,50,192450
20221130,13:09:09,18975.00,50,192200
20221130,13:09:15,18975.05,50,192200
20221130,13:09:26,18975.05,100,192200
20221130,13:09:46,18974.95,100,192200
20221130,13:09:57,18975.00,100,192200
20221130,13:10:44,18972.50,50,192200
20221130,13:11:02,18971.50,50,192200
20221130,13:11:22,18970.00,50,192200
20221130,13:11:38,18969.00,50,192200
20221130,13:11:46,18970.00,50,192200
20221130,13:12:39,18970.85,50,192250
20221130,13:13:05,18972.00,50,192250
20221130,13:13:19,18973.20,100,192250
20221130,13:13:44,18975.00,50,192250
20221130,13:14:14,18973.20,50,192250
20221130,13:14:46,18973.20,50,192250
20221130,13:14:51,18975.00,100,192250
20221130,13:14:58,18976.50,150,192250
20221130,13:15:56,18968.05,100,191950
20221130,13:16:53,18968.35,50,191950
20221130,13:17:14,18969.95,50,191950
20221130,13:17:15,18970.00,600,191950
20221130,13:17:50,18970.00,50,191950
20221130,13:18:30,18972.45,50,191450
20221130,13:18:54,18973.00,50,191450
20221130,13:19:42,18970.00,50,191450
20221130,13:20:09,18968.05,50,191450
20221130,13:20:23,18968.05,50,191450
20221130,13:22:47,18968.05,100,191500
20221130,13:23:54,18974.60,100,191500
20221130,13:24:01,18972.60,50,191500
20221130,13:24:26,18972.20,300,191450
20221130,13:24:31,18972.45,300,191450
20221130,13:24:33,18973.85,150,191450
20221130,13:24:56,18975.00,50,191450
20221130,13:25:01,18976.00,50,191450
20221130,13:25:08,18975.00,50,191450
20221130,13:25:37,18976.55,50,191450
20221130,13:25:38,18976.55,50,191450
20221130,13:25:39,18978.60,250,191450
20221130,13:25:40,18979.00,50,191450
20221130,13:26:31,18979.00,50,191450
20221130,13:26:53,18975.00,50,191450
20221130,13:28:02,18972.50,100,191450
20221130,13:28:10,18968.05,50,191650
20221130,13:28:34,18966.50,50,191650
20221130,13:28:37,18966.50,200,191650
20221130,13:28:40,18966.50,50,191650
20221130,13:28:42,18966.50,250,191650
20221130,13:30:02,18967.00,100,191650
20221130,13:30:17,18969.95,100,191900
20221130,13:31:48,18966.60,100,191900
20221130,13:31:53,18969.00,100,191900
20221130,13:31:54,18970.00,150,191900
20221130,13:32:11,18971.80,250,191900
20221130,13:32:12,18974.95,50,191900
20221130,13:33:33,18974.95,50,191900
20221130,13:34:21,18972.00,50,191900
20221130,13:34:22,18971.75,50,191900
20221130,13:36:09,18975.00,50,191900
20221130,13:36:22,18974.95,50,191900
20221130,13:38:37,18965.00,50,191900
20221130,13:38:50,18965.00,50,191900
20221130,13:40:00,18965.00,50,191900
20221130,13:40:07,18963.00,50,191850
20221130,13:40:36,18966.85,200,191850
20221130,13:43:35,18969.35,50,192100
20221130,13:44:46,18966.70,50,192100
20221130,13:45:14,18968.00,50,192100
20221130,13:45:30,18968.00,50,192100
20221130,13:45:42,18966.30,50,192100
20221130,13:45:46,18968.00,50,192100
20221130,13:46:40,18971.55,50,192100
20221130,13:49:39,18970.20,50,192150
20221130,13:50:30,18964.15,250,192150
20221130,13:51:27,18964.40,100,192050
20221130,13:52:04,18965.00,200,192050
20221130,13:52:36,18965.10,50,192050
20221130,13:53:06,18965.10,300,192050
20221130,13:53:11,18966.00,100,192050
20221130,13:53:23,18965.00,50,192050
20221130,13:53:34,18965.00,100,192050
20221130,13:53:40,18966.00,100,192050
20221130,13:53:46,18966.00,100,192050
20221130,13:54:02,18966.00,100,192050
20221130,13:55:01,18966.05,150,192100
20221130,13:55:24,18966.05,50,192100
20221130,13:55:39,18964.05,150,192100
20221130,13:55:56,18970.00,50,192100
20221130,13:55:59,18970.00,150,192100
20221130,13:56:00,18970.05,50,192100
20221130,13:56:39,18970.00,50,192100
20221130,13:57:06,18969.80,100,192100
20221130,13:57:45,18965.10,50,192300
20221130,13:58:38,18963.85,100,192300
20221130,13:58:56,18967.10,50,192300
20221130,13:59:01,18968.40,50,192300
20221130,13:59:31,18969.95,50,192300
20221130,14:00:15,18969.90,400,192350
20221130,14:00:19,18968.35,200,192350
20221130,14:00:28,18969.90,100,192350
20221130,14:00:28,18969.90,150,192350
20221130,14:00:29,18969.90,400,192350
20221130,14:00:33,18972.00,100,192350
20221130,14:02:00,18970.00,100,192350
20221130,14:02:01,18970.00,100,192350
20221130,14:03:41,18969.90,50,192550
20221130,14:04:38,18969.80,50,192550
20221130,14:05:09,18969.80,50,192550
20221130,14:05:10,18969.00,50,192550
20221130,14:05:23,18969.00,50,192550
20221130,14:05:54,18969.80,100,192550
20221130,14:05:58,18970.00,50,192550
20221130,14:07:29,18970.00,150,192550
20221130,14:07:32,18970.00,50,192850
20221130,14:07:39,18970.00,100,192850
20221130,14:07:46,18971.00,50,192850
20221130,14:08:31,18975.00,100,192850
20221130,14:08:36,18975.00,100,192850
20221130,14:09:39,18970.40,50,192750
20221130,14:09:47,18966.80,50,192750
20221130,14:09:52,18965.00,50,192750
20221130,14:10:09,18961.70,150,192750
20221130,14:10:13,18960.45,150,192750
20221130,14:10:14,18960.00,50,192750
20221130,14:10:23,18953.35,150,192750
20221130,14:10:47,18959.95,150,192750
20221130,14:10:49,18959.95,150,192750
20221130,14:10:52,18961.90,250,192750
20221130,14:11:20,18963.45,150,192750
20221130,14:11:21,18963.45,350,192750
20221130,14:11:32,18959.15,200,192750
20221130,14:12:22,18970.05,50,192600
20221130,14:13:46,18974.95,50,192600
20221130,14:13:49,18970.80,50,192600
20221130,14:15:39,18974.00,50,192600
20221130,14:15:43,18975.00,300,192600
20221130,14:16:24,18975.00,50,192600
20221130,14:16:39,18974.95,100,192600
20221130,14:17:54,18970.00,50,192600
20221130,14:18:24,18971.90,50,192550
20221130,14:18:28,18970.60,300,192550
20221130,14:19:17,18970.60,50,192550
20221130,14:20:08,18972.00,50,192550
20221130,14:20:22,18972.00,50,192550
20221130,14:21:43,18972.00,50,192200
20221130,14:21:44,18972.00,50,192200
20221130,14:24:14,18972.55,50,192200
20221130,14:24:22,18974.00,50,192200
20221130,14:24:54,18974.85,50,192200
20221130,14:24:55,18974.85,250,192200
20221130,14:24:58,18974.85,100,192200
20221130,14:24:59,18974.85,100,192200
20221130,14:25:00,18974.95,100,192200
20221130,14:25:02,18974.95,100,192200
20221130,14:25:14,18970.90,250,192200
20221130,14:26:13,18976.00,150,192200
20221130,14:26:14,18977.00,50,192200
20221130,14:26:15,18970.85,300,192200
20221130,14:26:17,18979.00,200,192200
20221130,14:26:28,18985.00,2450,192200
20221130,14:26:29,18985.80,50,192200
20221130,14:26:31,18985.80,150,192200
20221130,14:26:35,18983.50,150,192200
20221130,14:26:43,18986.45,150,192200
20221130,14:26:45,18999.00,2800,192200
20221130,14:26:46,18993.95,50,192200
20221130,14:26:47,18991.10,50,192200
20221130,14:26:52,18993.00,50,192200
20221130,14:26:54,18991.90,300,192200
20221130,14:27:01,18993.20,150,192200
20221130,14:27:06,18991.20,200,192200
20221130,14:27:11,18991.20,300,192200
20221130,14:27:30,18990.30,50,194050
20221130,14:27:45,18994.95,150,194050
20221130,14:27:58,18992.45,50,194050
20221130,14:28:21,18995.00,50,194050
20221130,14:28:30,18995.00,100,194050
20221130,14:28:42,18995.00,100,194050
20221130,14:28:49,18995.00,100,194050
20221130,14:29:23,18995.00,100,194050
20221130,14:29:57,18994.95,50,194050
20221130,14:30:02,18997.55,50,194050
20221130,14:30:09,18995.65,50,194050
20221130,14:30:10,18998.00,50,194050
20221130,14:30:16,18999.85,200,194050
20221130,14:30:22,18999.85,50,194400
20221130,14:30:29,18999.95,450,194400
20221130,14:30:31,19000.00,150,194400
20221130,14:30:32,19000.00,350,194400
20221130,14:30:39,19000.00,100,194400
20221130,14:30:48,18999.95,200,194400
20221130,14:31:01,18999.95,50,194400
20221130,14:31:11,18999.95,50,194400
20221130,14:31:14,19000.00,350,194400
20221130,14:31:15,19000.00,150,194400
20221130,14:31:16,19001.00,3150,194400
20221130,14:31:19,19002.30,50,194400
20221130,14:31:24,19002.30,50,194400
20221130,14:31:29,19001.90,50,194400
20221130,14:31:35,19004.95,50,194400
20221130,14:31:38,19004.95,50,194400
20221130,14:31:47,19004.00,50,194400
20221130,14:31:56,19004.00,50,194400
20221130,14:31:58,19004.00,100,194400
20221130,14:32:01,19004.00,50,194400
20221130,14:32:09,19005.00,50,194400
20221130,14:32:12,19005.00,50,194400
20221130,14:32:15,19005.00,50,194400
20221130,14:32:25,19004.10,50,194400
20221130,14:32:34,19004.10,50,194400
20221130,14:32:35,19003.65,50,194400
20221130,14:32:38,19005.00,50,194400
20221130,14:32:43,19003.80,50,194400
20221130,14:32:51,19006.85,150,194400
20221130,14:33:01,19006.85,50,194400
20221130,14:33:11,19006.00,100,194400
20221130,14:33:17,19006.00,50,194400
20221130,14:33:18,19006.70,100,194400
20221130,14:33:19,19007.80,100,194400
20221130,14:33:22,19007.20,50,198700
20221130,14:33:49,19002.10,50,198700
20221130,14:33:53,19000.00,50,198700
20221130,14:33:54,19002.20,100,198700
20221130,14:34:01,19000.70,50,198700
20221130,14:34:08,19002.05,50,198700
20221130,14:34:23,19001.50,2000,198700
20221130,14:34:24,18995.50,300,198700
20221130,14:34:25,18993.30,200,198700
20221130,14:34:36,18997.45,50,198700
20221130,14:34:42,18997.30,100,198700
20221130,14:34:44,18997.00,50,198700
20221130,14:34:50,18999.10,50,198700
20221130,14:34:54,18999.15,50,198700
20221130,14:34:55,19000.00,50,198700
20221130,14:35:02,19000.00,50,198700
20221130,14:35:21,19001.75,50,198700
20221130,14:35:26,19002.50,100,198700
20221130,14:35:27,19002.20,100,198700
20221130,14:35:30,19002.60,50,198700
20221130,14:35:37,19002.20,150,198700
20221130,14:35:38,19002.30,50,198700
20221130,14:35:49,19002.60,100,198700
20221130,14:35:51,19002.95,50,198700
20221130,14:35:58,19001.00,50,198700
20221130,14:36:14,19000.95,350,198700
20221130,14:36:25,19000.00,50,198600
20221130,14:36:31,18996.30,50,198600
20221130,14:36:38,18997.00,400,198600
20221130,14:36:46,19000.00,150,198600
20221130,14:36:47,19000.95,50,198600
20221130,14:36:59,19001.00,50,198600
20221130,14:37:02,19001.00,50,198600
20221130,14:37:17,19004.00,50,198600
20221130,14:37:27,19001.50,150,198600
20221130,14:37:35,19003.85,50,198600
20221130,14:37:45,19004.00,50,198600
20221130,14:37:51,19005.80,50,198600
20221130,14:37:55,19004.30,50,198600
20221130,14:37:57,19004.40,50,198600
20221130,14:38:08,19004.40,50,198600
20221130,14:38:08,19004.45,50,198600
20221130,14:38:16,19004.40,50,198600
20221130,14:38:24,19003.55,50,198600
20221130,14:38:47,19005.00,50,198600
20221130,14:38:52,19005.00,50,198600
20221130,14:38:53,19005.35,50,198600
20221130,14:38:59,19006.25,50,198600
20221130,14:39:10,19006.90,50,198600
20221130,14:39:13,19007.60,50,198600
20221130,14:39:14,19007.80,50,198600
20221130,14:39:37,19005.00,50,199000
20221130,14:39:38,19007.15,50,199000
20221130,14:39:41,19006.55,50,199000
20221130,14:39:59,19005.05,50,199000
20221130,14:40:13,19006.00,50,199000
20221130,14:40:22,19006.00,50,199000
20221130,14:40:25,19004.30,50,199000
20221130,14:40:31,19004.30,100,199000
20221130,14:41:10,19001.00,1250,199000
20221130,14:41:16,19003.60,150,199000
20221130,14:41:20,19003.25,100,199000
20221130,14:41:21,19003.25,100,199000
20221130,14:41:24,19002.65,200,199000
20221130,14:41:25,19002.65,100,199000
20221130,14:41:27,19002.45,50,199000
20221130,14:41:32,18998.50,500,199000
20221130,14:41:34,19003.00,50,199000
20221130,14:41:36,19003.50,50,199000
20221130,14:41:41,19004.25,100,199000
20221130,14:41:43,19004.25,100,199000
20221130,14:41:44,19004.30,100,199000
20221130,14:41:45,19005.00,100,199000
20221130,14:41:46,19005.10,100,199000
20221130,14:41:48,19005.50,50,199000
20221130,14:41:53,19006.65,50,199000
20221130,14:42:00,19006.85,50,199000
20221130,14:42:12,19007.80,50,199000
20221130,14:42:16,19008.95,150,199000
20221130,14:42:17,19009.00,100,199000
20221130,14:42:18,19009.00,50,199000
20221130,14:42:19,19009.95,50,199000
20221130,14:42:20,19009.95,50,199000
20221130,14:42:24,19009.95,50,201200
20221130,14:42:25,19009.95,100,201200
20221130,14:42:48,19009.95,50,201200
20221130,14:42:53,19009.50,50,201200
20221130,14:43:12,19003.45,50,201200
20221130,14:43:13,19006.05,200,201200
20221130,14:43:14,19006.55,200,201200
20221130,14:43:20,19006.20,150,201200
20221130,14:43:27,19008.00,200,201200
20221130,14:43:28,19008.00,200,201200
20221130,14:43:39,19009.00,50,201200
20221130,14:43:53,19009.70,50,201200
20221130,14:44:05,19009.95,50,201200
20221130,14:44:06,19009.95,200,201200
20221130,14:44:07,19009.90,100,201200
20221130,14:44:08,19009.85,50,201200
20221130,14:44:09,19009.50,100,201200
20221130,14:44:11,19009.70,50,201200
20221130,14:44:15,19009.95,100,201200
20221130,14:44:20,19010.00,250,201200
20221130,14:44:21,19010.00,150,201200
20221130,14:44:22,19010.00,150,201200
20221130,14:44:24,19010.00,50,201200
20221130,14:44:44,19006.00,50,201200
20221130,14:44:45,19005.00,50,201200
20221130,14:44:52,19004.20,50,201200
20221130,14:44:57,19000.25,400,201200
20221130,14:45:05,18999.55,100,201200
20221130,14:45:11,19005.30,50,201200
20221130,14:45:19,19000.80,200,201200
20221130,14:45:21,19005.15,50,201200
20221130,14:45:22,19005.40,50,201200
20221130,14:45:31,19005.95,50,202550
20221130,14:45:37,19002.05,100,202550
20221130,14:46:03,19006.00,100,202550
20221130,14:46:05,19006.00,50,202550
20221130,14:46:08,19008.80,650,202550
20221130,14:46:14,19006.50,50,202550
20221130,14:46:15,19006.55,50,202550
20221130,14:46:22,19007.00,100,202550
20221130,14:46:24,19009.00,200,202550
20221130,14:46:45,19006.30,50,202550
20221130,14:46:53,19004.45,50,202550
20221130,14:47:16,19003.00,50,202550
20221130,14:47:20,19003.00,50,202550
20221130,14:47:22,19003.00,50,202550
20221130,14:47:29,19005.00,50,202550
20221130,14:47:41,19001.00,200,202550
20221130,14:47:53,19002.95,50,202550
20221130,14:47:56,19002.95,200,202550
20221130,14:48:01,19002.95,50,202550
20221130,14:48:12,19000.00,50,202550
20221130,14:48:17,19000.00,50,202550
20221130,14:48:25,18998.90,50,202400
20221130,14:48:32,19000.00,300,202400
20221130,14:48:33,18999.70,50,202400
20221130,14:48:41,19001.80,150,202400
20221130,14:50:14,19001.30,50,202400
20221130,14:50:15,19000.30,150,202400
20221130,14:50:31,19003.55,50,202400
20221130,14:50:44,19003.00,50,202400
20221130,14:51:28,19005.00,100,202500
20221130,14:51:39,19008.30,150,202500
20221130,14:51:55,19002.90,500,202500
20221130,14:52:00,19008.75,50,202500
20221130,14:52:40,19006.90,50,202500
20221130,14:52:48,19008.00,50,202500
20221130,14:53:18,19005.15,50,202500
20221130,14:53:19,19000.10,1950,202500
20221130,14:53:24,19006.40,200,202500
20221130,14:53:25,19006.00,100,202500
20221130,14:53:27,19006.55,100,202500
20221130,14:53:28,19006.55,150,202500
20221130,14:53:29,19006.55,50,202500
20221130,14:53:30,19007.00,50,202500
20221130,14:53:31,19007.00,50,202500
20221130,14:53:38,19006.80,50,202500
20221130,14:53:42,19007.10,100,202500
20221130,14:53:46,19006.65,1050,202500
20221130,14:53:47,19006.65,250,202500
20221130,14:53:48,19006.65,50,202500
20221130,14:53:49,19006.70,100,202500
20221130,14:53:50,19006.55,100,202500
20221130,14:54:08,19007.50,150,202500
20221130,14:54:13,19006.10,100,202500
20221130,14:54:24,18990.05,1500,202500
20221130,14:54:31,19001.45,50,202550
20221130,14:55:15,19002.00,150,202550
20221130,14:55:16,18990.05,1000,202550
20221130,14:55:35,19001.35,150,202550
20221130,14:56:04,18987.60,1750,202550
20221130,14:56:04,18992.95,100,202550
20221130,14:56:05,18994.05,50,202550
20221130,14:56:06,18994.05,50,202550
20221130,14:56:07,18995.05,100,202550
20221130,14:56:08,18995.80,150,202550
20221130,14:56:10,18996.50,150,202550
20221130,14:56:11,18996.50,50,202550
20221130,14:56:19,18993.25,1000,202550
20221130,14:56:20,18997.40,100,202550
20221130,14:56:33,18993.35,100,202550
20221130,14:56:41,18990.00,100,202550
20221130,14:56:44,18987.85,50,202550
20221130,14:57:20,18990.00,500,202550
20221130,14:57:27,18993.40,50,201600
20221130,14:57:29,18992.85,50,201600
20221130,14:57:30,18987.85,500,201600
20221130,14:57:34,18995.00,50,201600
20221130,14:57:41,18987.05,550,201600
20221130,14:57:52,18987.10,100,201600
20221130,14:57:56,18992.25,50,201600
20221130,14:58:04,18990.95,50,201600
20221130,14:58:18,18980.15,600,201600
20221130,14:58:26,18983.25,100,201600
20221130,14:58:31,18990.25,100,201600
20221130,14:58:32,18990.20,100,201600
20221130,14:58:36,18990.85,100,201600
20221130,14:58:42,18985.25,500,201600
20221130,14:58:45,18991.85,100,201600
20221130,14:58:47,18992.00,50,201600
20221130,14:58:59,18990.00,100,201600
20221130,14:59:04,18992.00,50,201600
20221130,14:59:08,18985.15,500,201600
20221130,14:59:18,18980.00,500,201600
20221130,14:59:27,18989.65,450,201600
20221130,14:59:33,18985.25,500,201600
20221130,15:00:01,18990.00,50,201600
20221130,15:00:22,18992.35,50,201600
20221130,15:00:27,18991.00,50,201100
20221130,15:00:28,18991.20,50,201100
20221130,15:00:29,18991.30,100,201100
20221130,15:00:32,18994.10,50,201100
20221130,15:00:38,18999.60,100,201100
20221130,15:00:39,19000.00,200,201100
20221130,15:00:42,19001.00,300,201100
20221130,15:00:53,19001.00,50,201100
20221130,15:01:13,19000.00,50,201100
20221130,15:01:16,18996.00,100,201100
20221130,15:01:19,19000.00,50,201100
20221130,15:01:21,19000.65,50,201100
20221130,15:01:41,19001.00,50,201100
20221130,15:01:53,19004.00,50,201100
20221130,15:02:12,19004.00,500,201100
20221130,15:02:13,18999.55,100,201100
20221130,15:02:15,19003.95,50,201100
20221130,15:02:18,19003.95,350,201100
20221130,15:02:19,19003.95,100,201100
20221130,15:02:27,19005.90,400,201100
20221130,15:02:36,19000.05,100,201100
20221130,15:02:45,19005.95,50,201100
20221130,15:03:00,19009.25,300,201100
20221130,15:03:05,19009.95,50,201100
20221130,15:03:09,19010.00,50,201100
20221130,15:03:48,19009.95,250,202000
20221130,15:04:14,19009.95,50,202000
20221130,15:04:15,19010.00,50,202000
20221130,15:04:18,19010.00,50,202000
20221130,15:04:19,19010.00,400,202000
20221130,15:04:23,19011.00,100,202000
20221130,15:04:28,19014.00,100,202000
20221130,15:04:33,19014.00,50,202000
20221130,15:04:38,19014.00,100,202000
20221130,15:04:44,19015.00,50,202000
20221130,15:04:48,19015.00,50,202000
20221130,15:04:53,19015.00,50,202000
20221130,15:04:58,19015.00,100,202000
20221130,15:05:03,19023.00,900,202000
20221130,15:05:07,19023.00,50,202000
20221130,15:05:12,19016.05,50,202000
20221130,15:05:24,19019.00,100,202000
20221130,15:05:26,19023.00,50,202000
20221130,15:05:27,19023.00,50,202000
20221130,15:05:33,19024.10,50,202000
20221130,15:06:01,19024.10,100,202000
20221130,15:06:07,19020.70,50,202000
20221130,15:06:19,19024.70,100,202000
20221130,15:06:21,19024.70,50,202000
20221130,15:06:22,19024.75,50,202000
20221130,15:06:29,19024.75,50,202600
20221130,15:06:38,19025.00,50,202600
20221130,15:06:41,19025.00,100,202600
20221130,15:06:42,19026.00,250,202600
20221130,15:06:43,19026.00,150,202600
20221130,15:06:44,19027.00,200,202600
20221130,15:06:45,19024.20,600,202600
20221130,15:06:55,19028.05,50,202600
20221130,15:07:00,19028.55,50,202600
20221130,15:07:07,19028.55,100,202600
20221130,15:07:15,19025.05,50,202600
20221130,15:07:16,19028.00,50,202600
20221130,15:07:22,19027.60,50,202600
20221130,15:07:29,19026.80,100,202600
20221130,15:07:33,19028.05,100,202600
20221130,15:07:48,19029.95,50,202600
20221130,15:08:03,19029.95,50,202600
20221130,15:08:14,19028.60,50,202600
20221130,15:08:17,19025.00,100,202600
20221130,15:08:19,19025.00,100,202600
20221130,15:08:21,19025.00,100,202600
20221130,15:08:25,19023.10,50,202600
20221130,15:08:29,19024.60,100,202600
20221130,15:08:32,19024.60,50,202600
20221130,15:08:36,19023.60,50,202600
20221130,15:08:38,19022.15,50,202600
20221130,15:08:43,19024.60,100,202600
20221130,15:08:57,19024.70,50,202600
20221130,15:09:10,19025.00,50,202600
20221130,15:09:13,19031.00,1800,202600
20221130,15:09:16,19031.00,50,202600
20221130,15:09:26,19028.45,50,202600
20221130,15:09:35,19029.00,50,204700
20221130,15:09:37,19028.45,150,204700
20221130,15:09:40,19031.00,300,204700
20221130,15:09:51,19029.05,100,204700
20221130,15:10:10,19029.05,50,204700
20221130,15:10:16,19029.00,50,204700
20221130,15:10:26,19028.00,200,204700
20221130,15:10:27,19028.20,50,204700
20221130,15:10:30,19030.00,100,204700
20221130,15:10:31,19031.40,50,204700
20221130,15:10:34,19031.55,50,204700
20221130,15:10:36,19031.70,50,204700
20221130,15:10:37,19032.00,100,204700
20221130,15:10:39,19032.00,50,204700
20221130,15:10:40,19031.70,50,204700
20221130,15:10:49,19035.00,50,204700
20221130,15:11:07,19035.00,50,204700
20221130,15:11:08,19035.00,50,204700
20221130,15:11:10,19035.00,100,204700
20221130,15:11:11,19034.95,100,204700
20221130,15:11:12,19035.00,50,204700
20221130,15:11:17,19034.95,50,204700
20221130,15:11:19,19034.95,50,204700
20221130,15:11:23,19035.00,50,204700
20221130,15:11:24,19035.00,50,204700
20221130,15:11:25,19036.00,50,204700
20221130,15:11:30,19036.50,50,204700
20221130,15:11:38,19039.95,200,204700
20221130,15:11:53,19039.95,50,204700
20221130,15:12:02,19039.85,50,204700
20221130,15:12:03,19039.95,50,204700
20221130,15:12:06,19037.00,50,204700
20221130,15:12:09,19039.85,50,204700
20221130,15:12:13,19038.90,50,204700
20221130,15:12:44,19038.00,50,205300
20221130,15:12:46,19038.85,50,205300
20221130,15:12:50,19038.90,50,205300
20221130,15:12:58,19038.90,100,205300
20221130,15:12:59,19038.90,50,205300
20221130,15:13:00,19039.00,100,205300
20221130,15:13:06,19038.85,50,205300
20221130,15:13:08,19039.00,150,205300
20221130,15:13:20,19040.00,200,205300
20221130,15:13:25,19039.00,50,205300
20221130,15:13:29,19039.00,250,205300
20221130,15:13:38,19035.15,50,205300
20221130,15:13:41,19036.20,150,205300
20221130,15:13:55,19036.00,50,205300
20221130,15:13:57,19036.30,50,205300
20221130,15:14:04,19036.70,50,205300
20221130,15:14:08,19036.70,50,205300
20221130,15:14:10,19035.80,50,205300
20221130,15:14:14,19035.80,50,205300
20221130,15:14:16,19038.85,350,205300
20221130,15:14:19,19038.95,50,205300
20221130,15:14:23,19038.95,50,205300
20221130,15:14:37,19036.35,50,205300
20221130,15:14:38,19038.95,50,205300
20221130,15:14:39,19039.00,50,205300
20221130,15:14:47,19040.00,300,205300
20221130,15:14:52,19040.00,50,205300
20221130,15:14:55,19040.00,50,205300
20221130,15:14:57,19040.00,150,205300
20221130,15:15:00,19040.00,50,205300
20221130,15:15:08,19039.05,50,205300
20221130,15:15:09,19040.00,100,205300
20221130,15:15:15,19040.00,50,205300
20221130,15:15:22,19039.00,50,205300
20221130,15:15:30,19040.00,50,206000
20221130,15:15:31,19040.00,50,206000
20221130,15:15:35,19042.00,50,206000
20221130,15:15:46,19042.00,200,206000
20221130,15:15:52,19042.95,50,206000
20221130,15:15:53,19044.00,50,206000
20221130,15:15:58,19044.90,50,206000
20221130,15:16:01,19044.90,50,206000
20221130,15:16:05,19044.75,100,206000
20221130,15:16:08,19043.05,50,206000
20221130,15:16:20,19041.00,50,206000
20221130,15:16:32,19043.25,50,206000
20221130,15:16:36,19045.00,200,206000
20221130,15:16:39,19045.00,50,206000
20221130,15:16:48,19046.00,50,206000
20221130,15:17:01,19046.00,50,206000
20221130,15:17:10,19046.00,250,206000
20221130,15:17:18,19046.00,50,206000
20221130,15:17:20,19046.00,50,206000
20221130,15:17:25,19046.00,50,206000
20221130,15:17:30,19046.00,600,206000
20221130,15:17:54,19040.05,450,206000
20221130,15:17:57,19044.25,50,206000
20221130,15:18:03,19043.90,50,206000
20221130,15:18:08,19043.90,50,206000
20221130,15:18:24,19044.05,350,206000
20221130,15:18:33,19045.20,50,206500
20221130,15:18:42,19045.95,50,206500
20221130,15:18:44,19045.00,100,206500
20221130,15:18:56,19046.00,100,206500
20221130,15:18:58,19045.20,200,206500
20221130,15:18:59,19046.90,50,206500
20221130,15:19:02,19046.90,50,206500
20221130,15:19:09,19051.00,1650,206500
20221130,15:19:10,19051.00,200,206500
20221130,15:19:16,19049.70,50,206500
20221130,15:19:25,19050.10,100,206500
20221130,15:19:26,19050.10,50,206500
20221130,15:19:55,19050.25,150,206500
20221130,15:19:56,19052.00,100,206500
20221130,15:20:03,19052.00,100,206500
20221130,15:20:06,19053.00,150,206500
20221130,15:20:15,19055.00,350,206500
20221130,15:20:27,19059.00,50,206500
20221130,15:20:30,19060.50,150,206500
20221130,15:20:32,19060.50,50,206500
20221130,15:20:34,19066.45,100,206500
20221130,15:20:37,19066.45,50,206500
20221130,15:20:44,19070.00,200,206500
20221130,15:20:48,19075.00,1050,206500
20221130,15:20:55,19075.00,50,206500
20221130,15:21:00,19072.70,50,206500
20221130,15:21:06,19065.00,600,206500
20221130,15:21:07,19070.70,50,206500
20221130,15:21:08,19071.20,50,206500
20221130,15:21:14,19071.50,300,206500
20221130,15:21:16,19072.70,100,206500
20221130,15:21:32,19071.20,100,209000
20221130,15:21:45,19071.40,100,209000
20221130,15:21:47,19074.00,50,209000
20221130,15:21:51,19074.95,50,209000
20221130,15:21:54,19074.95,50,209000
20221130,15:21:55,19070.80,50,209000
20221130,15:22:00,19074.00,50,209000
20221130,15:22:01,19074.00,50,209000
20221130,15:22:07,19074.00,50,209000
20221130,15:22:12,19074.00,150,209000
20221130,15:22:29,19072.90,50,209000
20221130,15:22:32,19072.90,100,209000
20221130,15:22:34,19072.35,1500,209000
20221130,15:22:35,19072.95,50,209000
20221130,15:22:39,19070.00,100,209000
20221130,15:22:40,19070.00,50,209000
20221130,15:22:41,19070.00,50,209000
20221130,15:22:44,19068.95,50,209000
20221130,15:22:47,19066.85,100,209000
20221130,15:22:51,19067.25,50,209000
20221130,15:22:52,19067.25,150,209000
20221130,15:22:56,19070.00,50,209000
20221130,15:23:03,19072.00,50,209000
20221130,15:23:12,19074.00,350,209000
20221130,15:23:20,19074.00,50,209000
20221130,15:23:24,19073.00,50,209000
20221130,15:23:24,19070.05,50,209000
20221130,15:23:32,19073.00,50,209000
20221130,15:23:35,19070.05,50,209000
20221130,15:23:37,19070.05,50,209000
20221130,15:23:45,19068.50,250,209000
20221130,15:23:49,19068.50,50,209000
20221130,15:24:03,19069.00,50,209000
20221130,15:24:04,19070.00,50,209000
20221130,15:24:05,19068.50,50,209000
20221130,15:24:13,19070.00,250,209000
20221130,15:24:16,19067.00,100,209000
20221130,15:24:20,19069.95,200,209000
20221130,15:24:45,19069.95,50,209000
20221130,15:24:53,19069.95,50,210100
20221130,15:24:59,19069.00,300,210100
20221130,15:25:03,19069.00,300,210100
20221130,15:25:08,19069.00,450,210100
20221130,15:25:09,19069.00,50,210100
20221130,15:25:10,19069.00,150,210100
20221130,15:25:13,19062.20,1100,210100
20221130,15:25:29,19062.05,200,210100
20221130,15:25:34,19060.05,100,210100
20221130,15:25:37,19060.00,50,210100
20221130,15:25:40,19062.00,100,210100
20221130,15:25:42,19062.00,50,210100
20221130,15:25:43,19062.00,450,210100
20221130,15:26:02,19060.00,50,210100
20221130,15:26:16,19060.00,50,210100
20221130,15:26:19,19062.00,50,210100
20221130,15:26:20,19062.00,250,210100
20221130,15:26:23,19064.30,100,210100
20221130,15:26:26,19062.00,50,210100
20221130,15:26:29,19062.10,50,210100
20221130,15:26:38,19062.15,50,210100
20221130,15:26:39,19070.00,900,210100
20221130,15:26:41,19062.25,200,210100
20221130,15:26:46,19063.65,100,210100
20221130,15:26:50,19068.00,100,210100
20221130,15:26:54,19070.00,250,210100
20221130,15:26:58,19070.00,50,210100
20221130,15:27:04,19070.00,50,210100
20221130,15:27:06,19070.00,100,210100
20221130,15:27:13,19078.50,1800,210100
20221130,15:27:16,19078.50,50,210100
20221130,15:27:25,19067.55,100,210100
20221130,15:27:27,19070.00,50,210100
20221130,15:27:33,19071.05,50,210100
20221130,15:27:39,19072.55,50,212450
20221130,15:27:56,19071.00,50,212450
20221130,15:27:57,19075.90,50,212450
20221130,15:28:02,19072.00,50,212450
20221130,15:28:12,19072.00,50,212450
20221130,15:28:15,19075.00,150,212450
20221130,15:28:21,19075.00,150,212450
20221130,15:28:22,19075.00,100,212450
20221130,15:28:32,19076.95,50,212450
20221130,15:28:34,19076.00,100,212450
20221130,15:28:37,19073.30,150,212450
20221130,15:28:38,19073.45,50,212450
20221130,15:28:47,19076.00,50,212450
20221130,15:28:57,19071.00,800,212450
20221130,15:28:59,19076.00,50,212450
20221130,15:29:03,19076.00,50,212450
20221130,15:29:14,19074.00,50,212450
20221130,15:29:15,19071.05,150,212450
20221130,15:29:16,19074.90,50,212450
20221130,15:29:18,19075.20,100,212450
20221130,15:29:20,19074.25,150,212450
20221130,15:29:21,19074.90,1050,212450
20221130,15:29:24,19071.00,550,212450
20221130,15:29:29,19072.30,100,212450
20221130,15:29:30,19071.00,100,212450
20221130,15:29:32,19071.00,50,212450
20221130,15:29:36,19070.00,300,212450
20221130,15:29:38,19071.95,50,212450
20221130,15:29:41,19071.90,50,212450
20221130,15:29:45,19066.70,250,212450
20221130,15:29:48,19071.00,50,212450
20221130,15:29:51,19062.00,300,212450
20221130,15:29:53,19062.00,50,212450
20221130,15:29:59,19062.00,150,212450
