20221124,09:15:00,42999.95,1,1899875
20221124,09:15:00,42999.95,25,1899875
20221124,09:15:02,43041.55,550,1899875
20221124,09:15:02,42979.95,550,1899875
20221124,09:15:03,43025.00,50,1899875
20221124,09:15:04,43026.90,525,1899875
20221124,09:15:06,43026.90,575,1899875
20221124,09:15:07,43028.00,625,1899875
20221124,09:15:09,43026.60,2400,1899875
20221124,09:15:10,43000.15,575,1899875
20221124,09:15:11,42993.90,475,1899875
20221124,09:15:13,42996.55,1075,1899875
20221124,09:15:14,43019.55,650,1899875
20221124,09:15:16,43012.05,325,1899875
20221124,09:15:17,43019.80,500,1899875
20221124,09:15:19,43020.05,300,1899875
20221124,09:15:21,43018.05,550,1899875
20221124,09:15:22,43030.95,1600,1899875
20221124,09:15:24,43024.40,650,1899875
20221124,09:15:25,43030.00,75,1899875
20221124,09:15:27,43020.40,2200,1899875
20221124,09:15:28,43021.45,525,1899875
20221124,09:15:30,43018.55,225,1899875
20221124,09:15:32,43016.70,1150,1899875
20221124,09:15:33,43018.50,1900,1899875
20221124,09:15:35,43026.70,1000,1899875
20221124,09:15:36,43025.15,275,1899875
20221124,09:15:38,43019.85,800,1899875
20221124,09:15:39,43020.00,1525,1899875
20221124,09:15:41,43016.35,1925,1899875
20221124,09:15:43,43018.80,550,1899875
20221124,09:15:44,43020.00,2500,1899875
20221124,09:15:46,43026.70,1175,1899875
20221124,09:15:47,43020.45,125,1899875
20221124,09:15:49,43027.40,700,1899875
20221124,09:15:51,43018.80,650,1899875
20221124,09:15:52,43017.50,350,1899875
20221124,09:15:54,43018.75,575,1899875
20221124,09:15:55,43016.95,175,1899875
20221124,09:15:57,43016.10,275,1899875
20221124,09:15:58,43014.80,300,1899875
20221124,09:16:00,43018.30,575,1899875
20221124,09:16:02,43016.85,400,1899875
20221124,09:16:03,43016.45,100,1899875
20221124,09:16:05,43016.95,950,1899875
20221124,09:16:06,43021.40,275,1899875
20221124,09:16:08,43017.30,425,1899875
20221124,09:16:09,43012.35,475,1899875
20221124,09:16:11,43023.10,75,1899875
20221124,09:16:12,43016.95,275,1899875
20221124,09:16:14,43016.00,75,1899875
20221124,09:16:17,43024.30,700,1899875
20221124,09:16:19,43018.20,375,1899875
20221124,09:16:20,43022.75,125,1899875
20221124,09:16:22,43018.30,325,1899875
20221124,09:16:23,43014.50,150,1899875
20221124,09:16:25,43023.50,300,1899875
20221124,09:16:27,43014.70,350,1899875
20221124,09:16:28,43023.00,100,1899875
20221124,09:16:30,43023.75,25,1899875
20221124,09:16:31,43022.75,175,1899875
20221124,09:16:33,43023.30,100,1899875
20221124,09:16:34,43020.30,50,1899875
20221124,09:16:36,43022.00,325,1899875
20221124,09:16:38,43020.00,225,1899875
20221124,09:16:39,43017.10,250,1899875
20221124,09:16:41,43023.85,375,1899875
20221124,09:16:43,43020.00,200,1899875
20221124,09:16:44,43017.00,200,1899875
20221124,09:16:46,43010.80,875,1899875
20221124,09:16:47,43021.00,175,1899875
20221124,09:16:49,43023.30,575,1899875
20221124,09:16:50,43021.95,100,1899875
20221124,09:16:52,43022.25,300,1899875
20221124,09:16:54,43020.85,75,1899875
20221124,09:16:55,43017.10,50,1899875
20221124,09:16:57,43020.00,1150,1899875
20221124,09:16:59,43020.00,975,1899875
20221124,09:17:00,43016.75,575,1899875
20221124,09:17:02,43016.10,525,1899875
20221124,09:17:03,43021.95,100,1899875
20221124,09:17:05,43017.50,375,1899875
20221124,09:17:06,43024.30,75,1899875
20221124,09:17:08,43023.30,800,1899875
20221124,09:17:10,43023.20,100,1899875
20221124,09:17:11,43016.30,150,1899875
20221124,09:17:13,43020.45,200,1899875
20221124,09:17:14,43013.50,150,1899875
20221124,09:17:16,43020.00,25,1899875
20221124,09:17:18,43020.00,175,1899875
20221124,09:17:19,43016.00,175,1899875
20221124,09:17:21,43011.65,100,1899875
20221124,09:17:22,43015.00,50,1899875
20221124,09:17:24,43019.35,100,1899875
20221124,09:17:25,43012.95,100,1899875
20221124,09:17:27,43018.80,125,1899875
20221124,09:17:28,43012.65,75,1899875
20221124,09:17:30,43012.50,150,1899875
20221124,09:17:31,43012.75,600,1899875
20221124,09:17:33,43019.00,750,1899875
20221124,09:17:34,43019.30,1525,1899875
20221124,09:17:36,43019.95,200,1899875
20221124,09:17:37,43015.95,425,1899875
20221124,09:17:39,43020.00,275,1899875
20221124,09:17:41,43013.80,250,1899875
20221124,09:17:42,43014.70,300,1899875
20221124,09:17:44,43020.00,100,1899875
20221124,09:17:45,43019.30,175,1899875
20221124,09:17:47,43019.95,200,1916800
20221124,09:17:48,43016.90,50,1916800
20221124,09:17:50,43019.00,250,1916800
20221124,09:17:51,43019.55,75,1916800
20221124,09:17:53,43015.00,50,1916800
20221124,09:17:54,43014.30,175,1916800
20221124,09:17:56,43019.05,100,1916800
20221124,09:17:57,43016.00,125,1916800
20221124,09:17:59,43015.65,125,1916800
20221124,09:18:00,43019.00,175,1916800
20221124,09:18:05,43015.75,100,1916800
20221124,09:18:06,43015.00,100,1916800
20221124,09:18:08,43019.20,75,1916800
20221124,09:18:09,43016.45,350,1916800
20221124,09:18:11,43019.00,300,1916800
20221124,09:18:13,43019.10,200,1916800
20221124,09:18:14,43020.55,3350,1916800
20221124,09:18:16,43018.95,175,1916800
20221124,09:18:17,43017.45,150,1916800
20221124,09:18:19,43020.10,75,1916800
20221124,09:18:20,43023.00,375,1916800
20221124,09:18:22,43022.20,100,1916800
20221124,09:18:24,43019.70,450,1916800
20221124,09:18:25,43020.55,200,1916800
20221124,09:18:27,43021.90,225,1916800
20221124,09:18:28,43022.00,425,1916800
20221124,09:18:30,43020.45,150,1916800
20221124,09:18:31,43021.25,225,1916800
20221124,09:18:33,43024.65,175,1916800
20221124,09:18:34,43020.40,150,1916800
20221124,09:18:36,43020.75,100,1916800
20221124,09:18:37,43021.75,100,1916800
20221124,09:18:39,43018.00,175,1916800
20221124,09:18:41,43019.55,150,1916800
20221124,09:18:42,43016.00,150,1916800
20221124,09:18:44,43014.05,25,1916800
20221124,09:18:46,43019.25,175,1916800
20221124,09:18:47,43020.30,350,1916800
20221124,09:18:49,43018.70,650,1916800
20221124,09:18:51,43021.50,450,1916800
20221124,09:18:52,43021.15,300,1916800
20221124,09:18:54,43023.75,300,1916800
20221124,09:18:56,43022.20,150,1916800
20221124,09:18:57,43024.25,150,1916800
20221124,09:18:59,43025.00,425,1916800
20221124,09:19:01,43023.70,125,1916800
20221124,09:19:02,43020.35,25,1916800
20221124,09:19:04,43023.70,250,1916800
20221124,09:19:06,43023.45,150,1916800
20221124,09:19:07,43021.95,50,1916800
20221124,09:19:09,43022.95,125,1916800
20221124,09:19:11,43023.70,225,1916800
20221124,09:19:12,43024.00,150,1916800
20221124,09:19:14,43024.00,250,1916800
20221124,09:19:16,43023.80,75,1916800
20221124,09:19:17,43022.75,200,1916800
20221124,09:19:19,43022.75,150,1916800
20221124,09:19:20,43022.75,75,1916800
20221124,09:19:22,43023.70,650,1916800
20221124,09:19:24,43023.70,50,1916800
20221124,09:19:25,43019.45,175,1916800
20221124,09:19:27,43019.70,150,1916800
20221124,09:19:28,43019.05,175,1916800
20221124,09:19:30,43023.30,250,1916800
20221124,09:19:32,43023.05,50,1916800
20221124,09:19:33,43017.35,150,1916800
20221124,09:19:35,43022.20,50,1916800
20221124,09:19:37,43020.00,50,1916800
20221124,09:19:38,43016.90,50,1916800
20221124,09:19:40,43022.00,50,1916800
20221124,09:19:41,43017.50,125,1916800
20221124,09:19:43,43019.35,50,1916800
20221124,09:19:45,43017.00,100,1916800
20221124,09:19:46,43017.75,125,1916800
20221124,09:19:48,43019.35,125,1916800
20221124,09:19:49,43019.85,75,1916800
20221124,09:19:51,43020.00,350,1916800
20221124,09:19:53,43016.30,25,1916800
20221124,09:19:54,43015.50,50,1916800
20221124,09:19:56,43015.70,125,1916800
20221124,09:19:58,43018.80,350,1916800
20221124,09:19:59,43014.70,100,1916800
20221124,09:20:01,43018.35,200,1916800
20221124,09:20:02,43014.25,50,1916800
20221124,09:20:04,43016.60,100,1916800
20221124,09:20:05,43018.20,350,1916800
20221124,09:20:07,43014.75,300,1916800
20221124,09:20:09,43019.20,325,1916800
20221124,09:20:10,43013.50,575,1916800
20221124,09:20:12,43013.45,425,1916800
20221124,09:20:13,43014.25,250,1916800
20221124,09:20:15,43012.30,350,1916800
20221124,09:20:16,43013.30,150,1916800
20221124,09:20:18,43018.00,375,1916800
20221124,09:20:19,43019.10,300,1916800
20221124,09:20:21,43019.55,450,1916800
20221124,09:20:22,43016.40,200,1916800
20221124,09:20:24,43019.95,150,1916800
20221124,09:20:25,43019.90,50,1916800
20221124,09:20:27,43019.95,50,1916800
20221124,09:20:28,43020.00,150,1916800
20221124,09:20:29,43019.70,200,1916800
20221124,09:20:31,43019.70,50,1916800
20221124,09:20:32,43020.00,175,1916800
20221124,09:20:34,43021.00,300,1916800
20221124,09:20:35,43021.95,175,1916800
20221124,09:20:37,43021.70,250,1916800
20221124,09:20:38,43017.20,275,1916800
20221124,09:20:39,43021.45,50,1916800
20221124,09:20:41,43020.40,25,1916800
20221124,09:20:42,43017.10,50,1916800
20221124,09:20:44,43017.15,175,1916800
20221124,09:20:45,43017.05,75,1916800
20221124,09:20:47,43021.80,375,1926875
20221124,09:20:49,43020.40,225,1926875
20221124,09:20:50,43024.20,275,1926875
20221124,09:20:52,43023.55,50,1926875
20221124,09:20:53,43019.00,675,1926875
20221124,09:20:55,43019.00,150,1926875
20221124,09:20:56,43017.10,150,1926875
20221124,09:20:58,43017.10,25,1926875
20221124,09:20:59,43017.35,350,1926875
20221124,09:21:01,43017.15,75,1926875
20221124,09:21:03,43022.95,50,1926875
20221124,09:21:04,43021.95,75,1926875
20221124,09:21:06,43021.50,75,1926875
20221124,09:21:07,43020.00,75,1926875
20221124,09:21:09,43020.00,50,1926875
20221124,09:21:10,43023.75,200,1926875
20221124,09:21:12,43021.25,350,1926875
20221124,09:21:13,43024.15,475,1926875
20221124,09:21:15,43023.70,575,1926875
20221124,09:21:17,43023.70,150,1926875
20221124,09:21:18,43027.00,2400,1926875
20221124,09:21:20,43026.75,400,1926875
20221124,09:21:21,43027.40,475,1926875
20221124,09:21:23,43027.45,250,1926875
20221124,09:21:24,43027.00,400,1926875
20221124,09:21:26,43023.00,175,1926875
20221124,09:21:28,43023.00,575,1926875
20221124,09:21:29,43025.90,150,1926875
20221124,09:21:31,43021.40,975,1926875
20221124,09:21:32,43021.25,150,1926875
20221124,09:21:34,43021.30,75,1926875
20221124,09:21:35,43026.25,25,1926875
20221124,09:21:36,43021.15,75,1926875
20221124,09:21:39,43026.75,100,1926875
20221124,09:21:41,43023.75,50,1926875
20221124,09:21:42,43026.40,600,1926875
20221124,09:21:44,43021.15,25,1926875
20221124,09:21:45,43026.95,100,1926875
20221124,09:21:47,43029.10,250,1926875
20221124,09:21:49,43028.85,50,1926875
20221124,09:21:50,43025.00,50,1926875
20221124,09:21:52,43024.50,50,1926875
20221124,09:21:53,43024.45,50,1926875
20221124,09:21:54,43024.30,75,1926875
20221124,09:21:56,43026.50,25,1926875
20221124,09:21:58,43027.00,25,1926875
20221124,09:21:59,43027.00,75,1926875
20221124,09:22:01,43026.75,2175,1926875
20221124,09:22:02,43026.05,250,1926875
20221124,09:22:04,43030.00,200,1926875
20221124,09:22:05,43023.90,150,1926875
20221124,09:22:07,43026.05,1125,1926875
20221124,09:22:09,43024.25,50,1926875
20221124,09:22:10,43030.00,100,1926875
20221124,09:22:12,43030.50,1000,1926875
20221124,09:22:13,43024.00,900,1926875
20221124,09:22:15,43029.00,125,1926875
20221124,09:22:17,43028.00,175,1926875
20221124,09:22:18,43025.05,50,1926875
20221124,09:22:20,43030.40,175,1926875
20221124,09:22:21,43031.20,275,1926875
20221124,09:22:23,43029.90,250,1926875
20221124,09:22:25,43031.25,100,1926875
20221124,09:22:26,43027.20,100,1926875
20221124,09:22:28,43033.80,300,1926875
20221124,09:22:29,43028.35,225,1926875
20221124,09:22:31,43035.00,125,1926875
20221124,09:22:32,43028.50,225,1926875
20221124,09:22:36,43030.00,250,1926875
20221124,09:22:37,43035.30,25,1926875
20221124,09:22:39,43033.55,50,1926875
20221124,09:22:40,43030.05,75,1926875
20221124,09:22:42,43032.15,400,1926875
20221124,09:22:45,43030.00,325,1926875
20221124,09:22:47,43035.10,50,1926875
20221124,09:22:48,43030.05,250,1926875
20221124,09:22:50,43036.55,250,1926875
20221124,09:22:52,43036.00,50,1926875
20221124,09:22:53,43030.95,75,1926875
20221124,09:22:55,43030.95,100,1926875
20221124,09:22:56,43035.00,200,1926875
20221124,09:22:58,43031.05,25,1926875
20221124,09:23:00,43035.00,125,1926875
20221124,09:23:01,43035.00,75,1926875
20221124,09:23:03,43036.50,175,1926875
20221124,09:23:04,43036.05,200,1926875
20221124,09:23:06,43032.35,225,1926875
20221124,09:23:08,43036.95,475,1926875
20221124,09:23:09,43038.75,175,1926875
20221124,09:23:11,43039.40,400,1926875
20221124,09:23:12,43033.75,100,1926875
20221124,09:23:14,43033.45,175,1926875
20221124,09:23:15,43039.55,325,1926875
20221124,09:23:17,43037.95,25,1926875
20221124,09:23:19,43038.65,75,1926875
20221124,09:23:20,43036.50,100,1926875
20221124,09:23:22,43039.75,50,1926875
20221124,09:23:23,43036.55,150,1926875
20221124,09:23:25,43039.75,75,1926875
20221124,09:23:26,43039.05,125,1926875
20221124,09:23:28,43036.50,300,1926875
20221124,09:23:29,43036.55,100,1926875
20221124,09:23:31,43039.80,75,1926875
20221124,09:23:32,43042.80,700,1926875
20221124,09:23:34,43040.35,175,1926875
20221124,09:23:36,43040.75,400,1926875
20221124,09:23:37,43042.15,125,1926875
20221124,09:23:39,43040.00,125,1926875
20221124,09:23:40,43044.00,350,1926875
20221124,09:23:42,43044.55,825,1926875
20221124,09:23:43,43044.95,150,1926875
20221124,09:23:45,43045.65,400,1926875
20221124,09:23:47,43046.45,850,1942400
20221124,09:23:48,43046.45,550,1942400
20221124,09:23:50,43045.20,425,1942400
20221124,09:23:51,43046.95,475,1942400
20221124,09:23:53,43041.60,250,1942400
20221124,09:23:55,43047.00,525,1942400
20221124,09:23:56,43048.00,75,1942400
20221124,09:23:58,43050.00,350,1942400
20221124,09:23:59,43049.95,100,1942400
20221124,09:24:01,43046.00,225,1942400
20221124,09:24:02,43049.75,150,1942400
20221124,09:24:04,43050.65,1350,1942400
20221124,09:24:05,43053.70,400,1942400
20221124,09:24:07,43054.00,200,1942400
20221124,09:24:08,43054.50,225,1942400
20221124,09:24:10,43052.00,300,1942400
20221124,09:24:11,43054.70,125,1942400
20221124,09:24:13,43050.05,175,1942400
20221124,09:24:15,43054.90,150,1942400
20221124,09:24:16,43055.00,425,1942400
20221124,09:24:18,43047.45,1250,1942400
20221124,09:24:19,43053.00,150,1942400
20221124,09:24:21,43050.10,200,1942400
20221124,09:24:22,43050.00,125,1942400
20221124,09:24:23,43048.00,350,1942400
20221124,09:24:25,43048.00,75,1942400
20221124,09:24:26,43048.05,175,1942400
20221124,09:24:28,43050.00,225,1942400
20221124,09:24:29,43048.00,125,1942400
20221124,09:24:31,43052.45,150,1942400
20221124,09:24:32,43052.80,150,1942400
20221124,09:24:34,43052.95,950,1942400
20221124,09:24:35,43052.85,100,1942400
20221124,09:24:37,43053.00,200,1942400
20221124,09:24:38,43049.75,125,1942400
20221124,09:24:40,43048.15,200,1942400
20221124,09:24:41,43053.00,625,1942400
20221124,09:24:43,43048.00,175,1942400
20221124,09:24:45,43053.05,150,1942400
20221124,09:24:46,43048.00,150,1942400
20221124,09:24:48,43053.45,425,1942400
20221124,09:24:49,43053.55,500,1942400
20221124,09:24:51,43049.80,250,1942400
20221124,09:24:53,43056.00,375,1942400
20221124,09:24:54,43058.40,125,1942400
20221124,09:24:56,43058.90,125,1942400
20221124,09:24:57,43060.00,250,1942400
20221124,09:24:59,43060.80,325,1942400
20221124,09:25:01,43052.00,200,1942400
20221124,09:25:02,43059.35,500,1942400
20221124,09:25:04,43061.00,500,1942400
20221124,09:25:06,43060.80,100,1942400
20221124,09:25:07,43061.40,175,1942400
20221124,09:25:09,43060.95,150,1942400
20221124,09:25:10,43057.00,150,1942400
20221124,09:25:12,43055.70,700,1942400
20221124,09:25:14,43054.85,400,1942400
20221124,09:25:15,43059.20,250,1942400
20221124,09:25:17,43060.00,325,1942400
20221124,09:25:18,43054.05,600,1942400
20221124,09:25:20,43059.80,150,1942400
20221124,09:25:22,43054.50,350,1942400
20221124,09:25:23,43061.65,1000,1942400
20221124,09:25:25,43059.55,50,1942400
20221124,09:25:26,43054.50,50,1942400
20221124,09:25:28,43059.80,150,1942400
20221124,09:25:30,43055.05,75,1942400
20221124,09:25:31,43059.25,375,1942400
20221124,09:25:33,43059.75,150,1942400
20221124,09:25:35,43059.00,150,1942400
20221124,09:25:36,43056.00,125,1942400
20221124,09:25:38,43057.00,75,1942400
20221124,09:25:39,43058.35,225,1942400
20221124,09:25:41,43054.95,350,1942400
20221124,09:25:43,43059.00,50,1942400
20221124,09:25:44,43052.00,875,1942400
20221124,09:25:46,43057.65,100,1942400
20221124,09:25:48,43058.85,300,1942400
20221124,09:25:49,43056.05,275,1942400
20221124,09:25:51,43058.00,125,1942400
20221124,09:25:53,43058.25,50,1942400
20221124,09:25:54,43055.00,400,1942400
20221124,09:25:56,43058.50,150,1942400
20221124,09:25:58,43057.00,100,1942400
20221124,09:25:59,43055.00,700,1942400
20221124,09:26:01,43057.75,75,1942400
20221124,09:26:03,43057.00,150,1942400
20221124,09:26:04,43056.15,75,1942400
20221124,09:26:06,43055.00,175,1942400
20221124,09:26:08,43054.80,50,1942400
20221124,09:26:09,43052.30,100,1942400
20221124,09:26:11,43055.65,225,1942400
20221124,09:26:13,43056.30,125,1942400
20221124,09:26:14,43052.30,700,1942400
20221124,09:26:16,43052.20,225,1942400
20221124,09:26:17,43050.00,50,1942400
20221124,09:26:19,43047.00,125,1942400
20221124,09:26:21,43044.90,225,1942400
20221124,09:26:22,43047.65,225,1942400
20221124,09:26:24,43042.30,50,1942400
20221124,09:26:26,43042.05,225,1942400
20221124,09:26:27,43044.55,100,1942400
20221124,09:26:29,43046.95,50,1942400
20221124,09:26:31,43046.95,50,1942400
20221124,09:26:32,43047.85,25,1942400
20221124,09:26:34,43048.50,25,1942400
20221124,09:26:36,43045.00,375,1942400
20221124,09:26:37,43053.95,975,1942400
20221124,09:26:39,43053.85,75,1942400
20221124,09:26:40,43050.00,200,1942400
20221124,09:26:42,43051.60,150,1942400
20221124,09:26:44,43057.95,725,1942400
20221124,09:26:45,43057.00,25,1942400
20221124,09:26:47,43057.95,225,1942400
20221124,09:26:49,43058.00,50,1956975
20221124,09:26:50,43059.55,575,1956975
20221124,09:26:52,43059.50,25,1956975
20221124,09:26:54,43065.00,800,1956975
20221124,09:26:55,43075.00,625,1956975
20221124,09:26:57,43075.00,150,1956975
20221124,09:26:59,43066.75,225,1956975
20221124,09:27:00,43069.20,50,1956975
20221124,09:27:02,43070.00,100,1956975
20221124,09:27:04,43071.40,425,1956975
20221124,09:27:05,43070.05,425,1956975
20221124,09:27:07,43068.90,300,1956975
20221124,09:27:09,43070.00,100,1956975
20221124,09:27:10,43070.25,125,1956975
20221124,09:27:12,43071.00,100,1956975
20221124,09:27:14,43070.70,125,1956975
20221124,09:27:15,43068.90,250,1956975
20221124,09:27:17,43069.05,175,1956975
20221124,09:27:19,43068.65,275,1956975
20221124,09:27:20,43067.65,75,1956975
20221124,09:27:22,43068.35,50,1956975
20221124,09:27:23,43068.60,325,1956975
20221124,09:27:25,43071.00,475,1956975
20221124,09:27:27,43067.50,500,1956975
20221124,09:27:28,43072.95,200,1956975
20221124,09:27:30,43072.80,175,1956975
20221124,09:27:32,43072.00,175,1956975
20221124,09:27:33,43071.55,25,1956975
20221124,09:27:35,43067.50,175,1956975
20221124,09:27:37,43070.95,500,1956975
20221124,09:27:38,43071.20,225,1956975
20221124,09:27:40,43070.95,150,1956975
20221124,09:27:42,43067.50,150,1956975
20221124,09:27:45,43067.50,50,1956975
20221124,09:27:47,43068.60,125,1956975
20221124,09:27:48,43068.30,25,1956975
20221124,09:27:50,43065.00,300,1956975
20221124,09:27:51,43068.25,100,1956975
20221124,09:27:53,43068.45,150,1956975
20221124,09:27:55,43067.50,200,1956975
20221124,09:27:56,43065.25,75,1956975
20221124,09:27:58,43069.40,50,1956975
20221124,09:28:00,43069.05,250,1956975
20221124,09:28:01,43069.00,150,1956975
20221124,09:28:03,43070.00,75,1956975
20221124,09:28:04,43070.00,275,1956975
20221124,09:28:06,43070.20,50,1956975
20221124,09:28:08,43070.90,175,1956975
20221124,09:28:09,43070.00,200,1956975
20221124,09:28:11,43069.60,50,1956975
20221124,09:28:14,43069.50,500,1956975
20221124,09:28:16,43067.80,25,1956975
20221124,09:28:17,43068.15,175,1956975
20221124,09:28:19,43065.25,150,1956975
20221124,09:28:21,43069.00,275,1956975
20221124,09:28:22,43068.75,350,1956975
20221124,09:28:24,43069.45,50,1956975
20221124,09:28:25,43067.95,75,1956975
20221124,09:28:27,43065.00,450,1956975
20221124,09:28:29,43064.55,125,1956975
20221124,09:28:30,43067.50,100,1956975
20221124,09:28:32,43062.60,275,1956975
20221124,09:28:34,43064.50,125,1956975
20221124,09:28:35,43064.05,50,1956975
20221124,09:28:37,43069.00,25,1956975
20221124,09:28:38,43067.00,50,1956975
20221124,09:28:40,43066.95,250,1956975
20221124,09:28:42,43066.95,25,1956975
20221124,09:28:43,43068.50,350,1956975
20221124,09:28:48,43068.95,75,1956975
20221124,09:28:50,43069.00,75,1956975
20221124,09:28:52,43068.50,50,1956975
20221124,09:28:53,43065.15,425,1956975
20221124,09:28:55,43069.15,25,1956975
20221124,09:28:56,43068.60,200,1956975
20221124,09:28:58,43068.25,125,1956975
20221124,09:29:00,43067.30,350,1956975
20221124,09:29:01,43065.00,275,1956975
20221124,09:29:03,43065.35,100,1956975
20221124,09:29:05,43065.00,125,1956975
20221124,09:29:06,43062.80,25,1956975
20221124,09:29:08,43063.25,175,1956975
20221124,09:29:09,43062.00,150,1956975
20221124,09:29:11,43061.85,100,1956975
20221124,09:29:14,43066.05,150,1956975
20221124,09:29:16,43066.95,900,1956975
20221124,09:29:18,43061.70,75,1956975
20221124,09:29:19,43066.25,75,1956975
20221124,09:29:23,43066.05,125,1956975
20221124,09:29:24,43061.60,1100,1956975
20221124,09:29:26,43066.00,50,1956975
20221124,09:29:27,43065.50,100,1956975
20221124,09:29:29,43061.50,325,1956975
20221124,09:29:31,43060.85,25,1956975
20221124,09:29:34,43062.30,100,1956975
20221124,09:29:35,43060.30,25,1956975
20221124,09:29:37,43060.85,50,1956975
20221124,09:29:39,43060.05,50,1956975
20221124,09:29:40,43061.20,50,1956975
20221124,09:29:42,43060.05,150,1956975
20221124,09:29:43,43064.35,100,1956975
20221124,09:29:45,43064.30,25,1956975
20221124,09:29:46,43064.35,50,1956975
20221124,09:29:48,43060.90,50,1967525
20221124,09:29:51,43060.00,150,1967525
20221124,09:29:53,43066.00,325,1967525
20221124,09:29:54,43063.65,125,1967525
20221124,09:29:56,43066.00,25,1967525
20221124,09:29:57,43063.00,25,1967525
20221124,09:29:59,43059.20,100,1967525
20221124,09:30:04,43064.50,150,1967525
20221124,09:30:05,43066.05,125,1967525
20221124,09:30:07,43061.05,175,1967525
20221124,09:30:08,43061.10,250,1967525
20221124,09:30:10,43067.40,175,1967525
20221124,09:30:11,43060.00,100,1967525
20221124,09:30:14,43065.00,25,1967525
20221124,09:30:17,43060.50,75,1967525
20221124,09:30:19,43067.40,25,1967525
20221124,09:30:20,43067.65,50,1967525
20221124,09:30:22,43067.65,300,1967525
20221124,09:30:23,43067.40,75,1967525
20221124,09:30:25,43061.10,125,1967525
20221124,09:30:26,43061.15,75,1967525
20221124,09:30:28,43068.20,25,1967525
20221124,09:30:29,43067.40,125,1967525
20221124,09:30:31,43069.00,525,1967525
20221124,09:30:32,43070.00,275,1967525
20221124,09:30:34,43069.55,125,1967525
20221124,09:30:35,43068.00,175,1967525
20221124,09:30:37,43069.00,200,1967525
20221124,09:30:38,43070.00,100,1967525
20221124,09:30:40,43070.00,125,1967525
20221124,09:30:42,43071.95,325,1967525
20221124,09:30:43,43072.00,150,1967525
20221124,09:30:45,43075.00,250,1967525
20221124,09:30:47,43075.00,150,1967525
20221124,09:30:48,43077.00,100,1967525
20221124,09:30:50,43077.00,100,1967525
20221124,09:30:51,43077.00,150,1967525
20221124,09:30:53,43077.70,50,1967525
20221124,09:30:55,43078.00,225,1967525
20221124,09:30:56,43078.00,25,1967525
20221124,09:30:58,43078.55,25,1967525
20221124,09:30:59,43078.55,275,1967525
20221124,09:31:01,43082.00,1075,1967525
20221124,09:31:03,43075.20,300,1967525
20221124,09:31:04,43073.45,200,1967525
20221124,09:31:06,43080.65,225,1967525
20221124,09:31:07,43081.00,25,1967525
20221124,09:31:09,43082.95,425,1967525
20221124,09:31:11,43084.40,375,1967525
20221124,09:31:12,43085.00,75,1967525
20221124,09:31:14,43087.00,525,1967525
20221124,09:31:16,43087.80,75,1967525
20221124,09:31:17,43088.00,150,1967525
20221124,09:31:19,43088.00,100,1967525
20221124,09:31:21,43087.05,300,1967525
20221124,09:31:22,43085.00,100,1967525
20221124,09:31:24,43089.15,400,1967525
20221124,09:31:26,43087.00,125,1967525
20221124,09:31:27,43091.15,625,1967525
20221124,09:31:29,43086.50,175,1967525
20221124,09:31:31,43088.00,100,1967525
20221124,09:31:32,43085.00,175,1967525
20221124,09:31:34,43087.55,100,1967525
20221124,09:31:36,43086.00,25,1967525
20221124,09:31:37,43085.30,150,1967525
20221124,09:31:40,43090.10,1025,1967525
20221124,09:31:42,43085.00,75,1967525
20221124,09:31:43,43089.95,75,1967525
20221124,09:31:45,43091.35,225,1967525
20221124,09:31:47,43090.75,500,1967525
20221124,09:31:50,43092.60,150,1967525
20221124,09:31:52,43093.00,75,1967525
20221124,09:31:53,43099.00,1100,1967525
20221124,09:31:55,43099.95,450,1967525
20221124,09:31:56,43100.00,1200,1967525
20221124,09:31:58,43100.00,250,1967525
20221124,09:32:00,43100.00,825,1967525
20221124,09:32:01,43100.00,150,1967525
20221124,09:32:03,43101.00,650,1967525
20221124,09:32:05,43093.45,425,1967525
20221124,09:32:06,43098.90,50,1967525
20221124,09:32:08,43098.90,50,1967525
20221124,09:32:10,43093.15,225,1967525
20221124,09:32:11,43097.40,775,1967525
20221124,09:32:13,43092.05,50,1967525
20221124,09:32:14,43092.00,50,1967525
20221124,09:32:16,43093.90,100,1967525
20221124,09:32:18,43091.20,100,1967525
20221124,09:32:21,43090.10,150,1967525
20221124,09:32:23,43089.60,50,1967525
20221124,09:32:24,43090.00,125,1967525
20221124,09:32:26,43090.00,25,1967525
20221124,09:32:29,43087.15,25,1967525
20221124,09:32:31,43086.70,400,1967525
20221124,09:32:32,43090.00,50,1967525
20221124,09:32:34,43090.00,25,1967525
20221124,09:32:35,43086.10,25,1967525
20221124,09:32:39,43087.05,650,1967525
20221124,09:32:40,43093.90,475,1967525
20221124,09:32:42,43090.00,100,1967525
20221124,09:32:43,43091.00,1025,1967525
20221124,09:32:45,43096.90,175,1967525
20221124,09:32:47,43094.85,250,1967525
20221124,09:32:48,43100.00,225,1976350
20221124,09:32:50,43095.45,25,1976350
20221124,09:32:51,43098.00,200,1976350
20221124,09:32:55,43100.05,625,1976350
20221124,09:32:56,43101.20,1275,1976350
20221124,09:32:58,43103.00,775,1976350
20221124,09:33:00,43109.00,400,1976350
20221124,09:33:01,43109.00,100,1976350
20221124,09:33:03,43102.25,250,1976350
20221124,09:33:04,43106.15,550,1976350
20221124,09:33:06,43105.55,125,1976350
20221124,09:33:08,43107.45,175,1976350
20221124,09:33:09,43107.90,100,1976350
20221124,09:33:11,43110.00,300,1976350
20221124,09:33:13,43110.00,3125,1976350
20221124,09:33:14,43111.00,325,1976350
20221124,09:33:16,43111.00,225,1976350
20221124,09:33:18,43111.85,425,1976350
20221124,09:33:19,43111.15,525,1976350
20221124,09:33:21,43112.35,225,1976350
20221124,09:33:22,43111.00,475,1976350
20221124,09:33:24,43113.35,325,1976350
20221124,09:33:26,43112.00,200,1976350
20221124,09:33:27,43113.90,175,1976350
20221124,09:33:29,43113.95,50,1976350
20221124,09:33:31,43114.75,275,1976350
20221124,09:33:32,43116.05,1225,1976350
20221124,09:33:34,43112.05,225,1976350
20221124,09:33:36,43113.00,200,1976350
20221124,09:33:37,43110.00,300,1976350
20221124,09:33:40,43116.00,100,1976350
20221124,09:33:42,43115.15,175,1976350
20221124,09:33:44,43114.35,775,1976350
20221124,09:33:45,43113.40,150,1976350
20221124,09:33:47,43112.85,100,1976350
20221124,09:33:49,43113.80,25,1976350
20221124,09:33:50,43116.15,125,1976350
20221124,09:33:52,43114.95,875,1976350
20221124,09:33:54,43111.65,150,1976350
20221124,09:33:55,43114.75,150,1976350
20221124,09:33:57,43108.85,450,1976350
20221124,09:33:58,43107.15,650,1976350
20221124,09:34:00,43108.65,75,1976350
20221124,09:34:02,43113.95,125,1976350
20221124,09:34:03,43115.25,100,1976350
20221124,09:34:05,43114.35,200,1976350
20221124,09:34:06,43114.45,200,1976350
20221124,09:34:08,43112.35,675,1976350
20221124,09:34:10,43112.05,125,1976350
20221124,09:34:11,43113.10,650,1976350
20221124,09:34:13,43113.40,125,1976350
20221124,09:34:15,43109.25,525,1976350
20221124,09:34:16,43110.00,175,1976350
20221124,09:34:18,43113.20,250,1976350
20221124,09:34:19,43110.00,225,1976350
20221124,09:34:21,43115.20,450,1976350
20221124,09:34:23,43116.00,75,1976350
20221124,09:34:24,43117.15,300,1976350
20221124,09:34:26,43115.95,125,1976350
20221124,09:34:28,43117.80,575,1976350
20221124,09:34:29,43114.35,250,1976350
20221124,09:34:31,43119.00,175,1976350
20221124,09:34:32,43122.95,1125,1976350
20221124,09:34:34,43123.30,325,1976350
20221124,09:34:36,43123.30,275,1976350
20221124,09:34:37,43123.00,300,1976350
20221124,09:34:39,43121.75,175,1976350
20221124,09:34:40,43117.00,375,1976350
20221124,09:34:42,43123.70,525,1976350
20221124,09:34:44,43123.75,250,1976350
20221124,09:34:45,43122.00,25,1976350
20221124,09:34:47,43122.40,100,1976350
20221124,09:34:49,43121.65,50,1976350
20221124,09:34:50,43124.00,1000,1976350
20221124,09:34:52,43123.60,1000,1976350
20221124,09:34:54,43124.20,575,1976350
20221124,09:34:55,43124.25,100,1976350
20221124,09:34:57,43124.50,925,1976350
20221124,09:34:59,43123.70,100,1976350
20221124,09:35:00,43125.00,1750,1976350
20221124,09:35:02,43128.75,775,1976350
20221124,09:35:04,43129.30,425,1976350
20221124,09:35:05,43129.80,925,1976350
20221124,09:35:07,43128.70,100,1976350
20221124,09:35:09,43122.85,625,1976350
20221124,09:35:10,43125.00,150,1976350
20221124,09:35:12,43128.00,375,1976350
20221124,09:35:13,43128.00,250,1976350
20221124,09:35:15,43128.65,1100,1976350
20221124,09:35:17,43127.90,275,1976350
20221124,09:35:18,43127.95,525,1976350
20221124,09:35:20,43128.25,1325,1976350
20221124,09:35:22,43128.75,450,1976350
20221124,09:35:23,43128.00,900,1976350
20221124,09:35:25,43128.85,275,1976350
20221124,09:35:27,43128.05,300,1976350
20221124,09:35:28,43126.35,650,1976350
20221124,09:35:30,43130.00,550,1976350
20221124,09:35:31,43130.00,50,1976350
20221124,09:35:33,43130.00,200,1976350
20221124,09:35:35,43130.45,375,1976350
20221124,09:35:36,43129.25,775,1976350
20221124,09:35:38,43130.00,125,1976350
20221124,09:35:40,43129.95,125,1976350
20221124,09:35:41,43129.95,175,1976350
20221124,09:35:43,43129.00,175,1976350
20221124,09:35:44,43129.10,100,1976350
20221124,09:35:46,43129.95,250,1976350
20221124,09:35:48,43129.10,125,1999125
20221124,09:35:49,43129.65,125,1999125
20221124,09:35:51,43128.95,125,1999125
20221124,09:35:53,43128.90,50,1999125
20221124,09:35:54,43125.35,375,1999125
20221124,09:35:56,43128.05,425,1999125
20221124,09:35:58,43124.60,1225,1999125
20221124,09:35:59,43124.60,75,1999125
20221124,09:36:01,43124.90,500,1999125
20221124,09:36:03,43126.20,75,1999125
20221124,09:36:04,43124.60,150,1999125
20221124,09:36:06,43122.05,300,1999125
20221124,09:36:08,43122.00,125,1999125
20221124,09:36:09,43123.30,150,1999125
20221124,09:36:11,43122.00,450,1999125
20221124,09:36:13,43124.30,175,1999125
20221124,09:36:14,43122.00,175,1999125
20221124,09:36:16,43122.40,225,1999125
20221124,09:36:18,43121.80,700,1999125
20221124,09:36:19,43120.95,475,1999125
20221124,09:36:21,43117.85,300,1999125
20221124,09:36:23,43115.75,25,1999125
20221124,09:36:24,43115.00,300,1999125
20221124,09:36:26,43116.20,325,1999125
20221124,09:36:28,43116.05,175,1999125
20221124,09:36:29,43114.40,325,1999125
20221124,09:36:31,43111.00,100,1999125
20221124,09:36:33,43110.10,50,1999125
20221124,09:36:34,43113.10,200,1999125
20221124,09:36:36,43107.95,125,1999125
20221124,09:36:38,43115.10,275,1999125
20221124,09:36:39,43116.75,75,1999125
20221124,09:36:41,43116.50,125,1999125
20221124,09:36:43,43116.30,225,1999125
20221124,09:36:44,43115.75,250,1999125
20221124,09:36:46,43111.55,125,1999125
20221124,09:36:48,43115.00,200,1999125
20221124,09:36:49,43117.00,400,1999125
20221124,09:36:51,43119.15,75,1999125
20221124,09:36:53,43117.50,75,1999125
20221124,09:36:54,43116.90,150,1999125
20221124,09:36:56,43115.00,175,1999125
20221124,09:36:58,43116.70,300,1999125
20221124,09:36:59,43115.75,275,1999125
20221124,09:37:01,43116.00,75,1999125
20221124,09:37:03,43117.55,550,1999125
20221124,09:37:04,43111.40,675,1999125
20221124,09:37:06,43115.30,125,1999125
20221124,09:37:08,43116.95,325,1999125
20221124,09:37:09,43119.40,125,1999125
20221124,09:37:11,43116.70,150,1999125
20221124,09:37:13,43114.85,125,1999125
20221124,09:37:14,43118.15,75,1999125
20221124,09:37:16,43115.35,50,1999125
20221124,09:37:17,43114.85,25,1999125
20221124,09:37:19,43114.70,375,1999125
20221124,09:37:21,43112.75,150,1999125
20221124,09:37:22,43114.65,400,1999125
20221124,09:37:24,43114.70,50,1999125
20221124,09:37:26,43117.00,150,1999125
20221124,09:37:27,43115.55,150,1999125
20221124,09:37:29,43116.30,200,1999125
20221124,09:37:30,43118.80,200,1999125
20221124,09:37:32,43118.30,25,1999125
20221124,09:37:34,43116.65,25,1999125
20221124,09:37:35,43112.85,200,1999125
20221124,09:37:37,43118.65,125,1999125
20221124,09:37:39,43120.00,150,1999125
20221124,09:37:40,43121.10,150,1999125
20221124,09:37:42,43123.35,25,1999125
20221124,09:37:43,43125.20,1450,1999125
20221124,09:37:45,43132.10,2025,1999125
20221124,09:37:47,43136.70,750,1999125
20221124,09:37:48,43135.40,150,1999125
20221124,09:37:50,43131.00,450,1999125
20221124,09:37:52,43135.75,125,1999125
20221124,09:37:53,43135.40,25,1999125
20221124,09:37:55,43135.30,150,1999125
20221124,09:37:57,43138.50,175,1999125
20221124,09:37:58,43136.95,75,1999125
20221124,09:38:00,43136.95,125,1999125
20221124,09:38:05,43135.30,150,1999125
20221124,09:38:06,43138.00,100,1999125
20221124,09:38:08,43139.00,125,1999125
20221124,09:38:10,43137.00,75,1999125
20221124,09:38:11,43140.00,200,1999125
20221124,09:38:13,43142.55,250,1999125
20221124,09:38:15,43142.95,375,1999125
20221124,09:38:16,43141.40,50,1999125
20221124,09:38:18,43139.55,175,1999125
20221124,09:38:19,43139.55,100,1999125
20221124,09:38:21,43140.00,175,1999125
20221124,09:38:23,43138.35,225,1999125
20221124,09:38:24,43143.00,125,1999125
20221124,09:38:26,43143.75,125,1999125
20221124,09:38:27,43138.45,225,1999125
20221124,09:38:29,43140.00,125,1999125
20221124,09:38:31,43140.70,150,1999125
20221124,09:38:32,43138.10,150,1999125
20221124,09:38:34,43140.85,325,1999125
20221124,09:38:36,43138.75,400,1999125
20221124,09:38:37,43142.25,75,1999125
20221124,09:38:38,43139.80,550,1999125
20221124,09:38:40,43144.00,150,1999125
20221124,09:38:42,43144.00,125,1999125
20221124,09:38:43,43145.00,1000,1999125
20221124,09:38:45,43146.85,350,1999125
20221124,09:38:47,43146.85,200,1999125
20221124,09:38:49,43142.30,75,1999125
20221124,09:38:52,43142.30,50,2015400
20221124,09:38:54,43145.40,300,2015400
20221124,09:38:55,43142.30,200,2015400
20221124,09:38:57,43149.35,1100,2015400
20221124,09:38:59,43149.85,1050,2015400
20221124,09:39:00,43143.60,250,2015400
20221124,09:39:02,43142.75,350,2015400
20221124,09:39:03,43147.35,275,2015400
20221124,09:39:05,43143.40,200,2015400
20221124,09:39:07,43140.75,200,2015400
20221124,09:39:08,43142.20,225,2015400
20221124,09:39:10,43142.30,100,2015400
20221124,09:39:12,43150.00,450,2015400
20221124,09:39:13,43154.40,1550,2015400
20221124,09:39:15,43152.35,350,2015400
20221124,09:39:17,43146.35,150,2015400
20221124,09:39:18,43149.25,575,2015400
20221124,09:39:20,43152.20,175,2015400
20221124,09:39:22,43148.60,200,2015400
20221124,09:39:23,43154.55,425,2015400
20221124,09:39:25,43148.25,550,2015400
20221124,09:39:27,43148.25,150,2015400
20221124,09:39:28,43152.45,450,2015400
20221124,09:39:30,43145.25,225,2015400
20221124,09:39:32,43150.70,175,2015400
20221124,09:39:33,43148.60,225,2015400
20221124,09:39:35,43148.60,425,2015400
20221124,09:39:37,43145.80,50,2015400
20221124,09:39:38,43146.40,150,2015400
20221124,09:39:40,43149.70,400,2015400
20221124,09:39:41,43144.30,225,2015400
20221124,09:39:43,43149.65,325,2015400
20221124,09:39:45,43149.05,50,2015400
20221124,09:39:46,43142.00,225,2015400
20221124,09:39:48,43144.70,75,2015400
20221124,09:39:50,43143.45,175,2015400
20221124,09:39:51,43147.00,100,2015400
20221124,09:39:53,43147.00,150,2015400
20221124,09:39:55,43146.75,625,2015400
20221124,09:39:56,43149.85,450,2015400
20221124,09:39:58,43144.55,150,2015400
20221124,09:40:00,43144.70,175,2015400
20221124,09:40:01,43146.75,75,2015400
20221124,09:40:03,43145.55,150,2015400
20221124,09:40:05,43145.15,125,2015400
20221124,09:40:06,43146.65,25,2015400
20221124,09:40:08,43148.45,300,2015400
20221124,09:40:09,43147.00,500,2015400
20221124,09:40:11,43149.90,125,2015400
20221124,09:40:13,43146.65,575,2015400
20221124,09:40:14,43146.65,25,2015400
20221124,09:40:16,43147.00,100,2015400
20221124,09:40:17,43147.10,25,2015400
20221124,09:40:19,43148.95,125,2015400
20221124,09:40:21,43147.60,1125,2015400
20221124,09:40:22,43148.30,25,2015400
20221124,09:40:24,43149.85,50,2015400
20221124,09:40:26,43148.80,150,2015400
20221124,09:40:29,43149.15,200,2015400
20221124,09:40:30,43148.85,100,2015400
20221124,09:40:32,43149.45,300,2015400
20221124,09:40:34,43149.50,700,2015400
20221124,09:40:35,43148.80,300,2015400
20221124,09:40:37,43146.00,975,2015400
20221124,09:40:38,43149.85,100,2015400
20221124,09:40:42,43145.05,125,2015400
20221124,09:40:43,43148.80,450,2015400
20221124,09:40:47,43150.00,250,2015400
20221124,09:40:48,43149.85,350,2015400
20221124,09:40:50,43158.85,1025,2015400
20221124,09:40:52,43153.70,175,2015400
20221124,09:40:53,43153.00,75,2015400
20221124,09:40:55,43149.80,200,2015400
20221124,09:40:58,43150.35,225,2015400
20221124,09:41:00,43149.25,100,2015400
20221124,09:41:02,43149.05,200,2015400
20221124,09:41:05,43150.05,75,2015400
20221124,09:41:07,43149.15,25,2015400
20221124,09:41:08,43148.45,300,2015400
20221124,09:41:10,43149.00,175,2015400
20221124,09:41:12,43149.00,375,2015400
20221124,09:41:13,43146.50,100,2015400
20221124,09:41:15,43148.00,100,2015400
20221124,09:41:16,43147.00,325,2015400
20221124,09:41:18,43147.05,50,2015400
20221124,09:41:20,43147.10,125,2015400
20221124,09:41:21,43149.15,50,2015400
20221124,09:41:23,43148.05,150,2015400
20221124,09:41:26,43148.75,125,2015400
20221124,09:41:28,43149.95,50,2015400
20221124,09:41:29,43149.85,50,2015400
20221124,09:41:31,43149.95,125,2015400
20221124,09:41:33,43149.90,75,2015400
20221124,09:41:34,43148.80,175,2015400
20221124,09:41:36,43150.75,75,2015400
20221124,09:41:37,43151.00,25,2015400
20221124,09:41:39,43150.00,100,2015400
20221124,09:41:40,43153.00,75,2015400
20221124,09:41:42,43149.95,150,2015400
20221124,09:41:44,43149.30,150,2015400
20221124,09:41:45,43153.30,50,2015400
20221124,09:41:47,43149.45,50,2015400
20221124,09:41:48,43149.30,125,2015400
20221124,09:41:50,43148.00,175,2015400
20221124,09:41:51,43148.60,200,2032200
20221124,09:41:53,43149.45,100,2032200
20221124,09:41:54,43149.00,750,2032200
20221124,09:41:56,43149.00,75,2032200
20221124,09:41:57,43147.85,500,2032200
20221124,09:41:59,43145.00,25,2032200
20221124,09:42:01,43147.45,100,2032200
20221124,09:42:02,43149.00,100,2032200
20221124,09:42:04,43145.95,175,2032200
20221124,09:42:05,43147.65,850,2032200
20221124,09:42:10,43147.10,25,2032200
20221124,09:42:11,43146.90,25,2032200
20221124,09:42:13,43146.90,75,2032200
20221124,09:42:14,43146.00,75,2032200
20221124,09:42:16,43146.35,25,2032200
20221124,09:42:18,43147.65,225,2032200
20221124,09:42:19,43146.10,100,2032200
20221124,09:42:21,43147.65,75,2032200
20221124,09:42:22,43145.85,25,2032200
20221124,09:42:24,43145.85,25,2032200
20221124,09:42:25,43145.60,50,2032200
20221124,09:42:29,43145.00,275,2032200
20221124,09:42:30,43145.60,275,2032200
20221124,09:42:32,43141.50,125,2032200
20221124,09:42:33,43140.00,1000,2032200
20221124,09:42:35,43138.00,275,2032200
20221124,09:42:38,43136.40,50,2032200
20221124,09:42:40,43139.75,400,2032200
20221124,09:42:41,43136.00,125,2032200
20221124,09:42:43,43139.00,950,2032200
20221124,09:42:44,43134.60,300,2032200
20221124,09:42:46,43135.10,25,2032200
20221124,09:42:48,43139.95,125,2032200
20221124,09:42:49,43139.95,150,2032200
20221124,09:42:51,43132.10,1050,2032200
20221124,09:42:52,43137.20,50,2032200
20221124,09:42:54,43133.10,25,2032200
20221124,09:42:57,43137.95,100,2032200
20221124,09:43:00,43137.55,375,2032200
20221124,09:43:02,43132.35,50,2032200
20221124,09:43:04,43131.90,100,2032200
20221124,09:43:05,43137.00,150,2032200
20221124,09:43:07,43135.00,225,2032200
20221124,09:43:08,43131.10,175,2032200
20221124,09:43:10,43132.85,50,2032200
20221124,09:43:11,43131.90,50,2032200
20221124,09:43:13,43131.10,50,2032200
20221124,09:43:14,43128.80,150,2032200
20221124,09:43:16,43131.45,475,2032200
20221124,09:43:18,43134.70,25,2032200
20221124,09:43:21,43139.00,50,2032200
20221124,09:43:24,43140.00,125,2032200
20221124,09:43:26,43140.00,100,2032200
20221124,09:43:27,43140.05,50,2032200
20221124,09:43:29,43140.75,100,2032200
20221124,09:43:32,43142.00,200,2032200
20221124,09:43:34,43145.00,25,2032200
20221124,09:43:35,43142.80,50,2032200
20221124,09:43:37,43145.00,25,2032200
20221124,09:43:38,43145.00,50,2032200
20221124,09:43:40,43145.60,75,2032200
20221124,09:43:41,43148.30,175,2032200
20221124,09:43:43,43145.60,75,2032200
20221124,09:43:45,43145.65,250,2032200
20221124,09:43:46,43145.65,250,2032200
20221124,09:43:50,43145.05,125,2032200
20221124,09:43:51,43145.00,25,2032200
20221124,09:43:53,43145.05,925,2032200
20221124,09:43:54,43145.65,75,2032200
20221124,09:43:56,43143.05,50,2032200
20221124,09:43:58,43149.80,300,2032200
20221124,09:43:59,43149.00,50,2032200
20221124,09:44:01,43149.00,100,2032200
20221124,09:44:03,43149.90,100,2032200
20221124,09:44:04,43146.55,100,2032200
20221124,09:44:06,43149.95,225,2032200
20221124,09:44:07,43150.00,75,2032200
20221124,09:44:09,43151.00,175,2032200
20221124,09:44:11,43155.00,775,2032200
20221124,09:44:12,43155.75,50,2032200
20221124,09:44:14,43157.75,250,2032200
20221124,09:44:16,43159.40,300,2032200
20221124,09:44:17,43155.10,25,2032200
20221124,09:44:20,43160.00,500,2032200
20221124,09:44:22,43160.00,225,2032200
20221124,09:44:24,43163.95,350,2032200
20221124,09:44:25,43164.90,125,2032200
20221124,09:44:27,43165.35,150,2032200
20221124,09:44:29,43165.35,125,2032200
20221124,09:44:30,43167.85,150,2032200
20221124,09:44:32,43167.85,100,2032200
20221124,09:44:34,43168.00,250,2032200
20221124,09:44:35,43166.00,400,2032200
20221124,09:44:37,43166.45,50,2032200
20221124,09:44:38,43170.50,3575,2032200
20221124,09:44:40,43170.50,825,2032200
20221124,09:44:42,43167.00,325,2032200
20221124,09:44:43,43167.10,125,2032200
20221124,09:44:45,43166.35,425,2032200
20221124,09:44:47,43168.10,150,2032200
20221124,09:44:48,43158.85,2075,2032200
20221124,09:44:50,43167.00,200,2032200
20221124,09:44:52,43168.35,350,2032200
20221124,09:44:53,43161.05,325,2045150
20221124,09:44:56,43166.80,575,2045150
20221124,09:44:58,43167.00,350,2045150
20221124,09:45:00,43171.95,2200,2045150
20221124,09:45:01,43172.50,1500,2045150
20221124,09:45:03,43173.10,2025,2045150
20221124,09:45:04,43176.05,5550,2045150
20221124,09:45:06,43176.05,500,2045150
20221124,09:45:08,43174.00,350,2045150
20221124,09:45:09,43172.40,1925,2045150
20221124,09:45:11,43168.00,200,2045150
20221124,09:45:13,43166.00,100,2045150
20221124,09:45:14,43167.55,425,2045150
20221124,09:45:16,43166.70,650,2045150
20221124,09:45:17,43168.40,1450,2045150
20221124,09:45:19,43167.55,100,2045150
20221124,09:45:21,43171.55,25,2045150
20221124,09:45:22,43170.00,325,2045150
20221124,09:45:24,43172.55,225,2045150
20221124,09:45:26,43171.35,150,2045150
20221124,09:45:27,43173.90,625,2045150
20221124,09:45:29,43173.75,225,2045150
20221124,09:45:31,43173.55,125,2045150
20221124,09:45:32,43173.15,825,2045150
20221124,09:45:34,43168.60,50,2045150
20221124,09:45:35,43172.40,225,2045150
20221124,09:45:37,43172.25,200,2045150
20221124,09:45:39,43168.15,50,2045150
20221124,09:45:40,43164.10,150,2045150
20221124,09:45:42,43171.00,175,2045150
20221124,09:45:44,43170.00,100,2045150
20221124,09:45:45,43165.95,425,2045150
20221124,09:45:47,43169.75,375,2045150
20221124,09:45:49,43164.70,75,2045150
20221124,09:45:50,43167.15,50,2045150
20221124,09:45:52,43167.50,225,2045150
20221124,09:45:54,43160.05,250,2045150
20221124,09:45:55,43164.45,150,2045150
20221124,09:45:57,43164.30,225,2045150
20221124,09:45:58,43164.65,125,2045150
20221124,09:46:00,43167.30,425,2045150
20221124,09:46:02,43165.00,350,2045150
20221124,09:46:03,43167.00,225,2045150
20221124,09:46:05,43164.45,50,2045150
20221124,09:46:07,43165.90,100,2045150
20221124,09:46:08,43165.00,175,2045150
20221124,09:46:10,43164.50,800,2045150
20221124,09:46:11,43165.00,250,2045150
20221124,09:46:13,43165.00,200,2045150
20221124,09:46:14,43164.90,100,2045150
20221124,09:46:16,43164.20,50,2045150
20221124,09:46:18,43164.00,275,2045150
20221124,09:46:19,43163.50,25,2045150
20221124,09:46:21,43166.00,375,2045150
20221124,09:46:23,43166.55,100,2045150
20221124,09:46:24,43167.00,150,2045150
20221124,09:46:26,43167.00,325,2045150
20221124,09:46:27,43167.55,150,2045150
20221124,09:46:29,43169.00,525,2045150
20221124,09:46:31,43167.65,1275,2045150
20221124,09:46:32,43167.25,1800,2045150
20221124,09:46:34,43169.45,100,2045150
20221124,09:46:36,43167.80,150,2045150
20221124,09:46:37,43167.55,125,2045150
20221124,09:46:39,43169.95,75,2045150
20221124,09:46:41,43169.95,75,2045150
20221124,09:46:44,43167.90,100,2045150
20221124,09:46:45,43165.85,75,2045150
20221124,09:46:47,43169.85,150,2045150
20221124,09:46:49,43169.70,225,2045150
20221124,09:46:50,43170.00,125,2045150
20221124,09:46:52,43168.05,775,2045150
20221124,09:46:54,43168.45,125,2045150
20221124,09:46:55,43168.80,125,2045150
20221124,09:46:57,43167.30,75,2045150
20221124,09:46:59,43167.30,50,2045150
20221124,09:47:00,43166.35,150,2045150
20221124,09:47:02,43165.40,200,2045150
20221124,09:47:04,43170.00,25,2045150
20221124,09:47:05,43176.30,8175,2045150
20221124,09:47:07,43172.15,2275,2045150
20221124,09:47:08,43169.70,425,2045150
20221124,09:47:10,43169.90,625,2045150
20221124,09:47:12,43169.75,275,2045150
20221124,09:47:13,43169.80,525,2045150
20221124,09:47:15,43169.00,50,2045150
20221124,09:47:17,43169.00,75,2045150
20221124,09:47:18,43165.00,150,2045150
20221124,09:47:20,43161.90,175,2045150
20221124,09:47:21,43168.10,275,2045150
20221124,09:47:23,43164.35,350,2045150
20221124,09:47:25,43167.30,100,2045150
20221124,09:47:26,43164.35,1025,2045150
20221124,09:47:28,43167.55,25,2045150
20221124,09:47:30,43166.55,150,2045150
20221124,09:47:33,43165.80,475,2045150
20221124,09:47:34,43159.55,275,2045150
20221124,09:47:38,43163.95,100,2045150
20221124,09:47:40,43160.40,175,2045150
20221124,09:47:41,43163.60,50,2045150
20221124,09:47:43,43163.00,325,2045150
20221124,09:47:44,43160.85,50,2045150
20221124,09:47:46,43167.10,150,2045150
20221124,09:47:48,43168.60,100,2045150
20221124,09:47:49,43168.05,150,2077975
20221124,09:47:51,43168.75,475,2077975
20221124,09:47:53,43169.00,325,2077975
20221124,09:47:54,43169.10,150,2077975
20221124,09:47:56,43168.80,425,2077975
20221124,09:47:58,43169.95,375,2077975
20221124,09:47:59,43172.00,300,2077975
20221124,09:48:01,43174.00,500,2077975
20221124,09:48:03,43174.35,100,2077975
20221124,09:48:04,43176.00,225,2077975
20221124,09:48:06,43178.50,450,2077975
20221124,09:48:07,43180.00,100,2077975
20221124,09:48:09,43180.00,325,2077975
20221124,09:48:11,43180.80,325,2077975
20221124,09:48:12,43180.80,175,2077975
20221124,09:48:14,43180.00,350,2077975
20221124,09:48:16,43176.35,150,2077975
20221124,09:48:17,43178.60,500,2077975
20221124,09:48:19,43180.30,200,2077975
20221124,09:48:21,43181.00,250,2077975
20221124,09:48:22,43182.00,200,2077975
20221124,09:48:24,43184.50,100,2077975
20221124,09:48:26,43185.00,1325,2077975
20221124,09:48:27,43185.25,475,2077975
20221124,09:48:29,43185.30,175,2077975
20221124,09:48:31,43186.00,50,2077975
20221124,09:48:32,43181.05,450,2077975
20221124,09:48:34,43182.05,225,2077975
20221124,09:48:35,43182.05,25,2077975
20221124,09:48:37,43183.50,100,2077975
20221124,09:48:39,43183.55,100,2077975
20221124,09:48:40,43180.30,250,2077975
20221124,09:48:42,43180.30,75,2077975
20221124,09:48:44,43182.70,2000,2077975
20221124,09:48:45,43178.90,150,2077975
20221124,09:48:47,43184.10,75,2077975
20221124,09:48:48,43183.55,175,2077975
20221124,09:48:50,43178.05,25,2077975
20221124,09:48:52,43181.05,100,2077975
20221124,09:48:55,43175.65,75,2077975
20221124,09:48:56,43178.05,125,2077975
20221124,09:48:58,43177.00,150,2077975
20221124,09:49:01,43179.75,100,2077975
20221124,09:49:02,43182.30,275,2077975
20221124,09:49:04,43179.40,75,2077975
20221124,09:49:06,43179.40,175,2077975
20221124,09:49:07,43181.95,100,2077975
20221124,09:49:09,43178.45,325,2077975
20221124,09:49:10,43173.15,75,2077975
20221124,09:49:12,43180.60,125,2077975
20221124,09:49:14,43180.00,50,2077975
20221124,09:49:15,43181.00,100,2077975
20221124,09:49:17,43180.95,25,2077975
20221124,09:49:18,43177.00,25,2077975
20221124,09:49:20,43176.25,100,2077975
20221124,09:49:22,43177.65,75,2077975
20221124,09:49:23,43173.15,400,2077975
20221124,09:49:25,43177.70,25,2077975
20221124,09:49:26,43174.75,150,2077975
20221124,09:49:28,43175.20,50,2077975
20221124,09:49:30,43173.25,50,2077975
20221124,09:49:31,43172.15,50,2077975
20221124,09:49:33,43172.00,75,2077975
20221124,09:49:34,43175.35,600,2077975
20221124,09:49:36,43170.00,200,2077975
20221124,09:49:38,43167.95,75,2077975
20221124,09:49:42,43170.00,25,2077975
20221124,09:49:44,43167.95,125,2077975
20221124,09:49:47,43163.45,75,2077975
20221124,09:49:49,43163.00,100,2077975
20221124,09:49:52,43163.00,25,2077975
20221124,09:49:54,43161.75,100,2077975
20221124,09:49:56,43162.70,75,2077975
20221124,09:49:57,43159.50,375,2077975
20221124,09:49:59,43155.45,125,2077975
20221124,09:50:00,43155.80,25,2077975
20221124,09:50:02,43159.40,875,2077975
20221124,09:50:04,43159.00,750,2077975
20221124,09:50:05,43157.65,525,2077975
20221124,09:50:07,43163.05,250,2077975
20221124,09:50:09,43164.00,150,2077975
20221124,09:50:10,43163.30,175,2077975
20221124,09:50:12,43160.20,150,2077975
20221124,09:50:13,43157.95,175,2077975
20221124,09:50:15,43162.45,175,2077975
20221124,09:50:17,43162.60,150,2077975
20221124,09:50:18,43157.95,275,2077975
20221124,09:50:20,43157.35,50,2077975
20221124,09:50:22,43160.20,25,2077975
20221124,09:50:23,43160.00,75,2077975
20221124,09:50:25,43160.00,25,2077975
20221124,09:50:26,43155.00,100,2077975
20221124,09:50:28,43151.00,725,2077975
20221124,09:50:30,43153.80,100,2077975
20221124,09:50:31,43155.00,125,2077975
20221124,09:50:33,43150.30,25,2077975
20221124,09:50:35,43150.00,100,2077975
20221124,09:50:36,43154.10,425,2077975
20221124,09:50:38,43150.00,75,2077975
20221124,09:50:39,43152.35,675,2077975
20221124,09:50:41,43155.00,375,2077975
20221124,09:50:43,43151.90,175,2077975
20221124,09:50:44,43152.40,525,2077975
20221124,09:50:46,43154.70,25,2077975
20221124,09:50:48,43155.20,50,2077975
20221124,09:50:49,43155.20,525,2077975
20221124,09:50:51,43153.95,200,2089675
20221124,09:50:52,43159.10,100,2089675
20221124,09:50:54,43160.00,500,2089675
20221124,09:50:56,43160.00,350,2089675
20221124,09:50:57,43153.15,800,2089675
20221124,09:50:59,43159.95,50,2089675
20221124,09:51:01,43161.65,100,2089675
20221124,09:51:02,43162.00,75,2089675
20221124,09:51:04,43161.60,325,2089675
20221124,09:51:06,43160.20,75,2089675
20221124,09:51:07,43157.80,375,2089675
20221124,09:51:09,43158.65,50,2089675
20221124,09:51:11,43158.90,150,2089675
20221124,09:51:12,43162.15,325,2089675
20221124,09:51:14,43156.15,125,2089675
20221124,09:51:15,43155.90,200,2089675
20221124,09:51:17,43155.20,75,2089675
20221124,09:51:20,43159.00,275,2089675
20221124,09:51:22,43154.10,25,2089675
20221124,09:51:24,43155.20,75,2089675
20221124,09:51:25,43154.10,25,2089675
20221124,09:51:27,43155.00,100,2089675
20221124,09:51:29,43151.70,25,2089675
20221124,09:51:32,43154.40,25,2089675
20221124,09:51:33,43155.20,150,2089675
20221124,09:51:35,43156.45,50,2089675
20221124,09:51:37,43160.00,75,2089675
20221124,09:51:38,43155.30,50,2089675
20221124,09:51:40,43161.00,100,2089675
20221124,09:51:42,43160.00,75,2089675
20221124,09:51:43,43158.10,125,2089675
20221124,09:51:45,43160.20,150,2089675
20221124,09:51:47,43160.20,75,2089675
20221124,09:51:48,43157.95,150,2089675
20221124,09:51:50,43155.20,200,2089675
20221124,09:51:51,43160.15,225,2089675
20221124,09:51:53,43159.95,25,2089675
20221124,09:51:55,43161.05,75,2089675
20221124,09:51:56,43155.50,75,2089675
20221124,09:51:58,43160.15,100,2089675
20221124,09:51:59,43155.05,125,2089675
20221124,09:52:01,43159.00,75,2089675
20221124,09:52:03,43154.85,100,2089675
20221124,09:52:04,43159.00,25,2089675
20221124,09:52:06,43160.00,900,2089675
20221124,09:52:08,43160.25,125,2089675
20221124,09:52:09,43164.00,300,2089675
20221124,09:52:12,43157.90,25,2089675
20221124,09:52:14,43158.90,150,2089675
20221124,09:52:19,43160.20,75,2089675
20221124,09:52:20,43156.10,225,2089675
20221124,09:52:22,43155.20,25,2089675
20221124,09:52:24,43156.10,350,2089675
20221124,09:52:28,43155.20,75,2089675
20221124,09:52:30,43160.85,500,2089675
20221124,09:52:32,43155.30,75,2089675
20221124,09:52:35,43155.20,25,2089675
20221124,09:52:39,43155.20,50,2089675
20221124,09:52:42,43155.20,25,2089675
20221124,09:52:44,43155.20,25,2089675
20221124,09:52:49,43155.00,25,2089675
20221124,09:52:50,43157.95,225,2089675
20221124,09:52:52,43152.45,50,2089675
20221124,09:52:53,43155.00,100,2089675
20221124,09:52:55,43155.00,50,2089675
20221124,09:52:57,43159.90,100,2089675
20221124,09:53:01,43159.15,1425,2089675
20221124,09:53:03,43153.00,25,2089675
20221124,09:53:04,43158.10,125,2089675
20221124,09:53:06,43154.95,75,2089675
20221124,09:53:08,43157.00,175,2089675
20221124,09:53:09,43158.25,200,2089675
20221124,09:53:11,43164.20,175,2089675
20221124,09:53:13,43161.20,975,2089675
20221124,09:53:14,43164.75,25,2089675
20221124,09:53:16,43160.20,750,2089675
20221124,09:53:17,43160.00,650,2089675
20221124,09:53:19,43158.65,300,2089675
20221124,09:53:21,43156.50,100,2089675
20221124,09:53:22,43162.00,300,2089675
20221124,09:53:24,43160.00,50,2089675
20221124,09:53:26,43163.00,50,2089675
20221124,09:53:27,43156.85,525,2089675
20221124,09:53:29,43159.00,25,2089675
20221124,09:53:30,43164.15,50,2089675
20221124,09:53:32,43163.00,950,2089675
20221124,09:53:34,43166.00,125,2089675
20221124,09:53:35,43163.75,25,2089675
20221124,09:53:37,43163.75,200,2089675
20221124,09:53:39,43163.80,225,2089675
20221124,09:53:40,43169.45,50,2089675
20221124,09:53:42,43165.60,350,2089675
20221124,09:53:45,43166.60,100,2089675
20221124,09:53:47,43169.70,1175,2089675
20221124,09:53:48,43168.15,250,2089675
20221124,09:53:50,43169.70,25,2098975
20221124,09:53:52,43163.00,150,2098975
20221124,09:53:53,43163.00,100,2098975
20221124,09:53:55,43163.30,175,2098975
20221124,09:53:57,43169.90,850,2098975
20221124,09:53:58,43168.90,100,2098975
20221124,09:54:00,43168.90,25,2098975
20221124,09:54:02,43159.40,550,2098975
20221124,09:54:03,43163.80,25,2098975
20221124,09:54:05,43165.00,125,2098975
20221124,09:54:11,43164.00,25,2098975
20221124,09:54:13,43159.65,150,2098975
20221124,09:54:15,43164.00,175,2098975
20221124,09:54:16,43164.80,75,2098975
20221124,09:54:18,43164.80,550,2098975
20221124,09:54:19,43158.25,225,2098975
20221124,09:54:21,43160.05,25,2098975
20221124,09:54:23,43159.85,500,2098975
20221124,09:54:24,43163.00,150,2098975
20221124,09:54:27,43156.65,750,2098975
20221124,09:54:30,43159.15,325,2098975
20221124,09:54:32,43159.15,250,2098975
20221124,09:54:34,43164.55,250,2098975
20221124,09:54:35,43161.05,25,2098975
20221124,09:54:39,43158.65,350,2098975
20221124,09:54:42,43165.00,175,2098975
20221124,09:54:43,43168.65,50,2098975
20221124,09:54:45,43168.85,600,2098975
20221124,09:54:46,43160.55,525,2098975
20221124,09:54:48,43170.00,50,2098975
20221124,09:54:51,43170.45,925,2098975
20221124,09:54:54,43165.15,75,2098975
20221124,09:54:56,43170.80,325,2098975
20221124,09:54:58,43170.85,50,2098975
20221124,09:54:59,43170.50,150,2098975
20221124,09:55:01,43170.00,250,2098975
20221124,09:55:02,43170.90,25,2098975
20221124,09:55:04,43171.30,200,2098975
20221124,09:55:05,43170.00,50,2098975
20221124,09:55:07,43170.00,50,2098975
20221124,09:55:08,43170.05,25,2098975
20221124,09:55:10,43170.05,25,2098975
20221124,09:55:11,43171.70,75,2098975
20221124,09:55:13,43171.70,75,2098975
20221124,09:55:14,43171.70,100,2098975
20221124,09:55:16,43170.05,75,2098975
20221124,09:55:17,43170.00,150,2098975
20221124,09:55:19,43170.00,100,2098975
20221124,09:55:20,43170.00,50,2098975
20221124,09:55:22,43170.00,50,2098975
20221124,09:55:24,43171.45,275,2098975
20221124,09:55:25,43168.10,25,2098975
20221124,09:55:28,43163.45,1725,2098975
20221124,09:55:30,43165.90,175,2098975
20221124,09:55:31,43168.45,50,2098975
20221124,09:55:33,43170.90,125,2098975
20221124,09:55:34,43171.55,250,2098975
20221124,09:55:36,43170.95,200,2098975
20221124,09:55:38,43167.10,50,2098975
20221124,09:55:39,43166.45,125,2098975
20221124,09:55:41,43166.15,25,2098975
20221124,09:55:42,43167.95,75,2098975
20221124,09:55:44,43167.95,150,2098975
20221124,09:55:46,43168.00,50,2098975
20221124,09:55:47,43171.15,325,2098975
20221124,09:55:50,43170.00,550,2098975
20221124,09:55:54,43170.00,25,2098975
20221124,09:55:55,43165.90,275,2098975
20221124,09:55:57,43165.95,125,2098975
20221124,09:56:00,43170.35,25,2098975
20221124,09:56:01,43171.85,200,2098975
20221124,09:56:03,43172.30,125,2098975
20221124,09:56:05,43173.60,575,2098975
20221124,09:56:06,43172.95,100,2098975
20221124,09:56:08,43174.45,175,2098975
20221124,09:56:09,43174.80,250,2098975
20221124,09:56:13,43173.90,175,2098975
20221124,09:56:14,43173.50,375,2098975
20221124,09:56:16,43173.95,275,2098975
20221124,09:56:18,43173.50,150,2098975
20221124,09:56:21,43172.00,250,2098975
20221124,09:56:27,43171.50,75,2098975
20221124,09:56:30,43169.80,100,2098975
20221124,09:56:31,43169.80,25,2098975
20221124,09:56:36,43170.10,125,2098975
20221124,09:56:38,43171.30,100,2098975
20221124,09:56:39,43171.95,125,2098975
20221124,09:56:41,43172.00,100,2098975
20221124,09:56:42,43173.10,325,2098975
20221124,09:56:44,43172.15,75,2098975
20221124,09:56:45,43173.85,75,2098975
20221124,09:56:47,43173.50,275,2098975
20221124,09:56:49,43173.60,175,2098975
20221124,09:56:50,43172.80,150,2105475
20221124,09:56:52,43170.00,225,2105475
20221124,09:56:53,43173.00,50,2105475
20221124,09:56:55,43173.00,50,2105475
20221124,09:56:57,43173.00,25,2105475
20221124,09:56:58,43173.75,50,2105475
20221124,09:57:00,43173.75,25,2105475
20221124,09:57:02,43173.80,150,2105475
20221124,09:57:03,43174.15,150,2105475
20221124,09:57:05,43174.45,275,2105475
20221124,09:57:06,43174.65,175,2105475
20221124,09:57:08,43173.75,25,2105475
20221124,09:57:10,43173.30,50,2105475
20221124,09:57:11,43172.60,100,2105475
20221124,09:57:13,43173.10,125,2105475
20221124,09:57:14,43172.80,475,2105475
20221124,09:57:16,43172.95,75,2105475
20221124,09:57:17,43170.15,50,2105475
20221124,09:57:19,43170.00,50,2105475
20221124,09:57:21,43170.15,100,2105475
20221124,09:57:22,43172.90,50,2105475
20221124,09:57:24,43171.30,100,2105475
20221124,09:57:25,43170.65,25,2105475
20221124,09:57:27,43169.25,150,2105475
20221124,09:57:29,43166.65,275,2105475
20221124,09:57:30,43168.00,75,2105475
20221124,09:57:32,43169.30,300,2105475
20221124,09:57:33,43169.90,25,2105475
20221124,09:57:35,43165.25,75,2105475
20221124,09:57:37,43169.65,50,2105475
20221124,09:57:40,43165.10,50,2105475
20221124,09:57:41,43167.00,25,2105475
20221124,09:57:43,43164.80,100,2105475
20221124,09:57:45,43168.60,75,2105475
20221124,09:57:46,43169.80,400,2105475
20221124,09:57:48,43169.55,100,2105475
20221124,09:57:49,43169.55,50,2105475
20221124,09:57:51,43169.80,275,2105475
20221124,09:57:53,43170.00,100,2105475
20221124,09:57:54,43165.00,75,2105475
20221124,09:57:56,43165.00,125,2105475
20221124,09:57:58,43169.60,50,2105475
20221124,09:57:59,43170.00,100,2105475
20221124,09:58:01,43165.10,1050,2105475
20221124,09:58:02,43169.80,75,2105475
20221124,09:58:04,43165.05,125,2105475
20221124,09:58:06,43170.15,125,2105475
20221124,09:58:07,43170.25,125,2105475
20221124,09:58:09,43169.95,200,2105475
20221124,09:58:10,43165.55,375,2105475
20221124,09:58:12,43167.85,400,2105475
20221124,09:58:14,43165.55,500,2105475
20221124,09:58:15,43165.55,125,2105475
20221124,09:58:17,43165.10,25,2105475
20221124,09:58:19,43165.10,125,2105475
20221124,09:58:20,43161.80,75,2105475
20221124,09:58:22,43164.80,225,2105475
20221124,09:58:23,43162.20,200,2105475
20221124,09:58:25,43164.80,425,2105475
20221124,09:58:27,43165.55,225,2105475
20221124,09:58:28,43166.25,325,2105475
20221124,09:58:30,43160.15,25,2105475
20221124,09:58:31,43160.30,200,2105475
20221124,09:58:33,43166.80,25,2105475
20221124,09:58:35,43162.30,25,2105475
20221124,09:58:36,43161.50,200,2105475
20221124,09:58:41,43161.50,25,2105475
20221124,09:58:43,43163.55,275,2105475
20221124,09:58:45,43156.00,50,2105475
20221124,09:58:46,43164.25,75,2105475
20221124,09:58:48,43165.95,50,2105475
20221124,09:58:50,43160.00,100,2105475
20221124,09:58:51,43160.00,150,2105475
20221124,09:58:53,43163.00,75,2105475
20221124,09:58:55,43160.00,125,2105475
20221124,09:58:58,43156.90,75,2105475
20221124,09:59:00,43162.90,25,2105475
20221124,09:59:01,43164.30,125,2105475
20221124,09:59:03,43160.00,400,2105475
20221124,09:59:05,43164.00,50,2105475
20221124,09:59:06,43157.75,25,2105475
20221124,09:59:08,43157.60,100,2105475
20221124,09:59:10,43158.50,75,2105475
20221124,09:59:11,43163.75,25,2105475
20221124,09:59:16,43164.95,175,2105475
20221124,09:59:18,43163.70,175,2105475
20221124,09:59:20,43163.20,75,2105475
20221124,09:59:21,43159.05,75,2105475
20221124,09:59:23,43162.00,25,2105475
20221124,09:59:25,43162.00,100,2105475
20221124,09:59:26,43156.00,75,2105475
20221124,09:59:28,43162.10,25,2105475
20221124,09:59:29,43163.15,50,2105475
20221124,09:59:31,43162.15,75,2105475
20221124,09:59:33,43161.75,25,2105475
20221124,09:59:34,43162.00,25,2105475
20221124,09:59:36,43163.20,175,2105475
20221124,09:59:38,43164.30,175,2105475
20221124,09:59:39,43163.05,25,2105475
20221124,09:59:41,43156.00,275,2105475
20221124,09:59:43,43162.75,75,2105475
20221124,09:59:44,43161.90,25,2105475
20221124,09:59:46,43156.10,50,2105475
20221124,09:59:49,43160.35,75,2105475
20221124,09:59:51,43156.35,50,2111150
20221124,09:59:53,43156.00,25,2111150
20221124,09:59:54,43159.50,50,2111150
20221124,09:59:56,43156.00,50,2111150
20221124,09:59:58,43159.85,50,2111150
20221124,09:59:59,43160.05,150,2111150
20221124,10:00:01,43156.35,75,2111150
20221124,10:00:03,43160.00,100,2111150
20221124,10:00:04,43162.00,350,2111150
20221124,10:00:06,43160.75,100,2111150
20221124,10:00:08,43160.30,50,2111150
20221124,10:00:09,43160.00,25,2111150
20221124,10:00:11,43156.40,325,2111150
20221124,10:00:12,43161.25,425,2111150
20221124,10:00:14,43160.75,75,2111150
20221124,10:00:16,43160.15,25,2111150
20221124,10:00:17,43160.95,125,2111150
20221124,10:00:19,43156.35,200,2111150
20221124,10:00:21,43161.10,275,2111150
20221124,10:00:22,43160.00,125,2111150
20221124,10:00:24,43160.00,175,2111150
20221124,10:00:25,43155.00,100,2111150
20221124,10:00:27,43159.55,175,2111150
20221124,10:00:29,43155.20,100,2111150
20221124,10:00:30,43159.55,100,2111150
20221124,10:00:32,43160.00,50,2111150
20221124,10:00:34,43162.70,150,2111150
20221124,10:00:35,43163.80,125,2111150
20221124,10:00:37,43157.90,50,2111150
20221124,10:00:38,43163.20,200,2111150
20221124,10:00:40,43159.35,50,2111150
20221124,10:00:43,43163.80,200,2111150
20221124,10:00:45,43165.00,600,2111150
20221124,10:00:48,43163.05,75,2111150
20221124,10:00:50,43162.65,25,2111150
20221124,10:00:52,43163.00,25,2111150
20221124,10:00:53,43158.10,25,2111150
20221124,10:00:55,43164.95,375,2111150
20221124,10:00:57,43164.20,175,2111150
20221124,10:00:58,43164.00,175,2111150
20221124,10:01:00,43164.95,125,2111150
20221124,10:01:02,43165.00,200,2111150
20221124,10:01:03,43163.05,425,2111150
20221124,10:01:05,43165.00,150,2111150
20221124,10:01:07,43164.05,75,2111150
20221124,10:01:08,43168.00,50,2111150
20221124,10:01:10,43167.70,325,2111150
20221124,10:01:11,43168.00,350,2111150
20221124,10:01:13,43168.00,150,2111150
20221124,10:01:15,43167.95,100,2111150
20221124,10:01:16,43167.25,150,2111150
20221124,10:01:18,43167.25,200,2111150
20221124,10:01:20,43167.90,150,2111150
20221124,10:01:21,43167.45,300,2111150
20221124,10:01:23,43167.25,100,2111150
20221124,10:01:25,43166.85,200,2111150
20221124,10:01:26,43166.85,100,2111150
20221124,10:01:28,43165.00,50,2111150
20221124,10:01:30,43165.20,25,2111150
20221124,10:01:31,43165.40,200,2111150
20221124,10:01:36,43165.40,225,2111150
20221124,10:01:38,43159.00,250,2111150
20221124,10:01:39,43164.75,75,2111150
20221124,10:01:41,43158.85,50,2111150
20221124,10:01:42,43165.40,225,2111150
20221124,10:01:44,43166.00,175,2111150
20221124,10:01:46,43165.00,25,2111150
20221124,10:01:49,43161.20,75,2111150
20221124,10:01:50,43167.10,325,2111150
20221124,10:01:52,43167.20,125,2111150
20221124,10:01:54,43168.00,75,2111150
20221124,10:01:55,43169.00,225,2111150
20221124,10:01:57,43171.30,725,2111150
20221124,10:01:58,43164.20,825,2111150
20221124,10:02:00,43167.20,150,2111150
20221124,10:02:02,43164.80,75,2111150
20221124,10:02:03,43168.10,600,2111150
20221124,10:02:05,43169.65,50,2111150
20221124,10:02:06,43168.70,100,2111150
20221124,10:02:08,43169.25,50,2111150
20221124,10:02:10,43169.50,25,2111150
20221124,10:02:13,43168.00,25,2111150
20221124,10:02:16,43169.10,50,2111150
20221124,10:02:17,43169.15,25,2111150
20221124,10:02:19,43162.65,50,2111150
20221124,10:02:21,43166.25,75,2111150
20221124,10:02:22,43168.35,25,2111150
20221124,10:02:24,43169.35,175,2111150
20221124,10:02:26,43161.70,25,2111150
20221124,10:02:27,43166.15,100,2111150
20221124,10:02:29,43167.20,200,2111150
20221124,10:02:30,43166.55,50,2111150
20221124,10:02:32,43162.75,150,2111150
20221124,10:02:34,43162.75,300,2111150
20221124,10:02:35,43163.75,100,2111150
20221124,10:02:37,43159.90,200,2111150
20221124,10:02:39,43159.90,75,2111150
20221124,10:02:40,43162.00,125,2111150
20221124,10:02:42,43165.10,50,2111150
20221124,10:02:43,43164.10,125,2111150
20221124,10:02:45,43156.95,50,2111150
20221124,10:02:50,43164.95,25,2111150
20221124,10:02:51,43157.90,25,2121125
20221124,10:02:54,43158.15,50,2121125
20221124,10:02:56,43164.40,25,2121125
20221124,10:02:58,43163.90,75,2121125
20221124,10:02:59,43163.35,475,2121125
20221124,10:03:01,43163.40,50,2121125
20221124,10:03:02,43162.90,125,2121125
20221124,10:03:04,43161.65,300,2121125
20221124,10:03:06,43157.85,225,2121125
20221124,10:03:10,43163.35,275,2121125
20221124,10:03:12,43160.85,225,2121125
20221124,10:03:14,43161.35,225,2121125
20221124,10:03:15,43161.00,150,2121125
20221124,10:03:17,43162.90,250,2121125
20221124,10:03:18,43157.00,125,2121125
20221124,10:03:20,43156.00,350,2121125
20221124,10:03:21,43157.00,400,2121125
20221124,10:03:23,43164.20,400,2121125
20221124,10:03:25,43164.55,100,2121125
20221124,10:03:26,43157.80,25,2121125
20221124,10:03:28,43156.45,150,2121125
20221124,10:03:29,43157.10,275,2121125
20221124,10:03:31,43162.05,250,2121125
20221124,10:03:33,43157.80,25,2121125
20221124,10:03:34,43156.80,225,2121125
20221124,10:03:36,43164.35,200,2121125
20221124,10:03:37,43164.35,100,2121125
20221124,10:03:39,43164.60,350,2121125
20221124,10:03:41,43158.05,425,2121125
20221124,10:03:42,43156.55,75,2121125
20221124,10:03:45,43163.25,175,2121125
20221124,10:03:47,43162.65,250,2121125
20221124,10:03:48,43160.00,25,2121125
20221124,10:03:50,43162.60,25,2121125
20221124,10:03:51,43164.05,100,2121125
20221124,10:03:53,43164.30,125,2121125
20221124,10:03:54,43164.30,100,2121125
20221124,10:03:56,43160.00,100,2121125
20221124,10:03:58,43164.00,125,2121125
20221124,10:03:59,43163.00,175,2121125
20221124,10:04:01,43165.00,125,2121125
20221124,10:04:02,43160.00,125,2121125
20221124,10:04:04,43164.50,175,2121125
20221124,10:04:05,43164.35,175,2121125
20221124,10:04:07,43163.00,25,2121125
20221124,10:04:08,43163.00,25,2121125
20221124,10:04:10,43163.00,225,2121125
20221124,10:04:11,43164.55,200,2121125
20221124,10:04:13,43164.00,75,2121125
20221124,10:04:14,43165.00,225,2121125
20221124,10:04:16,43165.25,325,2121125
20221124,10:04:17,43165.05,50,2121125
20221124,10:04:22,43165.05,300,2121125
20221124,10:04:24,43160.05,75,2121125
20221124,10:04:25,43160.00,50,2121125
20221124,10:04:27,43164.00,25,2121125
20221124,10:04:28,43165.60,300,2121125
20221124,10:04:30,43165.80,125,2121125
20221124,10:04:31,43165.70,200,2121125
20221124,10:04:33,43165.45,200,2121125
20221124,10:04:34,43165.10,125,2121125
20221124,10:04:36,43164.15,125,2121125
20221124,10:04:37,43162.50,125,2121125
20221124,10:04:39,43163.15,150,2121125
20221124,10:04:40,43163.15,150,2121125
20221124,10:04:42,43163.95,75,2121125
20221124,10:04:44,43163.15,50,2121125
20221124,10:04:45,43164.00,575,2121125
20221124,10:04:47,43164.00,525,2121125
20221124,10:04:48,43162.95,75,2121125
20221124,10:04:50,43161.65,375,2121125
20221124,10:04:51,43160.60,275,2121125
20221124,10:04:53,43160.80,800,2121125
20221124,10:04:55,43161.25,600,2121125
20221124,10:04:56,43161.70,75,2121125
20221124,10:04:58,43162.05,300,2121125
20221124,10:04:59,43161.75,25,2121125
20221124,10:05:01,43156.65,325,2121125
20221124,10:05:02,43160.30,25,2121125
20221124,10:05:04,43160.80,150,2121125
20221124,10:05:06,43161.25,50,2121125
20221124,10:05:07,43162.85,200,2121125
20221124,10:05:09,43164.00,125,2121125
20221124,10:05:10,43164.00,225,2121125
20221124,10:05:12,43157.70,50,2121125
20221124,10:05:14,43160.00,125,2121125
20221124,10:05:15,43160.80,25,2121125
20221124,10:05:17,43163.20,150,2121125
20221124,10:05:19,43159.85,125,2121125
20221124,10:05:20,43157.25,25,2121125
20221124,10:05:22,43161.80,75,2121125
20221124,10:05:23,43155.25,575,2121125
20221124,10:05:25,43162.25,125,2121125
20221124,10:05:26,43158.55,325,2121125
20221124,10:05:29,43160.70,125,2121125
20221124,10:05:31,43160.70,275,2121125
20221124,10:05:32,43158.00,475,2121125
20221124,10:05:34,43159.35,200,2121125
20221124,10:05:36,43159.15,525,2121125
20221124,10:05:37,43157.20,75,2121125
20221124,10:05:39,43157.20,1050,2121125
20221124,10:05:40,43158.75,425,2121125
20221124,10:05:42,43158.65,75,2121125
20221124,10:05:43,43158.65,475,2121125
20221124,10:05:45,43157.95,175,2121125
20221124,10:05:47,43157.95,500,2121125
20221124,10:05:48,43158.65,125,2121125
20221124,10:05:50,43156.30,100,2121125
20221124,10:05:51,43158.15,550,2121125
20221124,10:05:53,43158.15,275,2133400
20221124,10:05:55,43156.15,150,2133400
20221124,10:05:56,43156.30,300,2133400
20221124,10:05:58,43150.00,125,2133400
20221124,10:05:59,43153.00,200,2133400
20221124,10:06:01,43155.65,50,2133400
20221124,10:06:03,43151.05,75,2133400
20221124,10:06:04,43155.75,225,2133400
20221124,10:06:06,43153.45,400,2133400
20221124,10:06:07,43153.45,125,2133400
20221124,10:06:09,43153.45,50,2133400
20221124,10:06:10,43156.75,200,2133400
20221124,10:06:12,43156.90,25,2133400
20221124,10:06:13,43156.60,75,2133400
20221124,10:06:15,43156.65,175,2133400
20221124,10:06:16,43155.00,25,2133400
20221124,10:06:18,43156.75,500,2133400
20221124,10:06:20,43158.55,225,2133400
20221124,10:06:21,43155.00,850,2133400
20221124,10:06:23,43157.35,250,2133400
20221124,10:06:24,43157.15,150,2133400
20221124,10:06:26,43156.00,275,2133400
20221124,10:06:27,43153.10,150,2133400
20221124,10:06:29,43157.00,400,2133400
20221124,10:06:31,43154.20,250,2133400
20221124,10:06:32,43153.65,125,2133400
20221124,10:06:34,43154.05,75,2133400
20221124,10:06:35,43156.25,275,2133400
20221124,10:06:37,43156.10,150,2133400
20221124,10:06:39,43157.70,300,2133400
20221124,10:06:40,43156.20,300,2133400
20221124,10:06:42,43156.20,250,2133400
20221124,10:06:43,43158.45,100,2133400
20221124,10:06:45,43158.00,450,2133400
20221124,10:06:47,43158.60,225,2133400
20221124,10:06:48,43159.85,125,2133400
20221124,10:06:50,43156.05,175,2133400
20221124,10:06:52,43158.00,150,2133400
20221124,10:06:53,43158.00,125,2133400
20221124,10:06:55,43158.00,150,2133400
20221124,10:06:56,43158.00,25,2133400
20221124,10:06:58,43159.20,525,2133400
20221124,10:07:00,43158.95,150,2133400
20221124,10:07:01,43155.05,100,2133400
20221124,10:07:03,43158.85,400,2133400
20221124,10:07:05,43157.00,175,2133400
20221124,10:07:06,43158.05,275,2133400
20221124,10:07:08,43157.15,100,2133400
20221124,10:07:09,43158.20,200,2133400
20221124,10:07:11,43156.35,200,2133400
20221124,10:07:14,43156.85,50,2133400
20221124,10:07:16,43153.80,300,2133400
20221124,10:07:19,43156.45,150,2133400
20221124,10:07:21,43151.00,150,2133400
20221124,10:07:22,43150.00,450,2133400
20221124,10:07:24,43149.70,25,2133400
20221124,10:07:26,43153.80,125,2133400
20221124,10:07:27,43156.35,50,2133400
20221124,10:07:29,43156.35,575,2133400
20221124,10:07:31,43157.15,575,2133400
20221124,10:07:34,43157.15,250,2133400
20221124,10:07:36,43157.15,100,2133400
20221124,10:07:37,43155.15,125,2133400
20221124,10:07:39,43158.80,100,2133400
20221124,10:07:40,43159.40,525,2133400
20221124,10:07:42,43158.80,50,2133400
20221124,10:07:44,43155.00,150,2133400
20221124,10:07:47,43158.95,225,2133400
20221124,10:07:49,43153.95,25,2133400
20221124,10:07:50,43153.35,25,2133400
20221124,10:07:52,43159.40,225,2133400
20221124,10:07:54,43155.55,175,2133400
20221124,10:07:55,43160.00,325,2133400
20221124,10:07:57,43162.00,75,2133400
20221124,10:07:59,43161.10,150,2133400
20221124,10:08:00,43161.10,50,2133400
20221124,10:08:02,43160.00,150,2133400
20221124,10:08:03,43157.95,50,2133400
20221124,10:08:05,43158.60,175,2133400
20221124,10:08:07,43159.40,50,2133400
20221124,10:08:08,43165.00,25,2133400
20221124,10:08:12,43159.40,25,2133400
20221124,10:08:13,43163.60,25,2133400
20221124,10:08:15,43158.80,75,2133400
20221124,10:08:17,43158.75,75,2133400
20221124,10:08:18,43156.70,50,2133400
20221124,10:08:20,43162.00,275,2133400
20221124,10:08:22,43165.00,25,2133400
20221124,10:08:23,43165.00,25,2133400
20221124,10:08:25,43159.70,50,2133400
20221124,10:08:26,43164.65,75,2133400
20221124,10:08:28,43165.00,75,2133400
20221124,10:08:30,43158.55,25,2133400
20221124,10:08:31,43158.00,125,2133400
20221124,10:08:33,43156.40,25,2133400
20221124,10:08:34,43163.30,150,2133400
20221124,10:08:36,43163.80,25,2133400
20221124,10:08:37,43156.60,200,2133400
20221124,10:08:39,43156.60,25,2133400
20221124,10:08:40,43160.00,125,2133400
20221124,10:08:42,43159.90,125,2133400
20221124,10:08:43,43158.90,25,2133400
20221124,10:08:47,43159.85,25,2133400
20221124,10:08:48,43164.00,250,2133400
20221124,10:08:50,43164.00,25,2133400
20221124,10:08:51,43160.50,25,2133400
20221124,10:08:53,43164.00,250,2133400
20221124,10:08:54,43165.95,100,2142900
20221124,10:08:56,43165.95,450,2142900
20221124,10:08:58,43166.00,950,2142900
20221124,10:08:59,43161.25,125,2142900
20221124,10:09:02,43164.00,25,2142900
20221124,10:09:06,43166.70,75,2142900
20221124,10:09:09,43161.05,100,2142900
20221124,10:09:14,43164.00,50,2142900
20221124,10:09:17,43161.05,50,2142900
20221124,10:09:18,43166.70,25,2142900
20221124,10:09:20,43161.00,25,2142900
20221124,10:09:23,43166.70,25,2142900
20221124,10:09:25,43166.70,50,2142900
20221124,10:09:26,43165.70,350,2142900
20221124,10:09:28,43167.40,50,2142900
20221124,10:09:29,43168.50,475,2142900
20221124,10:09:31,43174.95,950,2142900
20221124,10:09:33,43177.00,775,2142900
20221124,10:09:34,43173.80,200,2142900
20221124,10:09:36,43174.00,375,2142900
20221124,10:09:37,43173.75,50,2142900
20221124,10:09:39,43171.90,275,2142900
20221124,10:09:41,43170.45,100,2142900
20221124,10:09:42,43171.55,75,2142900
20221124,10:09:44,43179.15,275,2142900
20221124,10:09:46,43179.20,50,2142900
20221124,10:09:49,43179.35,100,2142900
20221124,10:09:51,43174.45,625,2142900
20221124,10:09:52,43174.70,150,2142900
20221124,10:09:54,43179.30,150,2142900
20221124,10:09:56,43174.55,500,2142900
20221124,10:09:59,43179.00,75,2142900
20221124,10:10:00,43179.00,150,2142900
20221124,10:10:02,43178.40,1075,2142900
20221124,10:10:04,43180.00,250,2142900
20221124,10:10:05,43180.00,100,2142900
20221124,10:10:07,43180.00,75,2142900
20221124,10:10:08,43177.10,50,2142900
20221124,10:10:10,43180.50,700,2142900
20221124,10:10:15,43179.35,50,2142900
20221124,10:10:16,43175.00,100,2142900
20221124,10:10:20,43174.05,75,2142900
20221124,10:10:21,43179.95,25,2142900
20221124,10:10:24,43177.85,50,2142900
20221124,10:10:26,43180.00,50,2142900
20221124,10:10:28,43181.40,250,2142900
20221124,10:10:29,43177.85,50,2142900
20221124,10:10:33,43179.45,25,2142900
20221124,10:10:37,43183.50,525,2142900
20221124,10:10:40,43177.70,225,2142900
20221124,10:10:44,43178.65,50,2142900
20221124,10:10:45,43178.65,25,2142900
20221124,10:10:47,43177.00,75,2142900
20221124,10:10:48,43181.90,150,2142900
20221124,10:10:50,43177.00,25,2142900
20221124,10:10:52,43182.05,125,2142900
20221124,10:10:56,43172.80,250,2142900
20221124,10:10:58,43172.25,25,2142900
20221124,10:10:59,43177.00,25,2142900
20221124,10:11:01,43172.10,75,2142900
20221124,10:11:03,43177.00,225,2142900
20221124,10:11:04,43172.40,75,2142900
20221124,10:11:07,43171.95,25,2142900
20221124,10:11:09,43178.95,25,2142900
20221124,10:11:11,43178.65,25,2142900
20221124,10:11:12,43178.35,25,2142900
20221124,10:11:15,43170.80,575,2142900
20221124,10:11:17,43170.85,225,2142900
20221124,10:11:19,43172.50,50,2142900
20221124,10:11:20,43172.50,25,2142900
20221124,10:11:22,43172.75,50,2142900
20221124,10:11:24,43173.80,25,2142900
20221124,10:11:25,43175.00,175,2142900
20221124,10:11:29,43178.90,50,2142900
20221124,10:11:30,43178.65,50,2142900
20221124,10:11:33,43171.00,75,2142900
20221124,10:11:37,43171.85,50,2142900
20221124,10:11:40,43170.80,25,2142900
20221124,10:11:43,43170.25,50,2142900
20221124,10:11:45,43174.50,25,2142900
20221124,10:11:46,43170.40,175,2142900
20221124,10:11:48,43177.40,150,2142900
20221124,10:11:49,43173.00,25,2142900
20221124,10:11:51,43174.50,50,2142900
20221124,10:11:52,43170.75,25,2142900
20221124,10:11:54,43177.00,50,2152175
20221124,10:11:55,43177.65,25,2152175
20221124,10:11:57,43170.90,25,2152175
20221124,10:12:00,43177.50,75,2152175
20221124,10:12:01,43177.00,50,2152175
20221124,10:12:03,43171.30,50,2152175
20221124,10:12:04,43177.65,50,2152175
20221124,10:12:07,43176.65,75,2152175
20221124,10:12:09,43177.15,25,2152175
20221124,10:12:10,43170.85,25,2152175
20221124,10:12:12,43175.80,25,2152175
20221124,10:12:13,43170.80,75,2152175
20221124,10:12:15,43170.80,75,2152175
20221124,10:12:16,43175.15,150,2152175
20221124,10:12:18,43171.00,50,2152175
20221124,10:12:19,43174.85,275,2152175
20221124,10:12:21,43174.50,325,2152175
20221124,10:12:26,43173.70,125,2152175
20221124,10:12:29,43167.80,150,2152175
20221124,10:12:30,43175.05,525,2152175
20221124,10:12:31,43167.80,50,2152175
20221124,10:12:33,43173.95,25,2152175
20221124,10:12:35,43173.25,25,2152175
20221124,10:12:36,43167.80,25,2152175
20221124,10:12:41,43167.80,50,2152175
20221124,10:12:42,43171.75,25,2152175
20221124,10:12:43,43168.00,500,2152175
20221124,10:12:45,43167.35,75,2152175
20221124,10:12:47,43167.40,50,2152175
20221124,10:12:48,43165.70,100,2152175
20221124,10:12:50,43167.80,150,2152175
20221124,10:12:51,43165.05,50,2152175
20221124,10:12:53,43168.95,50,2152175
20221124,10:12:54,43169.00,100,2152175
20221124,10:12:56,43168.90,100,2152175
20221124,10:12:58,43165.05,50,2152175
20221124,10:12:59,43169.00,100,2152175
20221124,10:13:01,43165.05,925,2152175
20221124,10:13:02,43162.60,25,2152175
20221124,10:13:06,43167.00,975,2152175
20221124,10:13:07,43165.35,25,2152175
20221124,10:13:09,43164.05,75,2152175
20221124,10:13:11,43162.15,975,2152175
20221124,10:13:12,43167.60,25,2152175
20221124,10:13:17,43165.00,1125,2152175
20221124,10:13:18,43165.15,25,2152175
20221124,10:13:20,43164.00,25,2152175
20221124,10:13:21,43167.40,75,2152175
20221124,10:13:23,43165.15,900,2152175
20221124,10:13:24,43167.40,125,2152175
20221124,10:13:27,43165.95,950,2152175
20221124,10:13:29,43159.90,25,2152175
20221124,10:13:30,43163.80,50,2152175
20221124,10:13:32,43167.15,925,2152175
20221124,10:13:33,43159.00,450,2152175
20221124,10:13:36,43157.00,875,2152175
20221124,10:13:38,43163.90,50,2152175
20221124,10:13:39,43165.10,25,2152175
20221124,10:13:41,43163.55,975,2152175
20221124,10:13:44,43163.00,25,2152175
20221124,10:13:45,43157.10,25,2152175
20221124,10:13:48,43162.60,925,2152175
20221124,10:13:50,43162.70,300,2152175
20221124,10:13:51,43160.00,50,2152175
20221124,10:13:54,43162.95,75,2152175
20221124,10:13:56,43160.00,50,2152175
20221124,10:14:00,43162.90,150,2152175
20221124,10:14:01,43156.90,50,2152175
20221124,10:14:03,43160.35,125,2152175
20221124,10:14:05,43160.00,200,2152175
20221124,10:14:06,43160.05,50,2152175
20221124,10:14:08,43160.55,200,2152175
20221124,10:14:09,43163.00,50,2152175
20221124,10:14:11,43161.30,250,2152175
20221124,10:14:14,43166.95,25,2152175
20221124,10:14:15,43162.00,50,2152175
20221124,10:14:19,43166.50,300,2152175
20221124,10:14:22,43165.00,50,2152175
20221124,10:14:23,43164.65,75,2152175
20221124,10:14:25,43164.45,25,2152175
20221124,10:14:28,43163.90,25,2152175
20221124,10:14:29,43159.15,25,2152175
20221124,10:14:31,43164.80,225,2152175
20221124,10:14:32,43158.45,50,2152175
20221124,10:14:36,43160.50,125,2152175
20221124,10:14:40,43164.75,25,2152175
20221124,10:14:42,43158.00,250,2152175
20221124,10:14:45,43158.00,175,2152175
20221124,10:14:48,43164.65,25,2152175
20221124,10:14:52,43159.10,25,2152175
20221124,10:14:53,43159.05,25,2146150
20221124,10:14:55,43165.30,250,2146150
20221124,10:14:57,43159.05,475,2146150
20221124,10:15:01,43159.40,750,2146150
20221124,10:15:03,43166.95,100,2146150
20221124,10:15:04,43159.30,25,2146150
20221124,10:15:06,43159.20,100,2146150
20221124,10:15:08,43167.15,50,2146150
20221124,10:15:11,43165.10,125,2146150
20221124,10:15:12,43167.35,50,2146150
20221124,10:15:17,43166.20,50,2146150
20221124,10:15:18,43166.20,50,2146150
20221124,10:15:20,43159.35,100,2146150
20221124,10:15:23,43165.65,50,2146150
20221124,10:15:24,43165.80,50,2146150
20221124,10:15:27,43165.85,50,2146150
20221124,10:15:29,43167.00,125,2146150
20221124,10:15:34,43160.00,50,2146150
20221124,10:15:35,43166.35,525,2146150
20221124,10:15:38,43166.90,25,2146150
20221124,10:15:41,43159.10,50,2146150
20221124,10:15:44,43166.20,1025,2146150
20221124,10:15:45,43165.00,25,2146150
20221124,10:15:46,43166.35,25,2146150
20221124,10:15:48,43157.50,150,2146150
20221124,10:15:49,43166.10,50,2146150
20221124,10:15:51,43161.05,175,2146150
20221124,10:15:55,43165.00,25,2146150
20221124,10:15:57,43165.00,25,2146150
20221124,10:15:58,43161.05,25,2146150
20221124,10:16:00,43165.95,50,2146150
20221124,10:16:01,43159.60,550,2146150
20221124,10:16:03,43160.45,175,2146150
20221124,10:16:04,43166.00,75,2146150
20221124,10:16:10,43167.40,400,2146150
20221124,10:16:11,43167.35,25,2146150
20221124,10:16:14,43166.00,75,2146150
20221124,10:16:16,43160.05,100,2146150
20221124,10:16:17,43167.75,50,2146150
20221124,10:16:19,43167.20,250,2146150
20221124,10:16:20,43165.60,25,2146150
20221124,10:16:22,43167.50,25,2146150
20221124,10:16:23,43167.15,50,2146150
20221124,10:16:25,43164.50,150,2146150
20221124,10:16:26,43160.15,75,2146150
20221124,10:16:28,43166.55,25,2146150
20221124,10:16:33,43158.10,25,2146150
20221124,10:16:36,43165.20,25,2146150
20221124,10:16:39,43163.10,25,2146150
20221124,10:16:40,43158.05,25,2146150
20221124,10:16:42,43158.05,25,2146150
20221124,10:16:43,43158.15,50,2146150
20221124,10:16:45,43164.80,50,2146150
20221124,10:16:51,43165.05,75,2146150
20221124,10:16:53,43161.15,575,2146150
20221124,10:16:55,43167.30,250,2146150
20221124,10:16:56,43166.40,25,2146150
20221124,10:16:58,43166.00,75,2146150
20221124,10:16:59,43161.00,50,2146150
20221124,10:17:01,43161.05,25,2146150
20221124,10:17:04,43160.50,100,2146150
20221124,10:17:05,43161.00,200,2146150
20221124,10:17:07,43164.00,225,2146150
20221124,10:17:09,43165.00,375,2146150
20221124,10:17:10,43166.25,125,2146150
20221124,10:17:12,43166.25,100,2146150
20221124,10:17:13,43166.15,200,2146150
20221124,10:17:15,43162.30,125,2146150
20221124,10:17:16,43163.75,50,2146150
20221124,10:17:18,43163.75,25,2146150
20221124,10:17:19,43163.75,125,2146150
20221124,10:17:21,43163.75,75,2146150
20221124,10:17:22,43160.05,50,2146150
20221124,10:17:24,43160.00,50,2146150
20221124,10:17:26,43160.00,125,2146150
20221124,10:17:29,43160.00,25,2146150
20221124,10:17:32,43165.40,75,2146150
20221124,10:17:42,43160.00,75,2146150
20221124,10:17:43,43163.90,125,2146150
20221124,10:17:45,43160.00,275,2146150
20221124,10:17:47,43160.00,25,2146150
20221124,10:17:48,43163.35,75,2146150
20221124,10:17:50,43163.25,75,2146150
20221124,10:17:51,43163.75,200,2146150
20221124,10:17:53,43160.00,100,2146150
20221124,10:17:56,43161.85,75,2151000
20221124,10:17:57,43160.00,100,2151000
20221124,10:17:59,43161.90,75,2151000
20221124,10:18:00,43160.00,25,2151000
20221124,10:18:01,43160.00,150,2151000
20221124,10:18:06,43161.00,25,2151000
20221124,10:18:07,43157.10,100,2151000
20221124,10:18:11,43162.25,150,2151000
20221124,10:18:14,43158.15,100,2151000
20221124,10:18:16,43160.50,50,2151000
20221124,10:18:17,43162.00,50,2151000
20221124,10:18:20,43164.65,25,2151000
20221124,10:18:21,43163.35,200,2151000
20221124,10:18:23,43163.45,100,2151000
20221124,10:18:24,43159.90,125,2151000
20221124,10:18:26,43160.10,100,2151000
20221124,10:18:28,43159.25,75,2151000
20221124,10:18:30,43165.40,50,2151000
20221124,10:18:31,43160.00,50,2151000
20221124,10:18:33,43162.20,25,2151000
20221124,10:18:34,43165.40,75,2151000
20221124,10:18:36,43162.20,175,2151000
20221124,10:18:37,43158.00,275,2151000
20221124,10:18:40,43158.00,75,2151000
20221124,10:18:42,43158.05,50,2151000
20221124,10:18:43,43163.55,75,2151000
20221124,10:18:46,43164.65,150,2151000
20221124,10:18:48,43165.00,25,2151000
20221124,10:18:54,43159.20,50,2151000
20221124,10:18:56,43164.20,100,2151000
20221124,10:18:57,43159.20,50,2151000
20221124,10:18:59,43158.35,25,2151000
20221124,10:19:00,43165.00,100,2151000
20221124,10:19:02,43158.10,25,2151000
20221124,10:19:06,43159.20,50,2151000
20221124,10:19:08,43159.30,375,2151000
20221124,10:19:09,43166.65,25,2151000
20221124,10:19:11,43166.75,25,2151000
20221124,10:19:14,43159.20,50,2151000
20221124,10:19:15,43164.00,25,2151000
20221124,10:19:17,43166.00,50,2151000
20221124,10:19:18,43160.05,25,2151000
20221124,10:19:20,43160.05,25,2151000
20221124,10:19:21,43164.50,50,2151000
20221124,10:19:23,43160.05,25,2151000
20221124,10:19:31,43165.00,50,2151000
20221124,10:19:34,43163.00,75,2151000
20221124,10:19:37,43164.75,150,2151000
20221124,10:19:42,43165.00,25,2151000
20221124,10:19:45,43165.00,25,2151000
20221124,10:19:46,43160.05,50,2151000
20221124,10:19:48,43165.00,25,2151000
20221124,10:19:51,43160.05,25,2151000
20221124,10:19:53,43165.00,250,2151000
20221124,10:19:54,43160.05,75,2151000
20221124,10:20:00,43165.30,25,2151000
20221124,10:20:01,43160.05,100,2151000
20221124,10:20:03,43165.35,25,2151000
20221124,10:20:05,43160.05,50,2151000
20221124,10:20:06,43160.05,750,2151000
20221124,10:20:08,43164.95,75,2151000
20221124,10:20:12,43161.00,50,2151000
20221124,10:20:13,43161.00,50,2151000
20221124,10:20:15,43161.00,25,2151000
20221124,10:20:16,43161.00,50,2151000
20221124,10:20:18,43162.00,125,2151000
20221124,10:20:19,43160.20,100,2151000
20221124,10:20:30,43164.00,50,2151000
20221124,10:20:34,43164.75,75,2151000
20221124,10:20:35,43160.00,75,2151000
20221124,10:20:37,43160.95,50,2151000
20221124,10:20:38,43160.95,100,2151000
20221124,10:20:40,43161.00,175,2151000
20221124,10:20:41,43161.00,75,2151000
20221124,10:20:43,43161.00,50,2151000
20221124,10:20:44,43157.25,175,2151000
20221124,10:20:47,43155.65,75,2151000
20221124,10:20:49,43161.00,75,2151000
20221124,10:20:50,43161.00,25,2151000
20221124,10:20:52,43158.05,50,2151000
20221124,10:20:53,43161.00,25,2151000
20221124,10:20:55,43158.00,775,2154350
20221124,10:20:57,43152.90,375,2154350
20221124,10:21:00,43160.00,175,2154350
20221124,10:21:01,43154.05,25,2154350
20221124,10:21:04,43159.85,75,2154350
20221124,10:21:07,43159.65,100,2154350
20221124,10:21:09,43159.60,25,2154350
20221124,10:21:12,43159.35,25,2154350
20221124,10:21:17,43152.05,50,2154350
20221124,10:21:18,43156.65,50,2154350
20221124,10:21:21,43156.00,25,2154350
20221124,10:21:24,43157.95,75,2154350
20221124,10:21:26,43156.00,175,2154350
20221124,10:21:29,43157.30,75,2154350
20221124,10:21:30,43157.65,50,2154350
20221124,10:21:32,43157.95,25,2154350
20221124,10:21:33,43156.00,125,2154350
20221124,10:21:35,43158.00,550,2154350
20221124,10:21:37,43150.70,250,2154350
20221124,10:21:38,43155.85,75,2154350
20221124,10:21:40,43150.10,25,2154350
20221124,10:21:41,43152.50,175,2154350
20221124,10:21:43,43150.05,50,2154350
20221124,10:21:44,43150.05,125,2154350
20221124,10:21:46,43150.00,250,2154350
20221124,10:21:48,43150.05,75,2154350
20221124,10:21:49,43150.05,25,2154350
20221124,10:21:51,43154.75,175,2154350
20221124,10:21:52,43155.00,200,2154350
20221124,10:21:54,43158.25,125,2154350
20221124,10:21:59,43154.20,50,2154350
20221124,10:22:00,43153.00,100,2154350
20221124,10:22:02,43160.00,100,2154350
20221124,10:22:03,43159.75,75,2154350
20221124,10:22:05,43160.00,75,2154350
20221124,10:22:07,43160.00,50,2154350
20221124,10:22:08,43160.00,50,2154350
20221124,10:22:10,43159.85,25,2154350
20221124,10:22:13,43160.00,550,2154350
20221124,10:22:16,43155.25,50,2154350
20221124,10:22:17,43159.60,100,2154350
20221124,10:22:19,43159.95,75,2154350
20221124,10:22:21,43160.00,75,2154350
20221124,10:22:22,43157.75,25,2154350
20221124,10:22:27,43160.00,50,2154350
20221124,10:22:28,43161.00,150,2154350
20221124,10:22:31,43161.00,200,2154350
20221124,10:22:34,43157.30,50,2154350
20221124,10:22:36,43159.10,75,2154350
20221124,10:22:37,43158.75,275,2154350
20221124,10:22:39,43161.00,125,2154350
20221124,10:22:40,43160.30,325,2154350
20221124,10:22:42,43160.55,550,2154350
20221124,10:22:43,43164.00,50,2154350
20221124,10:22:45,43164.50,75,2154350
20221124,10:22:47,43161.05,50,2154350
20221124,10:22:48,43161.30,50,2154350
20221124,10:22:50,43164.40,25,2154350
20221124,10:22:51,43160.90,50,2154350
20221124,10:22:53,43165.00,50,2154350
20221124,10:22:54,43165.00,100,2154350
20221124,10:22:56,43161.30,200,2154350
20221124,10:23:03,43161.30,25,2154350
20221124,10:23:05,43164.00,50,2154350
20221124,10:23:06,43161.30,100,2154350
20221124,10:23:08,43165.05,300,2154350
20221124,10:23:11,43162.85,25,2154350
20221124,10:23:14,43165.35,75,2154350
20221124,10:23:15,43161.30,25,2154350
20221124,10:23:18,43165.40,25,2154350
20221124,10:23:21,43162.25,1025,2154350
20221124,10:23:22,43168.00,25,2154350
20221124,10:23:24,43168.20,25,2154350
20221124,10:23:25,43167.80,25,2154350
20221124,10:23:28,43168.10,25,2154350
20221124,10:23:29,43162.85,100,2154350
20221124,10:23:34,43166.50,75,2154350
20221124,10:23:36,43167.45,75,2154350
20221124,10:23:42,43165.00,25,2154350
20221124,10:23:43,43168.15,75,2154350
20221124,10:23:45,43162.30,25,2154350
20221124,10:23:50,43167.25,25,2154350
20221124,10:23:51,43169.00,150,2154350
20221124,10:23:54,43162.30,25,2154350
20221124,10:23:56,43167.45,250,2157050
20221124,10:23:57,43162.25,25,2157050
20221124,10:23:59,43161.75,25,2157050
20221124,10:24:01,43167.95,50,2157050
20221124,10:24:02,43167.95,50,2157050
20221124,10:24:04,43167.95,50,2157050
20221124,10:24:05,43167.95,25,2157050
20221124,10:24:07,43169.25,75,2157050
20221124,10:24:09,43167.95,275,2157050
20221124,10:24:10,43169.25,225,2157050
20221124,10:24:12,43169.25,150,2157050
20221124,10:24:13,43169.95,25,2157050
20221124,10:24:15,43170.00,275,2157050
20221124,10:24:18,43169.15,25,2157050
20221124,10:24:20,43168.35,100,2157050
20221124,10:24:21,43169.45,25,2157050
20221124,10:24:23,43173.25,300,2157050
20221124,10:24:26,43173.45,50,2157050
20221124,10:24:29,43167.75,25,2157050
20221124,10:24:32,43174.40,25,2157050
20221124,10:24:33,43174.50,125,2157050
20221124,10:24:36,43167.05,25,2157050
20221124,10:24:37,43170.00,25,2157050
20221124,10:24:42,43172.00,25,2157050
20221124,10:24:43,43173.80,50,2157050
20221124,10:24:48,43170.00,75,2157050
20221124,10:24:51,43174.80,25,2157050
20221124,10:24:54,43174.95,25,2157050
20221124,10:24:56,43174.80,175,2157050
20221124,10:24:57,43174.80,100,2157050
20221124,10:24:59,43171.35,125,2157050
20221124,10:25:00,43175.00,50,2157050
20221124,10:25:04,43175.00,25,2157050
20221124,10:25:07,43175.00,25,2157050
20221124,10:25:10,43173.10,75,2157050
20221124,10:25:11,43175.00,175,2157050
20221124,10:25:13,43175.35,175,2157050
20221124,10:25:15,43177.00,675,2157050
20221124,10:25:16,43175.95,25,2157050
20221124,10:25:18,43177.80,150,2157050
20221124,10:25:19,43175.00,50,2157050
20221124,10:25:21,43175.00,125,2157050
20221124,10:25:24,43175.00,25,2157050
20221124,10:25:25,43175.05,25,2157050
20221124,10:25:27,43175.05,100,2157050
20221124,10:25:28,43178.75,125,2157050
20221124,10:25:34,43176.05,125,2157050
20221124,10:25:36,43175.00,75,2157050
20221124,10:25:39,43177.00,50,2157050
20221124,10:25:40,43178.15,75,2157050
20221124,10:25:42,43178.15,200,2157050
20221124,10:25:44,43177.90,175,2157050
20221124,10:25:45,43175.10,25,2157050
20221124,10:25:47,43178.00,50,2157050
20221124,10:25:49,43176.05,300,2157050
20221124,10:25:50,43177.00,200,2157050
20221124,10:25:53,43177.90,25,2157050
20221124,10:25:55,43178.20,50,2157050
20221124,10:25:57,43178.55,50,2157050
20221124,10:25:58,43177.10,25,2157050
20221124,10:26:00,43177.75,150,2157050
20221124,10:26:01,43178.80,200,2157050
20221124,10:26:03,43179.05,250,2157050
20221124,10:26:05,43178.80,200,2157050
20221124,10:26:06,43177.75,75,2157050
20221124,10:26:08,43177.05,700,2157050
20221124,10:26:10,43177.00,50,2157050
20221124,10:26:11,43177.10,25,2157050
20221124,10:26:13,43177.70,50,2157050
20221124,10:26:14,43177.70,275,2157050
20221124,10:26:18,43177.50,25,2157050
20221124,10:26:19,43177.15,50,2157050
20221124,10:26:21,43177.20,150,2157050
20221124,10:26:22,43175.05,175,2157050
20221124,10:26:24,43175.05,75,2157050
20221124,10:26:26,43175.05,25,2157050
20221124,10:26:27,43175.20,25,2157050
20221124,10:26:29,43175.15,75,2157050
20221124,10:26:30,43175.15,25,2157050
20221124,10:26:33,43178.80,625,2157050
20221124,10:26:35,43178.15,75,2157050
20221124,10:26:36,43178.25,100,2157050
20221124,10:26:38,43175.15,50,2157050
20221124,10:26:42,43178.80,75,2157050
20221124,10:26:44,43175.85,25,2157050
20221124,10:26:45,43177.80,175,2157050
20221124,10:26:47,43175.45,25,2157050
20221124,10:26:48,43175.50,25,2157050
20221124,10:26:50,43175.00,75,2157050
20221124,10:26:53,43177.05,50,2157050
20221124,10:26:54,43175.00,100,2157050
20221124,10:26:56,43170.05,50,2157050
20221124,10:27:02,43173.35,75,2162375
20221124,10:27:05,43175.20,25,2162375
20221124,10:27:10,43173.45,25,2162375
20221124,10:27:11,43173.60,75,2162375
20221124,10:27:13,43173.45,50,2162375
20221124,10:27:14,43174.95,25,2162375
20221124,10:27:15,43174.95,25,2162375
20221124,10:27:17,43175.00,25,2162375
20221124,10:27:18,43175.05,50,2162375
20221124,10:27:20,43175.05,125,2162375
20221124,10:27:22,43175.40,25,2162375
20221124,10:27:23,43173.35,75,2162375
20221124,10:27:29,43170.15,25,2162375
20221124,10:27:30,43170.35,25,2162375
20221124,10:27:36,43175.00,125,2162375
20221124,10:27:37,43175.00,475,2162375
20221124,10:27:39,43175.00,50,2162375
20221124,10:27:40,43174.95,50,2162375
20221124,10:27:44,43175.00,50,2162375
20221124,10:27:45,43175.75,125,2162375
20221124,10:27:46,43172.30,25,2162375
20221124,10:27:49,43174.95,50,2162375
20221124,10:27:50,43174.10,50,2162375
20221124,10:27:52,43175.80,50,2162375
20221124,10:27:55,43175.70,150,2162375
20221124,10:27:56,43175.00,150,2162375
20221124,10:27:59,43176.40,250,2162375
20221124,10:28:01,43177.70,100,2162375
20221124,10:28:02,43177.70,175,2162375
20221124,10:28:04,43174.85,350,2162375
20221124,10:28:05,43170.90,75,2162375
20221124,10:28:11,43176.25,125,2162375
20221124,10:28:13,43170.55,225,2162375
20221124,10:28:14,43173.95,25,2162375
20221124,10:28:19,43174.00,100,2162375
20221124,10:28:24,43175.00,475,2162375
20221124,10:28:25,43176.70,25,2162375
20221124,10:28:27,43174.00,100,2162375
20221124,10:28:28,43170.00,100,2162375
20221124,10:28:31,43176.40,100,2162375
20221124,10:28:33,43176.90,50,2162375
20221124,10:28:34,43173.80,25,2162375
20221124,10:28:37,43175.00,100,2162375
20221124,10:28:39,43175.00,50,2162375
20221124,10:28:40,43174.70,50,2162375
20221124,10:28:42,43173.15,75,2162375
20221124,10:28:47,43175.05,25,2162375
20221124,10:28:50,43176.05,300,2162375
20221124,10:28:52,43176.15,250,2162375
20221124,10:28:53,43175.20,125,2162375
20221124,10:28:54,43175.20,100,2162375
20221124,10:28:56,43176.90,175,2162375
20221124,10:28:57,43176.85,150,2162375
20221124,10:28:59,43175.20,125,2162375
20221124,10:29:04,43172.75,25,2162375
20221124,10:29:08,43172.15,50,2162375
20221124,10:29:11,43172.10,50,2162375
20221124,10:29:16,43172.10,50,2162375
20221124,10:29:17,43170.00,150,2162375
20221124,10:29:19,43170.00,25,2162375
20221124,10:29:21,43171.40,25,2162375
20221124,10:29:22,43172.10,150,2162375
20221124,10:29:24,43170.20,200,2162375
20221124,10:29:25,43170.20,25,2162375
20221124,10:29:27,43170.00,250,2162375
20221124,10:29:28,43171.90,150,2162375
20221124,10:29:30,43171.30,25,2162375
20221124,10:29:31,43172.50,75,2162375
20221124,10:29:35,43172.75,25,2162375
20221124,10:29:36,43170.00,300,2162375
20221124,10:29:38,43170.20,100,2162375
20221124,10:29:42,43173.00,125,2162375
20221124,10:29:45,43172.55,75,2162375
20221124,10:29:47,43173.00,350,2162375
20221124,10:29:50,43170.20,75,2162375
20221124,10:29:52,43172.65,50,2162375
20221124,10:29:53,43172.65,25,2162375
20221124,10:29:54,43172.70,200,2162375
20221124,10:29:56,43170.20,175,2168250
20221124,10:29:58,43170.50,250,2168250
20221124,10:29:59,43168.35,25,2168250
20221124,10:30:03,43173.25,175,2168250
20221124,10:30:05,43173.70,75,2168250
20221124,10:30:06,43170.25,50,2168250
20221124,10:30:07,43170.20,25,2168250
20221124,10:30:13,43170.25,50,2168250
20221124,10:30:16,43168.40,125,2168250
20221124,10:30:19,43166.75,325,2168250
20221124,10:30:20,43166.80,150,2168250
20221124,10:30:23,43166.80,50,2168250
20221124,10:30:26,43173.70,150,2168250
20221124,10:30:28,43173.75,75,2168250
20221124,10:30:29,43170.75,50,2168250
20221124,10:30:32,43174.25,475,2168250
20221124,10:30:34,43174.20,50,2168250
20221124,10:30:35,43170.25,125,2168250
20221124,10:30:37,43166.90,225,2168250
20221124,10:30:38,43165.10,125,2168250
20221124,10:30:40,43170.25,25,2168250
20221124,10:30:41,43170.30,125,2168250
20221124,10:30:44,43165.65,175,2168250
20221124,10:30:46,43170.20,50,2168250
20221124,10:30:47,43170.20,125,2168250
20221124,10:30:49,43170.20,75,2168250
20221124,10:30:51,43171.00,25,2168250
20221124,10:30:53,43173.50,100,2168250
20221124,10:30:58,43166.90,125,2168250
