20221124,09:15:12,43215.35,1,185075
20221124,09:15:12,43207.25,1,185075
20221124,09:15:12,43266.20,125,185075
20221124,09:15:14,43239.05,150,185075
20221124,09:15:22,43241.25,25,185075
20221124,09:15:28,43249.95,25,185075
20221124,09:15:30,43240.00,25,185075
20221124,09:15:31,43246.05,100,185075
20221124,09:15:32,43245.00,25,185075
20221124,09:15:37,43245.00,25,185075
20221124,09:15:40,43245.00,100,185075
20221124,09:15:41,43245.00,75,185075
20221124,09:15:50,43234.40,150,185075
20221124,09:15:53,43245.00,25,185075
20221124,09:15:58,43235.00,125,185075
20221124,09:16:01,43244.95,75,185075
20221124,09:16:03,43233.00,150,185075
20221124,09:16:04,43233.00,25,185075
20221124,09:16:19,43233.65,75,185075
20221124,09:16:24,43233.05,25,185075
20221124,09:16:29,43240.00,25,185075
20221124,09:16:30,43240.00,75,185075
20221124,09:16:32,43234.00,50,185075
20221124,09:16:35,43244.95,25,185075
20221124,09:16:42,43235.25,100,185075
20221124,09:16:52,43243.95,25,185075
20221124,09:17:00,43235.90,25,185075
20221124,09:17:09,43243.85,25,185075
20221124,09:17:11,43243.85,25,185075
20221124,09:17:26,43233.00,50,185075
20221124,09:17:27,43238.05,25,185075
20221124,09:17:29,43235.90,75,185075
20221124,09:17:32,43235.90,25,185075
20221124,09:17:40,43231.55,125,185700
20221124,09:17:41,43238.35,25,185700
20221124,09:17:54,43236.00,50,185700
20221124,09:17:55,43235.25,50,185700
20221124,09:18:03,43233.00,25,185700
20221124,09:18:05,43235.00,25,185700
20221124,09:18:09,43235.00,275,185700
20221124,09:18:13,43238.35,50,185700
20221124,09:18:14,43238.35,50,185700
20221124,09:18:20,43237.80,25,185700
20221124,09:18:25,43240.10,25,185700
20221124,09:18:28,43239.15,25,185700
20221124,09:18:30,43242.10,25,185700
20221124,09:18:33,43243.95,25,185700
20221124,09:18:34,43243.95,25,185700
20221124,09:18:40,43240.55,25,185700
20221124,09:18:45,43243.00,25,185700
20221124,09:18:52,43244.00,75,185700
20221124,09:18:53,43236.70,100,185700
20221124,09:18:55,43243.00,125,185700
20221124,09:19:00,43239.60,75,185700
20221124,09:19:02,43242.95,25,185700
20221124,09:19:05,43238.60,50,185700
20221124,09:19:06,43242.95,25,185700
20221124,09:19:08,43235.00,100,185700
20221124,09:19:11,43242.90,25,185700
20221124,09:19:15,43242.90,25,185700
20221124,09:19:16,43242.90,50,185700
20221124,09:19:18,43242.95,175,185700
20221124,09:19:20,43242.95,25,185700
20221124,09:19:23,43242.95,25,185700
20221124,09:19:24,43242.95,25,185700
20221124,09:19:34,43242.95,25,185700
20221124,09:19:42,43240.00,50,185700
20221124,09:19:45,43236.15,25,185700
20221124,09:19:56,43231.30,100,185700
20221124,09:20:04,43233.20,25,185700
20221124,09:20:11,43232.50,25,185700
20221124,09:20:14,43233.00,25,185700
20221124,09:20:27,43232.95,25,185700
20221124,09:20:49,43240.00,25,187175
20221124,09:20:52,43240.00,50,187175
20221124,09:20:55,43239.95,25,187175
20221124,09:21:01,43240.00,25,187175
20221124,09:21:05,43240.00,25,187175
20221124,09:21:06,43240.00,25,187175
20221124,09:21:09,43240.00,75,187175
20221124,09:21:11,43240.00,175,187175
20221124,09:21:12,43240.00,50,187175
20221124,09:21:14,43240.00,400,187175
20221124,09:21:15,43242.20,225,187175
20221124,09:21:17,43245.00,50,187175
20221124,09:21:22,43245.45,25,187175
20221124,09:21:40,43248.75,50,187175
20221124,09:21:46,43245.45,25,187175
20221124,09:21:48,43248.15,25,187175
20221124,09:21:54,43248.15,50,187175
20221124,09:22:08,43240.45,50,187175
20221124,09:22:12,43249.00,75,187175
20221124,09:22:17,43249.00,25,187175
20221124,09:22:20,43249.00,25,187175
20221124,09:22:22,43249.70,25,187175
20221124,09:22:25,43249.00,25,187175
20221124,09:22:27,43250.65,100,187175
20221124,09:22:30,43249.70,25,187175
20221124,09:22:36,43251.80,50,187175
20221124,09:22:46,43253.50,25,187175
20221124,09:22:49,43254.95,25,187175
20221124,09:22:51,43257.00,50,187175
20221124,09:22:54,43253.50,25,187175
20221124,09:23:03,43253.50,50,187175
20221124,09:23:21,43259.85,25,187175
20221124,09:23:31,43260.00,50,187175
20221124,09:23:33,43260.00,25,187775
20221124,09:23:39,43261.20,50,187775
20221124,09:23:41,43258.50,50,187775
20221124,09:23:43,43262.20,25,187775
20221124,09:23:44,43263.50,25,187775
20221124,09:23:46,43264.90,50,187775
20221124,09:23:54,43260.10,50,187775
20221124,09:23:55,43264.90,25,187775
20221124,09:23:58,43268.00,25,187775
20221124,09:24:03,43268.95,50,187775
20221124,09:24:04,43269.00,125,187775
20221124,09:24:06,43270.00,25,187775
20221124,09:24:08,43270.00,50,187775
20221124,09:24:26,43268.55,50,187775
20221124,09:24:30,43270.55,25,187775
20221124,09:24:31,43272.00,25,187775
20221124,09:24:37,43277.15,25,187775
20221124,09:24:40,43277.15,25,187775
20221124,09:24:50,43279.95,25,187775
20221124,09:25:00,43280.00,25,187775
20221124,09:25:06,43284.90,50,187775
20221124,09:25:14,43284.90,25,187775
20221124,09:25:19,43277.65,25,187775
20221124,09:25:21,43285.00,25,187775
20221124,09:25:32,43285.00,100,187775
20221124,09:25:35,43285.00,25,187775
20221124,09:25:47,43284.95,25,187775
20221124,09:25:52,43285.00,150,187775
20221124,09:25:58,43285.00,25,187775
20221124,09:26:20,43278.00,50,187775
20221124,09:26:40,43275.00,25,188375
20221124,09:26:48,43278.00,25,188375
20221124,09:26:49,43275.00,50,188375
20221124,09:26:51,43278.00,125,188375
20221124,09:26:53,43278.00,50,188375
20221124,09:26:54,43288.00,850,188375
20221124,09:26:58,43287.90,25,188375
20221124,09:27:04,43297.15,25,188375
20221124,09:27:11,43297.15,25,188375
20221124,09:27:13,43297.15,25,188375
20221124,09:27:24,43294.00,75,188375
20221124,09:27:39,43294.00,50,188375
20221124,09:27:44,43294.00,25,188375
20221124,09:27:45,43294.00,25,188375
20221124,09:28:15,43288.15,25,188375
20221124,09:28:19,43288.15,25,188375
20221124,09:28:23,43285.50,25,188375
20221124,09:28:26,43286.00,75,188375
20221124,09:28:28,43286.00,75,188375
20221124,09:28:29,43286.00,50,188375
20221124,09:28:31,43286.00,25,188375
20221124,09:28:32,43286.00,25,188375
20221124,09:28:34,43285.50,100,188375
20221124,09:28:36,43285.50,50,188375
20221124,09:28:41,43285.00,25,188375
20221124,09:28:42,43285.00,25,188375
20221124,09:28:49,43287.00,25,188375
20221124,09:28:52,43284.75,50,188375
20221124,09:28:56,43287.00,25,188375
20221124,09:29:15,43285.00,25,188375
20221124,09:29:22,43285.85,25,188375
20221124,09:29:23,43280.10,50,188375
20221124,09:29:25,43280.50,150,188375
20221124,09:29:28,43285.00,25,188375
20221124,09:29:33,43276.60,50,188375
20221124,09:29:36,43279.35,25,189575
20221124,09:29:42,43286.95,50,189575
20221124,09:29:45,43278.55,75,189575
20221124,09:29:48,43278.60,25,189575
20221124,09:30:04,43283.00,50,189575
20221124,09:30:10,43285.85,25,189575
20221124,09:30:21,43279.10,25,189575
20221124,09:30:25,43280.00,75,189575
20221124,09:30:27,43280.05,25,189575
20221124,09:30:33,43286.65,50,189575
20221124,09:30:36,43282.20,50,189575
20221124,09:30:40,43292.95,50,189575
20221124,09:30:42,43290.00,25,189575
20221124,09:30:45,43294.00,100,189575
20221124,09:30:49,43294.00,25,189575
20221124,09:30:50,43297.10,125,189575
20221124,09:30:52,43297.10,25,189575
20221124,09:30:53,43297.10,25,189575
20221124,09:31:00,43297.15,25,189575
20221124,09:31:01,43300.00,225,189575
20221124,09:31:06,43299.70,25,189575
20221124,09:31:08,43300.00,100,189575
20221124,09:31:10,43300.00,125,189575
20221124,09:31:11,43300.00,200,189575
20221124,09:31:13,43308.60,50,189575
20221124,09:31:18,43310.00,25,189575
20221124,09:31:20,43310.00,100,189575
20221124,09:31:25,43305.75,25,189575
20221124,09:31:26,43303.50,25,189575
20221124,09:31:28,43310.00,50,189575
20221124,09:31:29,43310.00,50,189575
20221124,09:31:31,43306.50,25,189575
20221124,09:31:42,43303.50,25,189575
20221124,09:31:51,43310.00,50,189575
20221124,09:31:54,43317.10,100,189575
20221124,09:32:02,43318.90,25,189575
20221124,09:32:12,43318.90,25,189575
20221124,09:32:13,43318.90,50,189575
20221124,09:32:22,43318.90,25,189575
20221124,09:32:23,43320.00,225,189575
20221124,09:32:25,43320.00,25,189575
20221124,09:32:38,43319.35,50,190650
20221124,09:32:42,43315.00,50,190650
20221124,09:33:00,43325.00,25,190650
20221124,09:33:02,43325.00,25,190650
20221124,09:33:12,43324.30,25,190650
20221124,09:33:18,43330.00,25,190650
20221124,09:33:20,43330.00,25,190650
20221124,09:33:28,43333.00,25,190650
20221124,09:33:31,43334.00,50,190650
20221124,09:33:41,43334.00,25,190650
20221124,09:33:48,43331.35,25,190650
20221124,09:33:49,43336.45,25,190650
20221124,09:34:07,43339.55,25,190650
20221124,09:34:10,43339.55,75,190650
20221124,09:34:12,43339.55,50,190650
20221124,09:34:13,43328.70,250,190650
20221124,09:34:15,43328.70,25,190650
20221124,09:34:20,43337.50,50,190650
20221124,09:34:33,43342.00,275,190650
20221124,09:34:36,43344.85,50,190650
20221124,09:34:38,43344.85,300,190650
20221124,09:34:40,43343.00,25,190650
20221124,09:34:43,43343.00,25,190650
20221124,09:35:00,43343.00,25,190650
20221124,09:35:01,43343.00,25,190650
20221124,09:35:03,43344.00,125,190650
20221124,09:35:05,43345.00,50,190650
20221124,09:35:06,43349.70,25,190650
20221124,09:35:11,43349.95,150,190650
20221124,09:35:18,43345.05,25,190650
20221124,09:35:29,43345.05,25,190650
20221124,09:35:39,43350.00,125,191500
20221124,09:35:40,43349.95,25,191500
20221124,09:35:45,43350.00,25,191500
20221124,09:35:54,43345.05,25,191500
20221124,09:35:55,43349.85,25,191500
20221124,09:36:12,43349.35,75,191500
20221124,09:36:17,43347.90,25,191500
20221124,09:36:20,43331.75,50,191500
20221124,09:36:27,43331.90,50,191500
20221124,09:36:39,43339.95,25,191500
20221124,09:36:54,43332.70,50,191500
20221124,09:36:58,43339.90,25,191500
20221124,09:36:59,43335.00,50,191500
20221124,09:37:01,43340.00,75,191500
20221124,09:37:19,43333.00,100,191500
20221124,09:37:30,43331.75,125,191500
20221124,09:37:44,43349.00,250,191500
20221124,09:37:46,43349.10,400,191500
20221124,09:37:48,43355.00,50,191500
20221124,09:37:51,43355.00,25,191500
20221124,09:37:53,43360.00,50,191500
20221124,09:38:01,43360.75,25,191500
20221124,09:38:02,43364.35,25,191500
20221124,09:38:06,43364.35,25,191500
20221124,09:38:07,43364.90,25,191500
20221124,09:38:09,43367.25,25,191500
20221124,09:38:11,43367.25,25,191500
20221124,09:38:12,43360.55,125,191500
20221124,09:38:15,43368.05,50,191500
20221124,09:38:17,43368.05,25,191500
20221124,09:38:32,43361.05,25,191500
20221124,09:38:36,43369.70,25,192325
20221124,09:38:44,43369.70,25,192325
20221124,09:38:46,43369.70,25,192325
20221124,09:38:48,43369.70,25,192325
20221124,09:38:56,43369.70,50,192325
20221124,09:39:01,43369.70,100,192325
20221124,09:39:06,43364.90,125,192325
20221124,09:39:09,43370.00,25,192325
20221124,09:39:21,43370.00,25,192325
20221124,09:39:28,43370.00,25,192325
20221124,09:39:29,43370.00,25,192325
20221124,09:39:31,43370.00,125,192325
20221124,09:39:39,43370.00,25,192325
20221124,09:39:40,43370.00,25,192325
20221124,09:39:45,43370.00,75,192325
20221124,09:39:50,43370.00,50,192325
20221124,09:40:03,43364.20,275,192325
20221124,09:40:08,43366.30,25,192325
20221124,09:40:15,43370.00,25,192325
20221124,09:40:28,43370.00,25,192325
20221124,09:40:38,43370.00,75,192325
20221124,09:40:43,43370.00,50,192325
20221124,09:40:44,43370.00,50,192325
20221124,09:40:49,43375.00,225,192325
20221124,09:40:51,43375.00,25,192325
20221124,09:40:56,43375.00,75,192325
20221124,09:41:06,43375.00,75,192325
20221124,09:41:17,43365.05,100,192325
20221124,09:41:22,43374.95,25,192325
20221124,09:41:27,43370.00,25,192325
20221124,09:41:32,43370.00,25,192325
20221124,09:41:35,43370.00,75,192900
20221124,09:41:37,43370.00,25,192900
20221124,09:41:40,43370.00,25,192900
20221124,09:41:46,43368.70,25,192900
20221124,09:41:48,43374.90,50,192900
20221124,09:41:58,43374.90,25,192900
20221124,09:42:00,43374.90,75,192900
20221124,09:42:01,43374.90,25,192900
20221124,09:42:04,43370.00,25,192900
20221124,09:42:06,43370.00,25,192900
20221124,09:42:07,43374.95,25,192900
20221124,09:42:11,43374.95,25,192900
20221124,09:42:20,43368.00,25,192900
20221124,09:42:22,43365.60,25,192900
20221124,09:42:26,43366.75,25,192900
20221124,09:42:31,43370.00,25,192900
20221124,09:42:33,43370.00,25,192900
20221124,09:42:36,43365.00,125,192900
20221124,09:42:44,43360.00,100,192900
20221124,09:42:56,43360.00,50,192900
20221124,09:43:01,43360.00,25,192900
20221124,09:43:03,43363.85,25,192900
20221124,09:43:04,43360.00,125,192900
20221124,09:43:09,43359.75,25,192900
20221124,09:43:19,43359.75,25,192900
20221124,09:43:22,43359.75,25,192900
20221124,09:43:23,43359.75,25,192900
20221124,09:43:27,43360.00,50,192900
20221124,09:43:30,43360.00,25,192900
20221124,09:43:38,43370.00,25,192900
20221124,09:43:44,43373.95,75,192900
20221124,09:43:54,43370.00,25,192900
20221124,09:44:07,43365.00,25,192900
20221124,09:44:09,43374.00,50,192900
20221124,09:44:10,43375.00,50,192900
20221124,09:44:12,43375.00,100,192900
20221124,09:44:13,43380.00,25,192900
20221124,09:44:20,43380.00,75,192900
20221124,09:44:23,43380.00,25,192900
20221124,09:44:30,43386.00,50,192900
20221124,09:44:31,43389.90,75,192900
20221124,09:44:33,43381.90,25,192900
20221124,09:44:35,43389.85,100,192900
20221124,09:44:39,43397.85,150,193725
20221124,09:44:48,43397.85,25,193725
20221124,09:44:59,43399.00,50,193725
20221124,09:45:01,43400.00,50,193725
20221124,09:45:02,43400.00,25,193725
20221124,09:45:20,43400.00,75,193725
20221124,09:45:22,43400.00,25,193725
20221124,09:45:24,43400.00,25,193725
20221124,09:45:30,43400.00,50,193725
20221124,09:45:32,43400.00,25,193725
20221124,09:45:33,43400.00,25,193725
20221124,09:45:45,43399.30,25,193725
20221124,09:45:55,43397.20,50,193725
20221124,09:46:01,43390.00,25,193725
20221124,09:46:06,43385.35,50,193725
20221124,09:46:19,43386.00,50,193725
20221124,09:46:21,43385.00,25,193725
20221124,09:46:30,43385.55,25,193725
20221124,09:46:32,43397.15,75,193725
20221124,09:46:37,43396.55,50,193725
20221124,09:46:48,43386.60,150,193725
20221124,09:46:51,43397.15,25,193725
20221124,09:47:06,43398.55,125,193725
20221124,09:47:13,43398.30,100,193725
20221124,09:47:16,43398.55,25,193725
20221124,09:47:24,43385.85,100,193725
20221124,09:47:34,43390.00,50,193725
20221124,09:47:39,43383.40,100,194600
20221124,09:47:54,43384.65,100,194600
20221124,09:47:56,43384.75,300,194600
20221124,09:47:59,43394.95,25,194600
20221124,09:48:01,43394.95,50,194600
20221124,09:48:02,43395.00,50,194600
20221124,09:48:04,43395.00,125,194600
20221124,09:48:06,43395.00,325,194600
20221124,09:48:07,43395.00,125,194600
20221124,09:48:11,43399.00,25,194600
20221124,09:48:12,43394.20,125,194600
20221124,09:48:14,43400.00,50,194600
20221124,09:48:16,43399.95,50,194600
20221124,09:48:17,43399.85,50,194600
20221124,09:48:19,43400.00,75,194600
20221124,09:48:21,43400.00,50,194600
20221124,09:48:22,43400.00,100,194600
20221124,09:48:24,43400.00,75,194600
20221124,09:48:26,43405.00,50,194600
20221124,09:48:29,43409.75,50,194600
20221124,09:48:32,43409.75,25,194600
20221124,09:48:34,43400.05,25,194600
20221124,09:48:35,43409.90,25,194600
20221124,09:48:37,43409.90,25,194600
20221124,09:48:44,43405.00,100,194600
20221124,09:48:46,43401.15,25,194600
20221124,09:49:00,43401.15,75,194600
20221124,09:49:02,43401.15,25,194600
20221124,09:49:03,43401.15,25,194600
20221124,09:49:06,43401.15,50,194600
20221124,09:49:10,43400.00,100,194600
20221124,09:49:22,43390.95,25,194600
20221124,09:49:32,43399.90,25,194600
20221124,09:49:40,43390.00,50,194600
20221124,09:49:46,43381.85,200,194600
20221124,09:50:00,43381.85,25,194600
20221124,09:50:08,43382.00,50,194600
20221124,09:50:09,43382.00,25,194600
20221124,09:50:26,43385.00,100,194600
20221124,09:50:27,43385.00,100,194600
20221124,09:50:35,43381.85,25,195875
20221124,09:50:37,43381.85,25,195875
20221124,09:50:40,43381.85,25,195875
20221124,09:50:55,43381.85,25,195875
20221124,09:50:57,43381.00,50,195875
20221124,09:50:58,43382.00,25,195875
20221124,09:51:15,43381.00,25,195875
20221124,09:51:31,43382.00,25,195875
20221124,09:51:42,43383.00,25,195875
20221124,09:51:44,43381.15,25,195875
20221124,09:51:51,43381.00,50,195875
20221124,09:51:57,43388.90,25,195875
20221124,09:52:05,43388.00,75,195875
20221124,09:52:12,43387.95,25,195875
20221124,09:52:13,43387.95,25,195875
20221124,09:52:18,43387.95,25,195875
20221124,09:52:24,43387.95,25,195875
20221124,09:52:31,43387.95,25,195875
20221124,09:52:35,43387.95,25,195875
20221124,09:52:45,43377.85,100,195875
20221124,09:52:51,43386.80,25,195875
20221124,09:52:59,43386.95,25,195875
20221124,09:53:10,43387.00,50,195875
20221124,09:53:17,43388.00,50,195875
20221124,09:53:23,43387.95,50,195875
20221124,09:53:25,43388.00,25,195875
20221124,09:53:30,43388.00,75,195875
20221124,09:53:31,43388.00,75,195875
20221124,09:53:51,43388.00,25,196425
20221124,09:53:56,43387.35,25,196425
20221124,09:54:04,43393.00,25,196425
20221124,09:54:08,43393.00,25,196425
20221124,09:54:22,43384.00,25,196425
20221124,09:54:45,43385.05,25,196425
20221124,09:54:46,43390.00,25,196425
20221124,09:54:49,43387.10,25,196425
20221124,09:54:56,43393.00,50,196425
20221124,09:54:57,43393.00,25,196425
20221124,09:55:09,43394.00,50,196425
20221124,09:55:11,43394.00,50,196425
20221124,09:55:25,43394.00,150,196425
20221124,09:55:26,43394.00,100,196425
20221124,09:55:28,43394.00,25,196425
20221124,09:55:29,43393.40,50,196425
20221124,09:55:33,43394.00,25,196425
20221124,09:55:37,43392.00,75,196425
20221124,09:55:40,43393.85,25,196425
20221124,09:55:45,43390.00,25,196425
20221124,09:55:47,43390.00,25,196425
20221124,09:55:50,43394.00,75,196425
20221124,09:56:04,43395.00,25,196425
20221124,09:56:07,43390.60,100,196425
20221124,09:56:11,43400.00,50,196425
20221124,09:56:22,43399.95,25,196425
20221124,09:56:45,43399.90,50,196650
20221124,09:56:46,43399.90,25,196650
20221124,09:56:51,43399.95,25,196650
20221124,09:56:53,43395.00,25,196650
20221124,09:56:56,43395.00,50,196650
20221124,09:57:01,43400.00,25,196650
20221124,09:57:04,43400.00,25,196650
20221124,09:57:06,43400.00,50,196650
20221124,09:57:18,43400.00,50,196650
20221124,09:57:25,43399.95,25,196650
20221124,09:57:31,43399.80,75,196650
20221124,09:57:33,43399.95,250,196650
20221124,09:57:36,43399.80,25,196650
20221124,09:57:39,43400.60,25,196650
20221124,09:57:44,43395.00,150,196650
20221124,09:57:46,43395.00,25,196650
20221124,09:57:51,43395.00,25,196650
20221124,09:58:02,43387.40,25,196650
20221124,09:58:12,43398.95,25,196650
20221124,09:58:36,43393.85,25,196650
20221124,09:58:41,43385.05,50,196650
20221124,09:59:11,43385.00,50,196650
20221124,09:59:16,43392.70,25,196650
20221124,09:59:23,43392.10,25,196650
20221124,09:59:26,43390.00,25,196650
20221124,09:59:27,43392.05,25,196650
20221124,09:59:50,43390.00,50,197275
20221124,09:59:57,43388.00,25,197275
20221124,10:00:07,43390.00,25,197275
20221124,10:00:11,43391.15,50,197275
20221124,10:00:21,43385.00,25,197275
20221124,10:00:36,43385.00,50,197275
20221124,10:00:41,43380.85,25,197275
20221124,10:00:44,43392.05,50,197275
20221124,10:00:56,43385.00,25,197275
20221124,10:01:08,43387.25,25,197275
20221124,10:01:24,43392.10,50,197275
20221124,10:01:27,43394.80,25,197275
20221124,10:01:51,43388.70,25,197275
20221124,10:01:53,43390.00,25,197275
20221124,10:02:30,43395.00,200,197275
20221124,10:02:35,43390.00,25,197275
20221124,10:03:03,43390.00,25,197775
20221124,10:03:05,43392.15,50,197775
20221124,10:03:06,43388.90,100,197775
20221124,10:03:10,43387.40,50,197775
20221124,10:03:13,43393.80,75,197775
20221124,10:03:14,43398.95,350,197775
20221124,10:03:16,43393.50,25,197775
20221124,10:03:18,43393.45,100,197775
20221124,10:03:19,43394.00,25,197775
20221124,10:03:22,43392.65,25,197775
20221124,10:03:24,43394.00,25,197775
20221124,10:03:25,43395.20,25,197775
20221124,10:03:29,43394.95,75,197775
20221124,10:03:30,43394.90,75,197775
20221124,10:03:32,43394.85,25,197775
20221124,10:03:33,43394.00,25,197775
20221124,10:03:35,43395.20,25,197775
20221124,10:03:38,43394.85,25,197775
20221124,10:03:40,43395.15,50,197775
20221124,10:03:47,43393.20,25,197775
20221124,10:03:52,43395.30,75,197775
20221124,10:03:53,43388.20,25,197775
20221124,10:03:58,43395.25,50,197775
20221124,10:04:01,43393.50,50,197775
20221124,10:04:03,43395.25,100,197775
20221124,10:04:04,43395.30,50,197775
20221124,10:04:10,43395.00,25,197775
20221124,10:04:15,43395.65,175,197775
20221124,10:04:17,43395.65,25,197775
20221124,10:04:18,43395.00,25,197775
20221124,10:04:46,43395.90,25,197775
20221124,10:05:10,43395.90,50,197775
20221124,10:05:18,43394.00,25,197775
20221124,10:05:21,43394.90,50,197775
20221124,10:05:24,43398.00,150,197775
20221124,10:05:36,43385.90,25,197775
20221124,10:05:38,43398.10,250,197775
20221124,10:05:43,43387.75,125,199800
20221124,10:05:47,43388.45,25,199800
20221124,10:05:59,43381.55,25,199800
20221124,10:06:14,43380.55,200,199800
20221124,10:06:19,43389.00,75,199800
20221124,10:06:21,43385.50,50,199800
20221124,10:06:46,43390.00,350,199800
20221124,10:07:01,43385.55,50,199800
20221124,10:07:02,43393.55,125,199800
20221124,10:07:04,43390.00,50,199800
20221124,10:07:05,43387.50,25,199800
20221124,10:07:10,43392.30,25,199800
20221124,10:07:13,43391.45,25,199800
20221124,10:07:15,43387.50,50,199800
20221124,10:07:17,43387.65,25,199800
20221124,10:07:18,43391.60,25,199800
20221124,10:07:20,43382.75,50,199800
20221124,10:07:23,43387.65,25,199800
20221124,10:07:28,43386.85,25,199800
20221124,10:07:35,43387.65,25,199800
20221124,10:07:38,43386.85,25,199800
20221124,10:07:41,43389.95,25,199800
20221124,10:07:52,43389.50,50,199800
20221124,10:07:57,43387.75,25,199800
20221124,10:08:02,43398.70,25,199800
20221124,10:08:17,43390.00,25,199800
20221124,10:08:19,43398.70,25,199800
20221124,10:08:20,43395.20,50,199800
20221124,10:08:25,43395.30,50,199800
20221124,10:08:35,43393.80,25,199800
20221124,10:08:36,43394.10,100,199800
20221124,10:08:46,43397.95,25,200800
20221124,10:08:49,43398.00,25,200800
20221124,10:08:58,43397.30,50,200800
20221124,10:09:06,43397.30,25,200800
20221124,10:09:07,43398.00,25,200800
20221124,10:09:14,43397.30,25,200800
20221124,10:09:27,43397.95,175,200800
20221124,10:09:29,43397.95,125,200800
20221124,10:09:30,43405.00,475,200800
20221124,10:09:32,43400.40,50,200800
20221124,10:09:45,43409.70,50,200800
20221124,10:09:48,43409.95,50,200800
20221124,10:09:50,43410.00,125,200800
20221124,10:09:52,43410.00,25,200800
20221124,10:09:55,43410.00,50,200800
20221124,10:10:03,43410.00,225,200800
20221124,10:10:11,43411.05,50,200800
20221124,10:10:27,43411.05,25,200800
20221124,10:10:29,43412.00,25,200800
20221124,10:10:33,43412.00,25,200800
20221124,10:10:39,43414.50,75,200800
20221124,10:10:46,43414.90,75,200800
20221124,10:10:58,43414.90,25,200800
20221124,10:11:02,43412.15,25,200800
20221124,10:11:24,43404.35,25,200800
20221124,10:11:37,43403.35,75,200800
20221124,10:11:43,43409.90,25,202200
20221124,10:11:52,43409.90,25,202200
20221124,10:12:03,43410.00,75,202200
20221124,10:12:16,43402.55,25,202200
20221124,10:12:21,43409.90,25,202200
20221124,10:12:25,43405.00,25,202200
20221124,10:12:33,43405.00,25,202200
20221124,10:12:39,43407.55,25,202200
20221124,10:12:59,43400.00,25,202200
20221124,10:13:10,43400.00,25,202200
20221124,10:13:13,43394.30,125,202200
20221124,10:13:30,43394.30,25,202200
20221124,10:13:31,43400.00,25,202200
20221124,10:13:56,43399.15,25,202200
20221124,10:14:04,43395.00,25,202200
20221124,10:14:07,43399.95,25,202200
20221124,10:14:10,43400.00,25,202200
20221124,10:14:33,43400.00,25,202200
20221124,10:15:02,43391.35,25,202375
20221124,10:15:30,43400.00,75,202375
20221124,10:15:50,43400.00,25,202375
20221124,10:16:00,43400.00,25,202375
20221124,10:16:05,43398.00,50,202375
20221124,10:16:15,43397.85,50,202375
20221124,10:16:18,43400.00,25,202375
20221124,10:16:20,43397.85,25,202375
20221124,10:16:52,43395.80,25,202375
20221124,10:16:54,43396.00,125,202375
20221124,10:16:59,43396.00,25,202375
20221124,10:17:16,43396.00,150,202375
20221124,10:17:19,43396.00,100,202375
20221124,10:17:20,43396.00,25,202375
20221124,10:17:26,43396.00,25,202375
20221124,10:17:31,43396.00,25,202375
20221124,10:18:03,43392.00,25,202650
20221124,10:18:11,43392.00,25,202650
20221124,10:18:18,43392.00,25,202650
20221124,10:18:28,43391.50,75,202650
20221124,10:18:29,43396.00,25,202650
20221124,10:18:31,43396.00,25,202650
20221124,10:18:34,43396.00,25,202650
20221124,10:18:35,43396.00,25,202650
20221124,10:19:00,43396.00,50,202650
20221124,10:19:29,43390.70,25,202650
20221124,10:19:49,43396.00,25,202650
20221124,10:21:01,43395.95,25,202900
20221124,10:21:18,43390.00,25,202900
20221124,10:21:35,43390.95,25,202900
20221124,10:21:40,43383.00,250,202900
20221124,10:21:42,43390.00,25,202900
20221124,10:22:42,43392.00,25,202900
20221124,10:22:45,43395.00,50,202900
20221124,10:22:46,43395.00,25,202900
20221124,10:22:51,43395.00,25,202900
20221124,10:22:54,43396.00,25,202900
20221124,10:23:08,43397.00,50,202900
20221124,10:23:11,43393.40,25,202900
20221124,10:23:22,43403.50,175,202900
20221124,10:23:31,43393.55,25,202900
20221124,10:23:56,43392.80,50,203175
20221124,10:24:14,43404.90,25,203175
20221124,10:24:20,43400.00,100,203175
20221124,10:24:32,43405.00,50,203175
20221124,10:24:39,43396.55,25,203175
20221124,10:24:44,43405.00,25,203175
20221124,10:24:47,43405.00,25,203175
20221124,10:24:49,43409.45,25,203175
20221124,10:25:18,43410.00,100,203175
20221124,10:25:21,43410.00,50,203175
20221124,10:25:43,43410.00,25,203175
20221124,10:25:47,43410.00,25,203175
20221124,10:25:59,43410.00,25,203175
20221124,10:26:00,43410.00,200,203175
20221124,10:26:05,43412.00,25,203175
20221124,10:26:07,43407.50,100,203175
20221124,10:26:08,43404.85,400,203175
20221124,10:26:10,43412.65,50,203175
20221124,10:26:13,43410.00,75,203175
20221124,10:26:23,43414.20,200,203175
20221124,10:26:31,43413.45,50,203175
20221124,10:26:56,43407.00,25,203175
20221124,10:27:29,43407.00,25,204150
20221124,10:27:48,43407.00,25,204150
20221124,10:27:49,43410.00,25,204150
20221124,10:27:54,43407.00,25,204150
20221124,10:28:10,43408.15,25,204150
20221124,10:28:23,43410.00,25,204150
20221124,10:28:35,43406.05,25,204150
20221124,10:28:58,43409.45,25,204150
20221124,10:29:05,43405.00,25,204150
20221124,10:29:24,43400.70,25,204150
20221124,10:29:35,43400.70,200,204150
20221124,10:29:36,43406.15,25,204150
20221124,10:29:46,43405.05,175,204575
20221124,10:29:50,43400.70,25,204575
20221124,10:29:56,43400.70,200,204575
20221124,10:30:22,43400.00,50,204575
20221124,10:30:39,43400.00,25,204575
20221124,10:30:52,43404.00,25,204575
20221124,10:30:53,43406.15,25,204575
20221124,10:31:23,43405.05,25,204575
20221124,10:31:38,43400.00,25,204575
20221124,10:31:40,43404.35,25,204575
20221124,10:31:54,43404.35,50,204575
20221124,10:31:55,43402.00,25,204575
20221124,10:32:01,43401.25,25,204575
20221124,10:32:04,43403.00,25,204575
20221124,10:32:12,43401.85,300,204575
20221124,10:32:18,43401.70,50,204575
20221124,10:32:27,43400.50,25,204575
20221124,10:32:28,43406.00,75,204575
20221124,10:32:32,43406.00,25,204575
20221124,10:32:35,43404.45,25,204575
20221124,10:32:42,43404.40,25,204575
20221124,10:32:47,43400.70,25,205350
20221124,10:33:29,43406.00,75,205350
20221124,10:33:43,43406.00,150,205350
20221124,10:34:15,43405.00,25,205350
20221124,10:34:48,43406.00,25,205350
20221124,10:34:49,43406.15,50,205350
20221124,10:34:51,43406.15,125,205350
20221124,10:34:57,43410.05,75,205350
20221124,10:35:03,43406.15,25,205350
20221124,10:35:34,43412.00,175,205350
20221124,10:35:55,43412.00,50,205875
20221124,10:36:24,43410.00,125,205875
20221124,10:36:43,43413.00,25,205875
20221124,10:36:47,43413.00,125,205875
20221124,10:36:52,43413.00,50,205875
20221124,10:36:53,43413.00,25,205875
20221124,10:36:55,43413.00,250,205875
20221124,10:36:57,43420.00,150,205875
20221124,10:37:01,43420.00,100,205875
20221124,10:37:10,43415.75,25,205875
20221124,10:37:12,43421.00,100,205875
20221124,10:37:24,43424.95,25,205875
20221124,10:37:41,43424.95,100,205875
20221124,10:37:48,43424.95,25,205875
20221124,10:38:12,43425.00,50,205875
20221124,10:38:23,43425.00,25,205875
20221124,10:38:29,43425.00,125,205875
20221124,10:38:43,43425.00,25,205875
20221124,10:38:57,43425.00,250,207025
20221124,10:39:19,43420.00,25,207025
20221124,10:40:12,43420.00,25,207025
20221124,10:40:18,43416.85,25,207025
20221124,10:40:23,43420.00,25,207025
20221124,10:40:29,43425.00,25,207025
20221124,10:41:08,43424.95,50,207025
20221124,10:41:40,43425.00,25,207025
20221124,10:42:25,43415.00,25,207175
20221124,10:42:49,43422.80,150,207175
20221124,10:44:05,43411.75,25,207175
20221124,10:44:34,43411.75,250,207175
20221124,10:44:52,43411.75,25,207200
20221124,10:44:53,43409.55,325,207200
20221124,10:44:58,43420.00,100,207200
20221124,10:44:59,43421.05,50,207200
20221124,10:45:03,43422.10,25,207200
20221124,10:45:16,43421.75,25,207200
20221124,10:45:25,43422.00,50,207200
20221124,10:45:26,43422.65,25,207200
20221124,10:45:28,43422.70,25,207200
20221124,10:46:02,43422.95,50,207200
20221124,10:46:04,43423.00,25,207200
20221124,10:46:05,43419.60,25,207200
20221124,10:46:07,43420.00,25,207200
20221124,10:46:08,43423.80,75,207200
20221124,10:46:12,43423.85,75,207200
20221124,10:46:13,43423.80,25,207200
20221124,10:46:27,43423.85,50,207200
20221124,10:46:29,43425.00,25,207200
20221124,10:46:30,43423.80,25,207200
20221124,10:46:38,43414.10,25,207200
20221124,10:47:01,43420.00,50,207200
20221124,10:47:03,43425.00,25,207200
20221124,10:47:07,43424.00,25,207200
20221124,10:47:18,43420.50,25,207200
20221124,10:47:19,43420.50,25,207200
20221124,10:47:28,43425.00,50,207200
20221124,10:47:36,43425.00,25,207200
20221124,10:48:27,43425.00,25,207625
20221124,10:48:37,43428.10,50,207625
20221124,10:48:49,43428.10,75,207625
20221124,10:49:08,43427.00,25,207625
20221124,10:49:10,43427.00,25,207625
20221124,10:49:13,43427.15,25,207625
20221124,10:49:14,43427.15,75,207625
20221124,10:49:16,43428.10,25,207625
20221124,10:49:17,43428.10,25,207625
20221124,10:49:22,43427.15,25,207625
20221124,10:49:31,43427.15,75,207625
20221124,10:49:34,43427.15,25,207625
20221124,10:49:51,43420.00,25,207625
20221124,10:50:22,43424.80,75,207625
20221124,10:50:23,43420.00,25,207625
20221124,10:50:25,43420.00,25,207625
20221124,10:50:45,43417.85,75,207625
20221124,10:50:56,43425.00,50,207825
20221124,10:51:13,43422.25,25,207825
20221124,10:51:15,43422.95,50,207825
20221124,10:51:17,43423.10,50,207825
20221124,10:51:20,43423.50,50,207825
20221124,10:51:24,43423.50,25,207825
20221124,10:51:26,43423.60,25,207825
20221124,10:51:32,43415.40,75,207825
20221124,10:51:36,43424.15,100,207825
20221124,10:51:41,43424.60,25,207825
20221124,10:51:46,43424.75,25,207825
20221124,10:51:48,43424.75,25,207825
20221124,10:51:51,43415.45,25,207825
20221124,10:52:07,43420.00,50,207825
20221124,10:53:02,43419.05,25,207825
20221124,10:53:07,43424.75,25,207825
20221124,10:53:09,43424.75,50,207825
20221124,10:53:33,43420.90,25,207825
20221124,10:53:36,43421.00,75,207825
20221124,10:53:38,43421.00,25,207825
20221124,10:53:46,43421.00,25,207825
20221124,10:53:48,43421.00,50,207825
20221124,10:53:51,43421.00,25,207925
20221124,10:53:53,43421.00,25,207925
20221124,10:53:55,43421.00,25,207925
20221124,10:53:56,43418.55,25,207925
20221124,10:53:58,43421.00,25,207925
20221124,10:53:59,43421.00,25,207925
20221124,10:54:37,43421.05,25,207925
20221124,10:54:38,43421.05,50,207925
20221124,10:54:49,43421.05,25,207925
20221124,10:54:51,43424.75,25,207925
20221124,10:55:03,43424.75,25,207925
20221124,10:55:04,43428.10,25,207925
20221124,10:55:06,43428.10,25,207925
20221124,10:55:07,43428.10,25,207925
20221124,10:55:09,43428.10,25,207925
20221124,10:55:11,43428.10,75,207925
20221124,10:55:12,43427.25,25,207925
20221124,10:55:17,43430.00,75,207925
20221124,10:55:18,43430.00,25,207925
20221124,10:55:20,43434.00,75,207925
20221124,10:55:21,43434.00,25,207925
20221124,10:55:48,43434.00,75,207925
20221124,10:55:50,43433.95,25,207925
20221124,10:55:57,43434.00,25,207925
20221124,10:56:01,43434.00,25,207925
20221124,10:56:03,43434.00,125,207925
20221124,10:56:04,43434.00,50,207925
20221124,10:56:08,43434.00,25,207925
20221124,10:56:09,43440.00,125,207925
20221124,10:56:14,43440.00,25,207925
20221124,10:56:20,43439.95,50,207925
20221124,10:56:59,43436.45,100,208375
20221124,10:57:03,43436.45,25,208375
20221124,10:57:08,43435.40,25,208375
20221124,10:57:15,43435.40,25,208375
20221124,10:57:22,43435.00,25,208375
20221124,10:57:31,43432.85,25,208375
20221124,10:57:33,43432.40,50,208375
20221124,10:57:42,43432.40,200,208375
20221124,10:58:04,43421.00,50,208375
20221124,10:58:10,43421.00,250,208375
20221124,10:58:21,43421.00,25,208375
20221124,10:59:21,43421.00,50,208375
20221124,10:59:32,43421.00,75,208375
20221124,10:59:34,43421.00,50,208375
20221124,10:59:58,43418.55,100,208575
20221124,11:00:06,43420.75,25,208575
20221124,11:00:11,43425.00,25,208575
20221124,11:00:19,43424.00,25,208575
20221124,11:00:20,43425.00,400,208575
20221124,11:00:22,43425.00,25,208575
20221124,11:00:25,43416.30,275,208575
20221124,11:00:31,43420.70,25,208575
20221124,11:00:39,43420.70,25,208575
20221124,11:00:41,43417.20,25,208575
20221124,11:00:45,43416.95,100,208575
20221124,11:00:47,43420.00,25,208575
20221124,11:01:00,43414.10,25,208575
20221124,11:01:09,43414.10,25,208575
20221124,11:01:15,43411.00,50,208575
20221124,11:01:21,43410.70,50,208575
20221124,11:01:39,43410.70,25,208575
20221124,11:01:42,43410.70,75,208575
20221124,11:01:46,43410.70,50,208575
20221124,11:02:19,43410.70,100,208575
20221124,11:02:20,43410.70,25,208575
20221124,11:02:46,43411.00,25,208575
20221124,11:02:48,43419.25,100,208575
20221124,11:03:02,43417.00,25,209175
20221124,11:03:26,43408.55,25,209175
20221124,11:03:34,43411.20,50,209175
20221124,11:03:38,43411.20,25,209175
20221124,11:03:44,43410.70,25,209175
20221124,11:03:53,43410.70,50,209175
20221124,11:04:09,43407.75,50,209175
20221124,11:04:20,43410.70,25,209175
20221124,11:04:22,43410.70,25,209175
20221124,11:04:25,43410.70,25,209175
20221124,11:04:32,43410.70,25,209175
20221124,11:04:35,43410.00,25,209175
20221124,11:04:40,43406.30,50,209175
20221124,11:04:43,43410.70,50,209175
20221124,11:04:45,43408.55,50,209175
20221124,11:04:53,43408.55,400,209175
20221124,11:05:02,43411.00,25,209175
20221124,11:05:06,43411.00,50,209175
20221124,11:05:08,43411.00,50,209175
20221124,11:05:23,43412.45,25,209175
20221124,11:05:24,43411.00,25,209175
20221124,11:05:31,43415.00,50,209175
20221124,11:05:39,43417.00,50,209175
20221124,11:05:41,43420.00,25,209175
20221124,11:05:56,43419.00,25,209425
20221124,11:05:58,43420.00,25,209425
20221124,11:06:01,43418.00,25,209425
20221124,11:06:08,43418.00,50,209425
20221124,11:06:11,43418.00,25,209425
20221124,11:06:15,43419.00,25,209425
20221124,11:06:17,43420.00,25,209425
20221124,11:06:20,43419.00,25,209425
20221124,11:06:22,43419.00,25,209425
20221124,11:06:26,43419.00,25,209425
20221124,11:06:28,43419.00,25,209425
20221124,11:06:29,43424.90,50,209425
20221124,11:07:48,43425.00,25,209425
20221124,11:07:56,43425.00,50,209425
20221124,11:08:40,43425.00,25,209425
20221124,11:08:43,43425.00,25,209425
20221124,11:08:53,43429.15,75,209650
20221124,11:09:32,43429.15,25,209650
20221124,11:10:24,43429.00,25,209650
20221124,11:10:37,43429.15,25,209650
20221124,11:10:53,43429.20,50,209650
20221124,11:11:06,43432.00,50,209650
20221124,11:11:45,43433.75,25,209650
20221124,11:11:52,43430.00,25,209800
20221124,11:11:57,43430.00,25,209800
20221124,11:12:01,43430.00,50,209800
20221124,11:12:06,43430.00,25,209800
20221124,11:12:08,43435.05,50,209800
20221124,11:13:06,43429.15,25,209800
20221124,11:13:09,43429.15,25,209800
20221124,11:13:39,43428.95,25,209800
20221124,11:14:06,43421.00,25,209800
20221124,11:14:26,43420.05,25,209800
20221124,11:14:48,43420.05,25,209800
20221124,11:14:59,43424.55,100,209800
20221124,11:15:21,43415.00,50,209925
20221124,11:15:35,43422.90,175,209925
20221124,11:15:42,43422.90,75,209925
20221124,11:15:43,43422.90,50,209925
20221124,11:15:45,43422.90,50,209925
20221124,11:15:46,43422.90,275,209925
20221124,11:15:48,43422.90,25,209925
20221124,11:15:57,43422.90,25,209925
20221124,11:16:04,43422.90,25,209925
20221124,11:16:06,43422.90,25,209925
20221124,11:16:23,43417.65,25,209925
20221124,11:16:32,43422.90,25,209925
20221124,11:16:48,43424.45,75,209925
20221124,11:17:32,43425.00,25,209925
20221124,11:17:43,43425.05,25,209925
20221124,11:17:58,43430.00,75,210600
20221124,11:18:00,43430.00,50,210600
20221124,11:18:04,43429.05,150,210600
20221124,11:18:49,43432.95,75,210600
20221124,11:18:50,43432.95,100,210600
20221124,11:18:55,43432.95,100,210600
20221124,11:18:57,43432.95,50,210600
20221124,11:18:58,43432.95,150,210600
20221124,11:19:00,43432.85,50,210600
20221124,11:19:15,43428.75,25,210600
20221124,11:19:56,43428.75,25,210600
20221124,11:20:22,43425.95,25,210600
20221124,11:20:29,43417.65,25,210600
20221124,11:20:33,43418.10,100,210600
20221124,11:20:36,43417.75,25,210600
20221124,11:20:37,43417.75,25,210600
20221124,11:20:48,43425.00,100,210600
20221124,11:21:42,43423.30,25,211325
20221124,11:23:08,43415.00,25,211325
20221124,11:23:33,43413.00,75,211325
20221124,11:23:40,43411.20,25,211325
20221124,11:23:54,43418.00,25,211250
20221124,11:23:57,43411.05,200,211250
20221124,11:24:07,43411.00,25,211250
20221124,11:25:46,43405.55,75,211250
20221124,11:25:56,43411.00,25,211250
20221124,11:26:03,43417.55,100,211250
20221124,11:26:09,43405.65,25,211250
20221124,11:26:14,43416.35,25,211250
20221124,11:27:42,43406.40,25,211250
20221124,11:28:37,43405.50,50,211250
20221124,11:29:06,43405.00,25,211250
20221124,11:29:18,43405.50,25,211250
20221124,11:29:21,43405.50,25,211250
20221124,11:29:24,43405.50,75,211250
20221124,11:30:03,43401.40,25,211400
20221124,11:30:11,43400.00,175,211400
20221124,11:30:14,43398.50,50,211400
20221124,11:30:36,43400.00,175,211400
20221124,11:30:38,43400.00,25,211400
20221124,11:30:39,43407.75,100,211400
20221124,11:30:44,43407.55,25,211400
20221124,11:31:00,43403.05,25,211400
20221124,11:32:10,43403.05,25,211400
20221124,11:32:16,43400.55,100,211400
20221124,11:32:19,43409.85,25,211400
20221124,11:32:29,43410.00,25,211400
20221124,11:32:41,43412.00,25,211400
20221124,11:33:02,43416.00,25,212025
20221124,11:33:05,43415.00,25,212025
20221124,11:33:29,43415.00,25,212025
20221124,11:33:50,43410.00,25,212025
20221124,11:34:31,43401.60,25,212025
20221124,11:35:41,43408.00,25,212025
20221124,11:36:00,43411.90,25,212125
20221124,11:36:11,43410.90,25,212125
20221124,11:36:20,43410.90,25,212125
20221124,11:36:23,43410.90,25,212125
20221124,11:36:29,43410.90,25,212125
20221124,11:36:59,43409.80,25,212125
20221124,11:37:54,43415.00,25,212125
20221124,11:38:08,43415.05,25,212125
20221124,11:38:39,43416.00,25,212125
20221124,11:38:49,43415.00,25,212125
20221124,11:38:55,43419.75,25,212125
20221124,11:39:22,43409.85,50,212225
20221124,11:40:12,43415.00,25,212225
20221124,11:41:01,43414.20,25,212225
20221124,11:41:35,43415.00,50,212225
20221124,11:41:36,43411.25,25,212225
20221124,11:42:05,43407.65,200,212325
20221124,11:44:12,43414.40,25,212325
20221124,11:44:19,43422.10,50,212325
20221124,11:44:36,43418.85,25,212325
20221124,11:44:40,43418.85,25,212325
20221124,11:44:57,43424.45,50,212550
20221124,11:45:24,43425.00,100,212550
20221124,11:47:25,43413.05,25,212550
20221124,11:48:31,43419.05,25,212650
20221124,11:48:36,43408.30,25,212650
20221124,11:48:41,43418.70,25,212650
20221124,11:49:17,43411.35,25,212650
20221124,11:50:39,43411.35,25,212650
20221124,11:51:15,43400.00,100,212675
20221124,11:51:26,43400.00,25,212675
20221124,11:52:11,43395.25,50,212675
20221124,11:52:21,43392.80,25,212675
20221124,11:52:40,43396.90,25,212675
20221124,11:52:48,43390.75,25,212675
20221124,11:52:59,43390.05,25,212675
20221124,11:53:18,43397.00,25,212675
20221124,11:54:20,43391.50,25,212725
20221124,11:54:38,43399.00,25,212725
20221124,11:54:44,43399.00,25,212725
20221124,11:54:46,43400.00,25,212725
20221124,11:55:43,43400.00,25,212725
20221124,11:56:11,43400.00,25,212725
20221124,11:56:20,43400.00,25,212725
20221124,11:56:38,43402.00,25,212725
20221124,11:56:56,43400.25,25,212725
20221124,11:58:15,43401.25,75,212925
20221124,11:58:33,43403.00,25,212925
20221124,11:58:56,43401.00,25,212925
20221124,11:58:59,43402.00,50,212925
20221124,11:59:25,43402.00,25,212925
20221124,12:01:22,43400.25,25,213100
20221124,12:01:31,43400.00,175,213100
20221124,12:01:40,43399.95,100,213100
20221124,12:01:43,43392.30,200,213100
20221124,12:01:45,43392.25,200,213100
20221124,12:02:36,43397.25,100,213100
20221124,12:02:39,43400.00,50,213100
20221124,12:02:41,43400.00,150,213100
20221124,12:02:42,43409.95,75,213100
20221124,12:02:46,43398.20,100,213100
20221124,12:02:52,43409.95,25,213100
20221124,12:03:00,43410.00,250,214100
20221124,12:03:02,43410.00,25,214100
20221124,12:03:05,43410.00,25,214100
20221124,12:03:06,43410.00,25,214100
20221124,12:03:21,43409.95,25,214100
20221124,12:03:40,43401.65,25,214100
20221124,12:03:42,43401.50,25,214100
20221124,12:04:00,43404.20,25,214100
20221124,12:04:03,43409.95,25,214100
20221124,12:04:12,43410.00,25,214100
20221124,12:04:14,43410.00,100,214100
20221124,12:04:16,43410.00,50,214100
20221124,12:04:17,43410.00,150,214100
20221124,12:04:32,43410.10,25,214100
20221124,12:04:44,43419.95,25,214100
20221124,12:04:45,43419.90,25,214100
20221124,12:04:51,43411.95,25,214100
20221124,12:04:53,43411.95,25,214100
20221124,12:04:54,43411.95,25,214100
20221124,12:05:00,43411.95,25,214100
20221124,12:05:03,43410.30,25,214100
20221124,12:05:09,43419.85,25,214100
20221124,12:05:46,43419.30,25,214100
20221124,12:05:50,43419.30,25,214100
20221124,12:06:05,43411.00,25,214750
20221124,12:08:26,43412.05,25,214750
20221124,12:08:39,43412.90,25,214750
20221124,12:09:00,43419.00,75,214775
20221124,12:09:25,43419.00,25,214775
20221124,12:09:59,43419.00,25,214775
20221124,12:11:31,43419.00,25,214775
20221124,12:12:30,43415.50,50,214775
20221124,12:12:33,43419.00,25,214700
20221124,12:12:36,43419.00,25,214700
20221124,12:12:37,43419.00,25,214700
20221124,12:12:39,43419.00,25,214700
20221124,12:12:40,43419.00,150,214700
20221124,12:12:46,43419.00,50,214700
20221124,12:12:48,43419.00,75,214700
20221124,12:12:49,43420.00,25,214700
20221124,12:12:52,43420.00,25,214700
20221124,12:13:21,43425.00,25,214700
20221124,12:13:32,43425.00,25,214700
20221124,12:13:33,43425.00,50,214700
20221124,12:13:36,43425.00,25,214700
20221124,12:14:16,43421.25,25,214700
20221124,12:14:49,43428.50,25,214700
20221124,12:15:23,43430.00,25,214875
20221124,12:15:40,43430.00,50,214875
20221124,12:15:41,43430.00,75,214875
20221124,12:15:43,43430.00,125,214875
20221124,12:15:45,43430.00,125,214875
20221124,12:15:50,43433.00,25,214875
20221124,12:15:51,43446.75,250,214875
20221124,12:15:53,43455.25,800,214875
20221124,12:15:56,43455.25,25,214875
20221124,12:16:28,43439.85,25,214875
20221124,12:16:29,43439.85,25,214875
20221124,12:16:32,43443.65,25,214875
20221124,12:16:37,43439.85,25,214875
20221124,12:16:43,43443.65,25,214875
20221124,12:16:49,43441.00,25,214875
20221124,12:16:54,43442.60,25,214875
20221124,12:17:02,43443.00,25,214875
20221124,12:17:08,43443.65,25,214875
20221124,12:17:23,43442.65,25,214875
20221124,12:17:29,43440.85,50,214875
20221124,12:17:35,43441.60,50,214875
20221124,12:17:39,43439.85,25,214875
20221124,12:17:46,43431.70,25,214875
20221124,12:18:01,43431.30,75,214875
20221124,12:18:20,43430.90,50,215400
20221124,12:18:35,43431.45,75,215400
20221124,12:18:56,43425.00,25,215400
20221124,12:18:58,43425.00,25,215400
20221124,12:19:11,43431.50,75,215400
20221124,12:19:26,43427.00,125,215400
20221124,12:19:27,43427.00,75,215400
20221124,12:19:40,43425.00,250,215400
20221124,12:20:08,43422.70,25,215400
20221124,12:20:12,43426.00,200,215400
20221124,12:20:38,43420.00,25,215400
20221124,12:20:44,43421.85,25,215400
20221124,12:20:51,43420.00,25,215400
20221124,12:20:59,43419.00,25,215400
20221124,12:21:21,43410.00,25,215950
20221124,12:21:32,43409.30,25,215950
20221124,12:21:49,43410.00,100,215950
20221124,12:22:26,43410.00,25,215950
20221124,12:22:29,43410.00,25,215950
20221124,12:22:44,43406.00,25,215950
20221124,12:22:48,43408.00,25,215950
20221124,12:22:51,43408.00,25,215950
20221124,12:22:59,43409.90,25,215950
20221124,12:23:01,43408.00,100,215950
20221124,12:23:40,43407.50,25,215950
20221124,12:23:48,43407.50,125,215950
20221124,12:23:59,43405.00,25,215950
20221124,12:24:04,43406.55,25,216275
20221124,12:24:14,43406.55,500,216275
20221124,12:24:26,43403.00,25,216275
20221124,12:24:37,43403.05,25,216275
20221124,12:24:52,43403.00,75,216275
20221124,12:25:08,43403.00,25,216275
20221124,12:25:11,43403.00,25,216275
20221124,12:25:18,43403.00,325,216275
20221124,12:25:20,43403.00,75,216275
20221124,12:25:21,43400.00,200,216275
20221124,12:25:40,43398.60,25,216275
20221124,12:25:45,43395.00,25,216275
20221124,12:26:11,43391.60,150,216275
20221124,12:26:29,43395.00,25,216275
20221124,12:27:12,43395.00,25,216925
20221124,12:27:18,43391.50,75,216925
20221124,12:27:24,43397.90,225,216925
20221124,12:27:36,43397.90,100,216925
20221124,12:27:43,43400.00,25,216925
20221124,12:28:01,43400.00,25,216925
20221124,12:28:17,43401.00,100,216925
20221124,12:28:36,43397.95,50,216925
20221124,12:28:50,43400.00,25,216925
20221124,12:28:54,43400.00,25,216925
20221124,12:29:05,43407.05,150,216925
20221124,12:29:21,43392.25,50,216925
20221124,12:30:31,43392.30,25,217200
20221124,12:30:41,43393.05,25,217200
20221124,12:30:46,43393.00,25,217200
20221124,12:31:17,43400.00,75,217200
20221124,12:31:44,43400.00,25,217200
20221124,12:32:19,43396.85,25,217200
20221124,12:32:34,43400.00,25,217200
20221124,12:32:37,43395.00,25,217200
20221124,12:32:41,43393.00,25,217200
20221124,12:32:57,43395.00,25,217200
20221124,12:33:08,43395.00,25,217425
20221124,12:33:14,43395.00,50,217425
20221124,12:33:17,43395.00,100,217425
20221124,12:33:25,43400.00,25,217425
20221124,12:34:03,43398.00,25,217425
20221124,12:34:16,43395.00,25,217425
20221124,12:34:40,43395.00,25,217425
20221124,12:35:13,43395.00,25,217425
20221124,12:35:41,43390.00,750,217425
20221124,12:35:44,43390.00,100,217425
20221124,12:35:45,43392.25,25,217425
20221124,12:36:22,43390.00,250,217400
20221124,12:36:27,43390.00,150,217400
20221124,12:36:29,43390.00,150,217400
20221124,12:36:30,43390.00,100,217400
20221124,12:36:32,43390.00,25,217400
20221124,12:36:33,43388.00,250,217400
20221124,12:36:35,43390.00,50,217400
20221124,12:36:38,43390.00,75,217400
20221124,12:36:39,43392.25,25,217400
20221124,12:36:52,43391.00,25,217400
20221124,12:36:54,43391.00,25,217400
20221124,12:36:57,43391.00,75,217400
20221124,12:37:04,43391.00,25,217400
20221124,12:37:05,43391.00,25,217400
20221124,12:37:22,43391.00,25,217400
20221124,12:37:29,43395.95,50,217400
20221124,12:38:06,43395.00,25,217400
20221124,12:38:49,43404.40,25,217400
20221124,12:38:58,43404.70,25,217400
20221124,12:39:18,43400.05,25,217825
20221124,12:39:58,43400.00,25,217825
20221124,12:41:22,43400.05,25,217825
20221124,12:41:26,43395.00,50,217825
20221124,12:41:31,43395.00,25,217825
20221124,12:42:28,43395.00,25,217850
20221124,12:43:23,43387.20,25,217850
20221124,12:43:40,43387.20,50,217850
20221124,12:44:00,43396.80,25,217850
20221124,12:44:08,43396.80,100,217850
20221124,12:44:11,43397.45,25,217850
20221124,12:44:32,43387.65,50,217850
20221124,12:45:43,43392.60,25,218000
20221124,12:45:57,43398.00,100,218000
20221124,12:46:01,43398.15,75,218000
20221124,12:46:02,43398.15,225,218000
20221124,12:46:06,43409.85,100,218000
20221124,12:46:46,43401.40,25,218000
20221124,12:47:21,43401.65,25,218000
20221124,12:47:43,43404.00,25,218000
20221124,12:47:56,43404.00,25,218000
20221124,12:49:14,43404.00,50,218200
20221124,12:49:16,43401.25,25,218200
20221124,12:50:42,43410.00,25,218200
20221124,12:50:48,43410.00,25,218200
20221124,12:50:53,43406.80,25,218200
20221124,12:51:07,43414.00,25,218200
20221124,12:51:23,43413.90,50,218275
20221124,12:51:32,43413.90,25,218275
20221124,12:51:38,43413.90,50,218275
20221124,12:51:40,43413.90,25,218275
20221124,12:51:46,43413.90,25,218275
20221124,12:51:49,43413.90,25,218275
20221124,12:51:52,43413.90,50,218275
20221124,12:51:54,43414.00,25,218275
20221124,12:51:56,43414.00,50,218275
20221124,12:51:57,43414.00,175,218275
20221124,12:51:59,43414.00,25,218275
20221124,12:52:02,43415.00,25,218275
20221124,12:52:04,43415.90,75,218275
20221124,12:52:07,43415.90,25,218275
20221124,12:52:12,43415.90,50,218275
20221124,12:52:14,43415.90,25,218275
20221124,12:52:20,43415.90,50,218275
20221124,12:52:22,43415.90,25,218275
20221124,12:52:28,43416.50,25,218275
20221124,12:52:30,43418.25,75,218275
20221124,12:52:31,43417.25,50,218275
20221124,12:52:53,43418.95,25,218275
20221124,12:53:07,43418.00,25,218275
20221124,12:53:57,43418.00,25,218275
20221124,12:55:11,43409.00,100,219225
20221124,12:55:13,43409.00,50,219225
20221124,12:55:16,43409.00,100,219225
20221124,12:56:24,43412.60,25,219225
20221124,12:56:33,43406.90,25,219225
20221124,12:58:31,43415.00,25,219475
20221124,12:58:32,43419.00,25,219475
20221124,13:02:22,43405.95,50,219525
20221124,13:02:25,43415.40,25,219525
20221124,13:02:38,43414.85,25,219525
20221124,13:02:59,43405.95,50,219525
20221124,13:03:06,43405.90,25,219525
20221124,13:03:12,43413.95,25,219575
20221124,13:03:34,43401.25,25,219575
20221124,13:05:23,43400.00,25,219575
20221124,13:05:45,43392.90,25,219575
20221124,13:06:05,43399.95,25,219575
20221124,13:06:13,43391.00,25,219675
20221124,13:06:23,43400.00,125,219675
20221124,13:06:29,43402.95,25,219675
20221124,13:06:50,43391.25,100,219675
20221124,13:07:00,43391.25,25,219675
20221124,13:07:03,43403.80,50,219675
20221124,13:07:13,43402.70,50,219675
20221124,13:07:31,43398.30,50,219675
20221124,13:07:37,43398.35,25,219675
20221124,13:07:46,43398.35,25,219675
20221124,13:07:49,43400.60,25,219675
20221124,13:08:06,43390.35,50,219675
20221124,13:08:16,43395.00,25,219675
20221124,13:08:27,43390.95,25,219675
20221124,13:08:33,43390.45,100,219675
20221124,13:08:43,43398.80,50,219675
20221124,13:08:45,43390.75,25,219675
20221124,13:08:48,43390.95,25,219675
20221124,13:08:53,43398.65,50,219675
20221124,13:09:04,43390.50,25,219675
20221124,13:09:05,43390.50,25,219675
20221124,13:09:10,43390.50,25,219675
20221124,13:09:16,43390.50,25,219800
20221124,13:09:20,43390.50,25,219800
20221124,13:09:50,43390.45,150,219800
20221124,13:09:52,43390.00,25,219800
20221124,13:09:53,43394.85,25,219800
20221124,13:09:58,43388.05,25,219800
20221124,13:10:11,43388.00,50,219800
20221124,13:10:14,43385.00,100,219800
20221124,13:10:16,43383.30,25,219800
20221124,13:10:24,43375.00,150,219800
20221124,13:10:27,43370.00,525,219800
20221124,13:10:29,43366.95,25,219800
20221124,13:11:18,43372.50,25,219800
20221124,13:11:20,43371.70,25,219800
20221124,13:11:23,43373.50,25,219800
20221124,13:11:26,43376.40,25,219800
20221124,13:12:03,43376.40,25,219800
20221124,13:12:16,43379.85,25,220375
20221124,13:12:21,43371.30,25,220375
20221124,13:12:29,43379.00,25,220375
20221124,13:13:14,43380.00,25,220375
20221124,13:13:24,43380.00,175,220375
20221124,13:13:52,43382.00,25,220375
20221124,13:14:07,43383.00,25,220375
20221124,13:14:16,43383.00,25,220375
20221124,13:15:19,43383.00,25,220525
20221124,13:15:22,43375.05,25,220525
20221124,13:15:32,43375.00,50,220525
20221124,13:15:41,43376.25,25,220525
20221124,13:16:08,43376.80,50,220525
20221124,13:16:09,43377.45,25,220525
20221124,13:17:11,43377.45,25,220525
20221124,13:17:24,43375.00,25,220525
20221124,13:17:32,43375.05,25,220525
20221124,13:17:35,43380.00,25,220525
20221124,13:17:39,43382.00,25,220525
20221124,13:17:58,43374.50,25,220525
20221124,13:18:19,43376.95,100,220575
20221124,13:19:04,43370.00,50,220575
20221124,13:19:07,43366.95,75,220575
20221124,13:19:09,43368.00,25,220575
20221124,13:19:26,43366.00,25,220575
20221124,13:19:31,43365.00,25,220575
20221124,13:19:52,43369.95,25,220575
20221124,13:20:09,43361.00,50,220575
20221124,13:20:18,43360.00,125,220575
20221124,13:20:38,43363.20,150,220575
20221124,13:20:52,43363.00,50,220575
20221124,13:21:02,43372.00,25,220575
20221124,13:21:35,43363.00,25,220550
20221124,13:21:50,43364.55,25,220550
20221124,13:21:57,43363.45,100,220550
20221124,13:22:51,43360.00,50,220550
20221124,13:23:22,43360.00,75,220550
20221124,13:23:46,43360.00,50,220550
20221124,13:23:49,43360.00,25,220550
20221124,13:23:54,43360.00,100,220550
20221124,13:23:58,43359.00,25,220550
20221124,13:24:04,43355.00,25,220550
20221124,13:24:06,43353.60,50,220550
20221124,13:24:09,43353.60,50,220550
20221124,13:24:11,43353.60,50,220550
20221124,13:24:13,43353.60,50,220550
20221124,13:24:14,43353.60,25,220550
20221124,13:24:16,43353.60,25,220850
20221124,13:24:31,43354.00,25,220850
20221124,13:24:37,43351.00,25,220850
20221124,13:24:40,43350.00,25,220850
20221124,13:24:47,43351.00,25,220850
20221124,13:24:58,43350.00,50,220850
20221124,13:25:16,43351.00,25,220850
20221124,13:25:22,43350.00,25,220850
20221124,13:25:24,43350.00,25,220850
20221124,13:25:35,43350.00,50,220850
20221124,13:25:37,43350.00,25,220850
20221124,13:25:48,43350.00,50,220850
20221124,13:26:02,43350.00,75,220850
20221124,13:26:19,43350.00,50,220850
20221124,13:26:21,43350.00,50,220850
20221124,13:26:22,43354.00,50,220850
20221124,13:26:25,43350.00,25,220850
20221124,13:26:27,43353.45,50,220850
20221124,13:26:29,43351.15,100,220850
20221124,13:26:33,43354.00,25,220850
20221124,13:26:51,43353.45,25,220850
20221124,13:27:15,43350.00,75,220850
20221124,13:27:21,43350.00,50,220975
20221124,13:27:25,43350.00,25,220975
20221124,13:27:27,43349.95,25,220975
20221124,13:27:47,43349.00,25,220975
20221124,13:27:50,43350.00,25,220975
20221124,13:28:08,43353.90,50,220975
20221124,13:28:14,43353.90,25,220975
20221124,13:28:32,43353.90,25,220975
20221124,13:28:46,43350.00,100,220975
20221124,13:29:01,43353.90,75,220975
20221124,13:29:03,43355.00,75,220975
20221124,13:29:06,43355.00,75,220975
20221124,13:29:16,43360.00,150,220975
20221124,13:29:20,43360.00,75,220975
20221124,13:29:22,43360.00,75,220975
20221124,13:29:40,43372.00,175,220975
20221124,13:29:42,43363.50,125,220975
20221124,13:30:28,43363.50,25,221700
20221124,13:30:53,43360.00,50,221700
20221124,13:30:59,43360.00,225,221700
20221124,13:31:13,43354.25,25,221700
20221124,13:31:15,43360.00,25,221700
20221124,13:31:17,43354.70,25,221700
20221124,13:31:20,43363.45,25,221700
20221124,13:31:29,43363.50,50,221700
20221124,13:31:31,43356.00,250,221700
20221124,13:31:33,43356.00,50,221700
20221124,13:32:03,43375.50,225,221700
20221124,13:32:33,43376.75,25,221700
20221124,13:32:40,43371.75,25,221700
20221124,13:34:10,43360.00,50,222275
20221124,13:34:56,43355.50,25,222275
20221124,13:34:58,43360.00,25,222275
20221124,13:35:29,43355.00,25,222275
20221124,13:35:39,43350.05,50,222275
20221124,13:35:40,43350.05,75,222275
20221124,13:36:24,43350.05,25,222500
20221124,13:36:33,43351.00,25,222500
20221124,13:38:32,43351.00,25,222500
20221124,13:38:42,43351.75,25,222500
20221124,13:39:19,43356.05,25,222600
20221124,13:39:54,43356.00,25,222600
20221124,13:40:22,43360.00,25,222600
20221124,13:40:35,43358.30,75,222600
20221124,13:41:10,43353.80,25,222600
20221124,13:41:41,43361.80,50,222600
20221124,13:41:56,43360.00,25,222600
20221124,13:42:14,43351.65,25,222600
20221124,13:42:30,43354.00,25,222775
20221124,13:44:00,43356.25,25,222775
20221124,13:44:07,43354.00,25,222775
20221124,13:44:33,43350.15,25,222775
20221124,13:44:48,43358.75,25,222775
20221124,13:45:06,43358.80,50,222775
20221124,13:45:39,43358.80,75,222900
20221124,13:45:48,43368.10,175,222900
20221124,13:45:49,43367.90,50,222900
20221124,13:45:53,43367.95,25,222900
20221124,13:46:01,43361.25,25,222900
20221124,13:46:11,43363.55,200,222900
20221124,13:46:26,43369.35,25,222900
20221124,13:46:50,43362.00,25,222900
20221124,13:46:57,43371.80,50,222900
20221124,13:47:04,43371.80,25,222900
20221124,13:47:07,43371.80,25,222900
20221124,13:47:08,43374.25,225,222900
20221124,13:47:10,43379.70,50,222900
20221124,13:47:12,43379.70,100,222900
20221124,13:47:20,43379.70,25,222900
20221124,13:47:23,43380.00,50,222900
20221124,13:47:27,43380.00,125,222900
20221124,13:47:28,43385.00,125,222900
20221124,13:47:43,43388.70,125,222900
20221124,13:47:47,43385.00,25,222900
20221124,13:48:02,43387.80,25,222900
20221124,13:48:18,43387.80,50,222900
20221124,13:48:21,43381.80,50,224125
20221124,13:48:24,43387.80,50,224125
20221124,13:48:25,43387.80,50,224125
20221124,13:48:27,43385.55,250,224125
20221124,13:48:29,43387.80,75,224125
20221124,13:48:30,43387.80,25,224125
20221124,13:48:32,43383.10,125,224125
20221124,13:49:46,43383.10,25,224125
20221124,13:49:57,43380.00,50,224125
20221124,13:50:40,43380.15,25,224125
20221124,13:51:03,43389.65,50,224125
20221124,13:51:56,43389.75,25,224800
20221124,13:52:05,43389.80,25,224800
20221124,13:52:19,43387.95,25,224800
20221124,13:52:38,43388.00,50,224800
20221124,13:52:39,43389.80,50,224800
20221124,13:52:41,43389.80,50,224800
20221124,13:52:43,43389.80,25,224800
20221124,13:52:49,43383.70,25,224800
20221124,13:52:50,43389.80,25,224800
20221124,13:52:53,43389.80,75,224800
20221124,13:52:55,43390.00,25,224800
20221124,13:53:09,43390.00,25,224800
20221124,13:55:22,43392.00,50,225175
20221124,13:55:37,43382.65,25,225175
20221124,13:55:41,43382.65,25,225175
20221124,13:55:46,43382.75,25,225175
20221124,13:55:59,43385.00,25,225175
20221124,13:56:11,43385.00,25,225175
20221124,13:56:23,43385.00,25,225175
20221124,13:56:25,43390.00,25,225175
20221124,13:56:32,43391.70,25,225175
20221124,13:57:03,43383.00,25,225175
20221124,13:57:18,43381.40,25,225175
20221124,13:58:34,43390.70,50,225250
20221124,13:58:36,43390.70,125,225250
20221124,13:58:37,43390.70,25,225250
20221124,13:58:42,43390.70,50,225250
20221124,13:58:59,43387.80,75,225250
20221124,13:59:01,43394.70,25,225250
20221124,13:59:03,43391.15,25,225250
20221124,13:59:22,43391.15,25,225250
20221124,14:00:08,43384.10,25,225250
20221124,14:00:10,43384.10,25,225250
20221124,14:00:14,43384.10,25,225250
20221124,14:02:19,43384.10,75,225425
20221124,14:02:22,43384.10,25,225425
20221124,14:02:23,43390.10,25,225425
20221124,14:02:26,43390.75,25,225425
20221124,14:03:35,43390.75,25,225425
20221124,14:03:48,43381.40,25,225475
20221124,14:03:49,43381.55,25,225475
20221124,14:04:09,43389.95,25,225475
20221124,14:04:11,43390.80,50,225475
20221124,14:04:13,43390.80,50,225475
20221124,14:04:14,43390.80,100,225475
20221124,14:04:16,43390.80,75,225475
20221124,14:04:35,43394.70,25,225475
20221124,14:04:39,43394.75,25,225475
20221124,14:04:42,43394.75,25,225475
20221124,14:04:46,43394.75,50,225475
20221124,14:04:47,43395.00,50,225475
20221124,14:04:49,43400.00,100,225475
20221124,14:04:59,43400.00,25,225475
20221124,14:05:00,43400.00,50,225475
20221124,14:05:02,43406.95,25,225475
20221124,14:05:04,43399.85,125,225475
20221124,14:05:07,43407.55,50,225475
20221124,14:05:12,43408.80,25,225475
20221124,14:05:19,43400.00,25,225475
20221124,14:05:55,43403.30,25,225475
20221124,14:06:04,43408.85,25,225475
20221124,14:06:15,43408.80,50,225475
20221124,14:06:17,43407.95,25,225475
20221124,14:07:17,43409.55,100,226225
20221124,14:07:21,43407.95,75,226225
20221124,14:07:29,43410.00,25,226225
20221124,14:07:35,43410.00,25,226225
20221124,14:07:41,43419.00,25,226225
20221124,14:07:47,43416.70,25,226225
20221124,14:08:01,43407.95,25,226225
20221124,14:08:03,43407.95,150,226225
20221124,14:08:14,43400.00,25,226225
20221124,14:08:46,43400.00,25,226225
20221124,14:09:09,43388.40,50,226225
20221124,14:09:24,43388.40,25,226275
20221124,14:10:11,43390.30,25,226275
20221124,14:10:21,43397.45,25,226275
20221124,14:10:22,43397.50,175,226275
20221124,14:10:25,43397.50,25,226275
20221124,14:10:27,43397.50,25,226275
20221124,14:10:28,43397.50,25,226275
20221124,14:10:37,43402.70,25,226275
20221124,14:11:06,43404.00,25,226275
20221124,14:11:23,43410.95,25,226275
20221124,14:11:29,43405.00,25,226275
20221124,14:11:46,43401.50,250,226275
20221124,14:11:48,43410.65,25,226275
20221124,14:11:54,43410.70,75,226275
20221124,14:12:04,43410.70,25,226275
20221124,14:12:11,43414.50,75,226275
20221124,14:12:24,43411.00,50,226275
20221124,14:12:43,43415.00,250,226675
20221124,14:12:52,43415.00,250,226675
20221124,14:12:53,43410.00,25,226675
20221124,14:12:59,43415.50,50,226675
20221124,14:13:46,43402.95,25,226675
20221124,14:13:49,43402.90,25,226675
20221124,14:14:22,43410.90,100,226675
20221124,14:14:24,43410.90,25,226675
20221124,14:14:25,43409.00,25,226675
20221124,14:14:28,43410.90,25,226675
20221124,14:14:39,43410.90,25,226675
20221124,14:14:59,43410.90,50,226675
20221124,14:15:04,43410.90,25,226675
20221124,14:15:13,43410.90,25,226675
20221124,14:15:25,43415.00,75,226675
20221124,14:15:26,43415.00,25,227525
20221124,14:15:29,43415.00,50,227525
20221124,14:15:45,43417.70,25,227525
20221124,14:15:58,43415.00,25,227525
20221124,14:16:26,43415.00,25,227525
20221124,14:16:34,43415.00,25,227525
20221124,14:16:41,43415.00,25,227525
20221124,14:16:48,43417.70,25,227525
20221124,14:16:53,43418.00,25,227525
20221124,14:17:44,43418.70,250,227525
20221124,14:17:45,43419.50,25,227525
20221124,14:17:49,43419.90,25,227525
20221124,14:17:50,43420.00,25,227525
20221124,14:17:52,43420.65,200,227525
20221124,14:17:58,43421.00,25,227525
20221124,14:17:59,43421.00,25,227525
20221124,14:18:01,43425.00,250,227525
20221124,14:18:10,43420.65,25,227525
20221124,14:18:24,43421.90,25,227525
20221124,14:18:28,43425.00,125,228275
20221124,14:18:35,43421.90,75,228275
20221124,14:18:37,43421.90,25,228275
20221124,14:18:45,43421.90,25,228275
20221124,14:18:50,43422.25,25,228275
20221124,14:18:58,43425.40,50,228275
20221124,14:19:15,43421.00,25,228275
20221124,14:19:16,43425.55,125,228275
20221124,14:19:29,43420.00,25,228275
20221124,14:19:36,43420.00,25,228275
20221124,14:19:40,43420.00,125,228275
20221124,14:19:43,43420.00,25,228275
20221124,14:19:56,43418.90,25,228275
20221124,14:20:04,43419.45,75,228275
20221124,14:20:07,43415.00,50,228275
20221124,14:20:15,43407.85,50,228275
20221124,14:20:19,43407.35,25,228275
20221124,14:20:44,43407.35,25,228275
20221124,14:21:38,43394.15,25,228800
20221124,14:21:55,43405.00,25,228800
20221124,14:22:21,43402.90,50,228800
20221124,14:22:34,43402.90,25,228800
20221124,14:23:07,43409.45,50,228800
20221124,14:24:04,43402.15,25,228800
20221124,14:24:45,43402.15,25,228875
20221124,14:25:18,43405.00,25,228875
20221124,14:25:34,43412.00,25,228875
20221124,14:25:36,43412.00,25,228875
20221124,14:25:41,43412.00,25,228875
20221124,14:26:08,43409.00,25,228875
20221124,14:26:22,43405.00,50,228875
20221124,14:26:29,43405.00,50,228875
20221124,14:26:31,43405.35,25,228875
20221124,14:26:58,43402.50,25,228875
20221124,14:27:13,43402.15,25,228875
20221124,14:27:35,43400.00,25,228975
20221124,14:27:49,43400.00,25,228975
20221124,14:27:56,43399.00,25,228975
20221124,14:28:01,43399.00,25,228975
20221124,14:29:25,43399.95,25,228975
20221124,14:29:30,43399.95,125,228975
20221124,14:29:35,43407.35,25,228975
20221124,14:29:41,43399.95,75,228975
20221124,14:30:22,43403.30,25,228975
20221124,14:30:42,43409.00,50,229100
20221124,14:30:56,43407.30,25,229100
20221124,14:31:03,43408.40,75,229100
20221124,14:31:56,43403.15,25,229100
20221124,14:32:01,43408.40,25,229100
20221124,14:32:04,43408.40,50,229100
20221124,14:33:14,43403.15,50,229100
20221124,14:33:55,43400.00,25,229200
20221124,14:34:37,43397.00,50,229200
20221124,14:34:52,43390.00,200,229200
20221124,14:35:02,43396.95,50,229200
20221124,14:35:16,43390.70,25,229200
20221124,14:35:27,43391.00,25,229200
20221124,14:35:29,43390.00,200,229200
20221124,14:35:38,43390.70,25,229200
20221124,14:35:54,43396.20,25,229200
20221124,14:35:55,43396.20,25,229200
20221124,14:36:03,43400.00,75,229200
20221124,14:36:05,43396.40,25,229200
20221124,14:36:09,43396.40,50,229200
20221124,14:36:14,43396.40,25,229200
20221124,14:36:48,43396.20,25,229550
20221124,14:37:32,43400.00,25,229550
20221124,14:38:02,43410.00,75,229550
20221124,14:38:04,43412.60,25,229550
20221124,14:39:14,43396.20,225,229550
20221124,14:39:28,43390.00,50,229550
20221124,14:39:31,43390.00,50,229850
20221124,14:39:37,43390.00,25,229850
20221124,14:39:40,43390.00,25,229850
20221124,14:39:44,43390.00,50,229850
20221124,14:39:48,43390.00,25,229850
20221124,14:39:53,43390.00,50,229850
20221124,14:39:54,43390.00,25,229850
20221124,14:40:00,43390.00,25,229850
20221124,14:40:08,43389.95,25,229850
20221124,14:40:22,43389.95,50,229850
20221124,14:40:23,43389.95,25,229850
20221124,14:40:26,43389.95,50,229850
20221124,14:40:43,43389.00,25,229850
20221124,14:40:48,43389.95,25,229850
20221124,14:41:00,43389.95,50,229850
20221124,14:41:02,43389.95,25,229850
20221124,14:41:03,43390.00,50,229850
20221124,14:41:05,43390.00,25,229850
20221124,14:41:07,43390.00,50,229850
20221124,14:41:08,43390.00,100,229850
20221124,14:41:10,43390.00,50,229850
20221124,14:41:15,43393.00,50,229850
20221124,14:41:29,43393.00,50,229850
20221124,14:41:37,43393.00,50,229850
20221124,14:41:42,43393.00,25,229850
20221124,14:41:43,43393.00,25,229850
20221124,14:41:45,43395.35,25,229850
20221124,14:42:21,43385.75,25,229850
20221124,14:42:39,43378.00,50,229850
20221124,14:42:40,43377.00,100,230700
20221124,14:43:29,43377.00,25,230700
20221124,14:43:39,43373.40,75,230700
20221124,14:43:41,43375.00,25,230700
20221124,14:43:43,43380.00,25,230700
20221124,14:43:44,43380.00,400,230700
20221124,14:43:57,43381.00,25,230700
20221124,14:44:29,43377.35,50,230700
20221124,14:44:32,43381.00,25,230700
20221124,14:44:34,43381.00,25,230700
20221124,14:44:43,43380.95,25,230700
20221124,14:45:04,43376.00,25,230700
20221124,14:46:00,43380.95,25,231050
20221124,14:46:01,43381.00,25,231050
20221124,14:46:03,43381.00,25,231050
20221124,14:46:06,43381.00,25,231050
20221124,14:46:08,43381.00,50,231050
20221124,14:46:09,43381.00,25,231050
20221124,14:46:15,43381.00,25,231050
20221124,14:46:24,43381.00,25,231050
20221124,14:46:52,43376.00,25,231050
20221124,14:47:05,43371.00,25,231050
20221124,14:47:15,43365.65,25,231050
20221124,14:47:22,43367.95,25,231050
20221124,14:47:32,43384.95,150,231050
20221124,14:47:34,43385.00,50,231050
20221124,14:48:10,43388.90,75,231050
20221124,14:48:33,43392.05,25,231425
20221124,14:48:36,43383.60,50,231425
20221124,14:48:38,43391.40,50,231425
20221124,14:48:39,43390.60,50,231425
20221124,14:48:44,43384.95,50,231425
20221124,14:48:48,43395.30,100,231425
20221124,14:48:53,43394.35,25,231425
20221124,14:49:16,43390.15,25,231425
20221124,14:49:45,43390.05,50,231425
20221124,14:49:48,43398.60,225,231425
20221124,14:50:20,43403.30,125,231425
20221124,14:50:23,43393.55,50,231425
20221124,14:50:27,43393.55,25,231425
20221124,14:50:41,43401.60,25,231425
20221124,14:50:45,43408.00,25,231425
20221124,14:51:01,43400.00,25,231425
20221124,14:51:15,43398.80,25,231425
20221124,14:51:22,43390.00,750,231425
20221124,14:51:56,43404.65,25,232400
20221124,14:52:07,43396.80,25,232400
20221124,14:52:27,43396.25,25,232400
20221124,14:52:45,43396.25,25,232400
20221124,14:52:51,43406.65,75,232400
20221124,14:53:22,43393.95,25,232400
20221124,14:53:35,43398.40,75,232400
20221124,14:53:40,43406.65,200,232400
20221124,14:53:42,43406.65,25,232400
20221124,14:53:49,43406.65,25,232400
20221124,14:54:02,43406.65,25,232400
20221124,14:54:04,43408.00,25,232400
20221124,14:54:13,43400.00,250,232400
20221124,14:55:03,43409.45,25,232825
20221124,14:55:13,43409.45,50,232825
20221124,14:55:20,43398.40,25,232825
20221124,14:55:33,43409.40,25,232825
20221124,14:56:34,43409.00,25,232825
20221124,14:57:46,43408.90,50,232850
20221124,14:57:48,43400.15,25,232850
20221124,14:58:05,43402.25,825,232850
20221124,14:58:16,43403.35,550,232850
20221124,14:58:18,43405.90,900,232850
20221124,14:58:19,43405.50,25,232850
20221124,14:58:21,43404.30,100,232850
20221124,14:58:23,43407.95,175,232850
20221124,14:58:24,43415.00,400,232850
20221124,14:58:32,43415.00,50,232850
20221124,14:58:35,43414.25,25,232850
20221124,14:58:37,43415.00,25,232850
20221124,14:58:39,43415.00,125,232850
20221124,14:58:41,43415.00,25,232850
20221124,14:58:43,43415.00,25,232850
20221124,14:58:46,43415.00,100,232850
20221124,14:58:59,43415.00,25,232850
20221124,14:59:00,43418.15,150,232850
20221124,14:59:02,43415.80,375,232850
20221124,14:59:04,43417.25,225,232850
20221124,14:59:10,43420.00,125,232850
20221124,14:59:12,43420.00,50,232850
20221124,14:59:13,43420.00,50,232850
20221124,14:59:20,43420.00,25,232850
20221124,14:59:33,43420.60,25,232850
20221124,14:59:34,43425.00,25,232850
20221124,14:59:43,43425.00,25,232850
20221124,14:59:49,43425.00,25,232850
20221124,14:59:51,43430.00,50,232850
20221124,14:59:53,43430.00,25,232850
20221124,15:00:19,43440.00,150,232850
20221124,15:00:20,43440.00,25,232850
20221124,15:00:22,43440.40,150,232850
20221124,15:00:25,43441.00,25,232850
20221124,15:00:27,43444.95,50,232850
20221124,15:00:31,43440.90,25,232850
20221124,15:00:42,43440.90,25,237300
20221124,15:00:46,43440.00,100,237300
20221124,15:00:52,43440.00,25,237300
20221124,15:00:55,43446.95,25,237300
20221124,15:01:00,43444.55,50,237300
20221124,15:01:07,43439.70,25,237300
20221124,15:01:13,43436.65,25,237300
20221124,15:01:20,43445.00,50,237300
20221124,15:01:41,43441.05,50,237300
20221124,15:02:09,43443.55,50,237300
20221124,15:02:13,43441.05,125,237300
20221124,15:02:16,43445.15,50,237300
20221124,15:02:19,43444.95,25,237300
20221124,15:02:21,43441.60,25,237300
20221124,15:02:25,43444.95,25,237300
20221124,15:02:27,43446.95,25,237300
20221124,15:02:32,43450.00,150,237300
20221124,15:02:34,43450.00,225,237300
20221124,15:02:35,43451.00,400,237300
20221124,15:02:48,43450.90,50,237300
20221124,15:02:50,43455.00,25,237300
20221124,15:02:54,43452.55,25,237300
20221124,15:02:56,43452.55,225,237300
20221124,15:02:57,43452.55,25,237300
20221124,15:02:59,43452.55,100,237300
20221124,15:03:02,43452.55,25,237300
20221124,15:03:09,43451.25,125,237300
20221124,15:03:10,43457.85,200,237300
20221124,15:03:12,43452.55,300,237300
20221124,15:03:14,43452.55,200,237300
20221124,15:03:23,43457.10,25,237300
20221124,15:03:27,43452.55,50,237300
20221124,15:03:28,43452.55,25,237300
20221124,15:03:31,43456.30,75,237300
20221124,15:03:33,43459.90,25,238750
20221124,15:03:38,43459.90,50,238750
20221124,15:03:44,43453.70,25,238750
20221124,15:03:51,43456.25,50,238750
20221124,15:03:53,43456.25,50,238750
20221124,15:03:56,43453.70,125,238750
20221124,15:03:57,43453.70,100,238750
20221124,15:03:59,43453.70,25,238750
20221124,15:04:01,43456.25,175,238750
20221124,15:04:04,43459.90,25,238750
20221124,15:04:06,43456.50,25,238750
20221124,15:04:07,43459.90,25,238750
20221124,15:04:09,43459.90,50,238750
20221124,15:04:11,43456.50,25,238750
20221124,15:04:14,43459.90,150,238750
20221124,15:04:16,43464.90,100,238750
20221124,15:04:21,43464.90,25,238750
20221124,15:04:26,43461.85,50,238750
20221124,15:04:27,43465.00,50,238750
20221124,15:04:36,43468.00,150,238750
20221124,15:04:40,43470.00,100,238750
20221124,15:04:42,43471.00,25,238750
20221124,15:04:44,43475.00,75,238750
20221124,15:04:45,43475.00,50,238750
20221124,15:04:47,43475.00,400,238750
20221124,15:04:49,43475.00,100,238750
20221124,15:04:50,43477.00,50,238750
20221124,15:04:52,43474.65,75,238750
20221124,15:04:54,43480.15,75,238750
20221124,15:04:55,43483.05,175,238750
20221124,15:04:57,43483.05,25,238750
20221124,15:04:59,43482.95,25,238750
20221124,15:05:00,43480.20,50,238750
20221124,15:05:02,43485.00,75,238750
20221124,15:05:03,43491.50,75,238750
20221124,15:05:13,43491.50,25,238750
20221124,15:05:15,43491.65,25,238750
20221124,15:05:17,43491.65,25,238750
20221124,15:05:18,43482.95,275,238750
20221124,15:05:25,43477.05,25,238750
20221124,15:05:28,43477.95,50,238750
20221124,15:05:30,43478.25,25,238750
20221124,15:05:31,43478.75,25,238750
20221124,15:05:33,43478.25,300,238750
20221124,15:05:35,43480.05,50,238750
20221124,15:05:36,43475.00,25,238750
20221124,15:05:38,43475.50,75,238750
20221124,15:05:40,43475.65,25,238750
20221124,15:05:41,43475.00,50,238750
20221124,15:05:43,43475.65,150,238750
20221124,15:05:45,43478.75,50,238750
20221124,15:05:51,43476.80,25,238750
20221124,15:05:53,43473.30,25,238750
20221124,15:05:56,43471.00,25,238750
20221124,15:05:58,43470.00,100,238750
20221124,15:06:03,43469.45,50,238750
20221124,15:06:06,43460.75,125,238750
20221124,15:06:11,43459.15,25,238750
20221124,15:06:20,43457.80,25,238750
20221124,15:06:27,43455.00,100,238750
20221124,15:06:28,43455.25,25,238750
20221124,15:06:36,43460.00,75,241100
20221124,15:06:38,43460.00,25,241100
20221124,15:06:39,43460.75,25,241100
20221124,15:06:41,43467.30,75,241100
20221124,15:06:42,43461.65,25,241100
20221124,15:06:46,43464.15,25,241100
20221124,15:06:47,43455.40,225,241100
20221124,15:06:49,43470.00,50,241100
20221124,15:06:54,43470.00,25,241100
20221124,15:06:55,43475.25,25,241100
20221124,15:07:00,43469.60,100,241100
20221124,15:07:05,43479.95,25,241100
20221124,15:07:06,43460.00,500,241100
20221124,15:07:14,43476.60,25,241100
20221124,15:07:22,43473.45,25,241100
20221124,15:07:24,43473.55,25,241100
20221124,15:07:27,43476.60,25,241100
20221124,15:07:31,43480.00,50,241100
20221124,15:07:33,43480.05,75,241100
20221124,15:07:38,43476.60,50,241100
20221124,15:07:40,43480.00,25,241100
20221124,15:07:48,43476.60,200,241100
20221124,15:07:56,43476.60,25,241100
20221124,15:07:59,43476.60,25,241100
20221124,15:08:01,43477.70,75,241100
20221124,15:08:02,43480.00,200,241100
20221124,15:08:09,43479.30,50,241100
20221124,15:08:10,43480.05,125,241100
20221124,15:08:12,43480.05,25,241100
20221124,15:08:14,43482.70,25,241100
20221124,15:08:18,43478.45,25,241100
20221124,15:08:31,43480.00,25,241100
20221124,15:08:35,43476.60,25,241100
20221124,15:08:55,43477.85,25,241100
20221124,15:08:57,43480.00,125,241100
20221124,15:08:58,43478.15,25,241100
20221124,15:09:02,43483.05,250,241100
20221124,15:09:03,43482.75,75,241100
20221124,15:09:05,43480.65,25,241100
20221124,15:09:06,43480.30,50,241100
20221124,15:09:11,43482.55,50,241100
20221124,15:09:14,43481.65,25,241100
20221124,15:09:16,43481.70,25,241100
20221124,15:09:17,43483.75,25,241100
20221124,15:09:23,43483.15,100,241100
20221124,15:09:25,43482.80,25,241100
20221124,15:09:27,43483.75,50,241100
20221124,15:09:28,43485.00,150,241100
20221124,15:09:31,43483.40,25,241100
20221124,15:09:33,43484.90,25,241100
20221124,15:09:37,43484.35,50,242900
20221124,15:09:40,43484.80,25,242900
20221124,15:09:42,43488.80,25,242900
20221124,15:09:47,43484.00,100,242900
20221124,15:09:48,43484.00,25,242900
20221124,15:09:50,43484.00,50,242900
20221124,15:09:51,43484.00,50,242900
20221124,15:09:53,43484.00,25,242900
20221124,15:09:56,43489.70,75,242900
20221124,15:10:04,43489.70,250,242900
20221124,15:10:09,43488.90,25,242900
20221124,15:10:15,43483.30,50,242900
20221124,15:10:20,43476.60,100,242900
20221124,15:10:22,43475.00,75,242900
20221124,15:10:25,43475.00,25,242900
20221124,15:10:28,43476.20,200,242900
20221124,15:10:30,43477.30,50,242900
20221124,15:10:32,43475.05,25,242900
20221124,15:10:36,43476.20,25,242900
20221124,15:10:46,43475.00,50,242900
20221124,15:10:49,43475.00,50,242900
20221124,15:10:57,43466.55,50,242900
20221124,15:11:00,43468.25,125,242900
20221124,15:11:02,43468.40,125,242900
20221124,15:11:03,43475.00,25,242900
20221124,15:11:07,43476.60,50,242900
20221124,15:11:18,43471.00,25,242900
20221124,15:11:40,43467.00,25,242900
20221124,15:11:53,43463.55,175,242900
20221124,15:11:55,43471.55,25,242900
20221124,15:11:57,43470.45,25,242900
20221124,15:12:00,43471.90,25,242900
20221124,15:12:02,43475.00,50,242900
20221124,15:12:08,43473.80,25,242900
20221124,15:12:11,43479.00,25,242900
20221124,15:12:13,43477.10,50,242900
20221124,15:12:21,43479.00,25,242900
20221124,15:12:23,43478.95,25,242900
20221124,15:12:31,43480.00,25,242900
20221124,15:12:41,43480.00,25,243975
20221124,15:12:44,43480.00,50,243975
20221124,15:12:46,43478.00,25,243975
20221124,15:12:47,43480.00,50,243975
20221124,15:12:49,43480.00,125,243975
20221124,15:12:51,43480.00,50,243975
20221124,15:12:54,43480.00,75,243975
20221124,15:12:56,43480.00,75,243975
20221124,15:12:57,43480.00,100,243975
20221124,15:13:08,43484.00,25,243975
20221124,15:13:12,43490.00,500,243975
20221124,15:13:18,43483.25,25,243975
20221124,15:13:30,43491.20,25,243975
20221124,15:13:35,43485.15,125,243975
20221124,15:13:36,43485.20,75,243975
20221124,15:13:41,43484.25,75,243975
20221124,15:13:46,43491.10,25,243975
20221124,15:13:56,43486.00,25,243975
20221124,15:13:57,43492.00,25,243975
20221124,15:14:06,43492.00,25,243975
20221124,15:14:09,43485.00,200,243975
20221124,15:14:10,43486.25,50,243975
20221124,15:14:18,43492.00,25,243975
20221124,15:14:25,43491.30,25,243975
20221124,15:14:27,43492.00,25,243975
20221124,15:14:31,43492.00,25,243975
20221124,15:14:33,43492.00,25,243975
20221124,15:14:36,43494.00,50,243975
20221124,15:14:48,43494.00,75,243975
20221124,15:14:49,43494.00,100,243975
20221124,15:14:52,43493.95,25,243975
20221124,15:14:55,43494.00,25,243975
20221124,15:14:57,43494.00,25,243975
20221124,15:14:59,43497.00,200,243975
20221124,15:15:03,43497.00,25,243975
20221124,15:15:05,43499.00,200,243975
20221124,15:15:08,43500.00,250,243975
20221124,15:15:09,43500.00,175,243975
20221124,15:15:11,43500.00,200,243975
20221124,15:15:13,43500.00,250,243975
20221124,15:15:14,43500.00,400,243975
20221124,15:15:16,43501.05,775,243975
20221124,15:15:17,43501.80,100,243975
20221124,15:15:19,43503.95,125,243975
20221124,15:15:25,43508.95,150,243975
20221124,15:15:27,43501.00,25,243975
20221124,15:15:28,43505.95,50,243975
20221124,15:15:30,43509.00,25,243975
20221124,15:15:35,43510.00,200,243975
20221124,15:15:36,43510.00,25,247400
20221124,15:15:38,43510.00,75,247400
20221124,15:15:39,43510.00,225,247400
20221124,15:15:41,43518.65,525,247400
20221124,15:15:46,43518.65,125,247400
20221124,15:16:01,43512.50,25,247400
20221124,15:16:20,43511.00,50,247400
20221124,15:16:27,43512.00,50,247400
20221124,15:16:30,43509.55,25,247400
20221124,15:16:33,43511.00,25,247400
20221124,15:16:36,43512.00,25,247400
20221124,15:16:40,43511.00,25,247400
20221124,15:16:49,43520.00,100,247400
20221124,15:16:54,43520.00,75,247400
20221124,15:16:56,43518.60,50,247400
20221124,15:16:57,43519.00,100,247400
20221124,15:16:59,43520.00,100,247400
20221124,15:17:00,43518.90,75,247400
20221124,15:17:02,43521.45,50,247400
20221124,15:17:04,43521.45,50,247400
20221124,15:17:05,43521.45,25,247400
20221124,15:17:07,43525.00,475,247400
20221124,15:17:08,43525.60,150,247400
20221124,15:17:10,43522.05,25,247400
20221124,15:17:20,43526.90,25,247400
20221124,15:17:21,43526.90,25,247400
20221124,15:17:23,43528.00,25,247400
20221124,15:17:26,43528.70,125,247400
20221124,15:17:34,43539.80,50,247400
20221124,15:17:36,43539.95,50,247400
20221124,15:17:39,43539.95,25,247400
20221124,15:17:44,43534.30,25,247400
20221124,15:17:45,43540.00,50,247400
20221124,15:17:47,43541.00,75,247400
20221124,15:17:49,43547.90,25,247400
20221124,15:17:50,43547.90,50,247400
20221124,15:17:54,43546.85,25,247400
20221124,15:17:55,43540.05,25,247400
20221124,15:17:57,43549.40,25,247400
20221124,15:18:03,43549.40,25,247400
20221124,15:18:05,43541.65,25,247400
20221124,15:18:12,43550.00,50,247400
20221124,15:18:15,43550.00,25,247400
20221124,15:18:18,43550.00,25,247400
20221124,15:18:21,43550.00,50,247400
20221124,15:18:23,43549.50,25,247400
20221124,15:18:25,43549.75,25,247400
20221124,15:18:26,43541.45,50,247400
20221124,15:18:28,43545.00,25,247400
20221124,15:18:33,43542.00,50,247400
20221124,15:18:40,43545.20,100,249700
20221124,15:18:46,43545.00,50,249700
20221124,15:18:48,43545.00,50,249700
20221124,15:18:58,43549.00,150,249700
20221124,15:18:59,43549.90,50,249700
20221124,15:19:06,43549.90,100,249700
20221124,15:19:07,43550.00,200,249700
20221124,15:19:11,43550.00,100,249700
20221124,15:19:16,43550.00,50,249700
20221124,15:19:17,43551.00,25,249700
20221124,15:19:19,43555.00,400,249700
20221124,15:19:24,43550.70,125,249700
20221124,15:19:39,43562.75,100,249700
20221124,15:19:40,43562.90,200,249700
20221124,15:19:43,43562.90,25,249700
20221124,15:19:45,43557.20,25,249700
20221124,15:19:46,43561.45,150,249700
20221124,15:19:48,43560.90,50,249700
20221124,15:19:54,43556.85,25,249700
20221124,15:19:58,43554.70,50,249700
20221124,15:19:59,43553.45,25,249700
20221124,15:20:11,43552.85,75,249700
20221124,15:20:13,43553.30,50,249700
20221124,15:20:14,43553.20,25,249700
20221124,15:20:16,43555.00,50,249700
20221124,15:20:18,43553.95,100,249700
20221124,15:20:19,43553.95,25,249700
20221124,15:20:21,43550.50,25,249700
20221124,15:20:22,43550.35,250,249700
20221124,15:20:26,43555.00,100,249700
20221124,15:20:34,43555.00,200,249700
20221124,15:20:36,43555.00,25,249700
20221124,15:20:41,43555.00,50,249700
20221124,15:20:46,43555.00,75,249700
20221124,15:20:47,43555.00,25,249700
20221124,15:20:49,43555.00,75,249700
20221124,15:20:50,43555.00,425,249700
20221124,15:20:52,43555.00,200,249700
20221124,15:20:54,43555.00,325,249700
20221124,15:20:55,43555.00,100,249700
20221124,15:20:57,43555.00,200,249700
20221124,15:20:59,43555.00,50,249700
20221124,15:21:04,43555.00,25,249700
20221124,15:21:05,43555.00,25,249700
20221124,15:21:07,43555.00,375,249700
20221124,15:21:08,43555.00,525,249700
20221124,15:21:10,43555.00,25,249700
20221124,15:21:12,43552.20,50,249700
20221124,15:21:13,43558.30,25,249700
20221124,15:21:22,43556.60,25,249700
20221124,15:21:25,43564.95,125,249700
20221124,15:21:28,43565.00,100,249700
20221124,15:21:32,43566.65,125,249700
20221124,15:21:35,43566.65,25,249700
20221124,15:21:36,43562.40,175,250975
20221124,15:21:38,43567.00,900,250975
20221124,15:21:51,43570.65,50,250975
20221124,15:21:53,43576.75,25,250975
20221124,15:21:55,43576.75,25,250975
20221124,15:21:56,43575.00,25,250975
20221124,15:21:58,43573.20,350,250975
20221124,15:22:00,43574.95,25,250975
20221124,15:22:01,43570.00,25,250975
20221124,15:22:05,43570.00,25,250975
20221124,15:22:06,43570.00,50,250975
20221124,15:22:08,43570.00,450,250975
20221124,15:22:09,43570.00,150,250975
20221124,15:22:14,43575.00,75,250975
20221124,15:22:21,43575.00,25,250975
20221124,15:22:24,43575.95,25,250975
20221124,15:22:26,43577.00,50,250975
20221124,15:22:28,43578.00,50,250975
20221124,15:22:31,43580.00,25,250975
20221124,15:22:33,43580.00,25,250975
20221124,15:22:38,43580.00,175,250975
20221124,15:22:39,43577.85,25,250975
20221124,15:22:41,43580.00,25,250975
20221124,15:22:46,43579.70,25,250975
20221124,15:22:53,43588.20,25,250975
20221124,15:22:56,43588.20,150,250975
20221124,15:23:09,43585.00,25,250975
20221124,15:23:12,43587.15,25,250975
20221124,15:23:14,43587.05,25,250975
20221124,15:23:17,43581.00,25,250975
20221124,15:23:19,43575.05,25,250975
20221124,15:23:27,43581.05,75,250975
20221124,15:23:39,43571.30,175,250975
20221124,15:23:41,43570.70,25,250975
20221124,15:23:42,43585.90,600,250975
20221124,15:23:44,43572.75,25,250975
20221124,15:23:46,43573.85,25,250975
20221124,15:23:52,43575.25,125,250975
20221124,15:23:56,43576.75,25,250975
20221124,15:23:59,43586.25,100,250975
20221124,15:24:01,43576.40,25,250975
20221124,15:24:06,43586.25,25,250975
20221124,15:24:07,43585.50,50,250975
20221124,15:24:09,43579.35,75,250975
20221124,15:24:11,43579.05,25,250975
20221124,15:24:12,43576.35,25,250975
20221124,15:24:17,43578.25,25,250975
20221124,15:24:24,43581.50,25,250975
20221124,15:24:25,43575.50,125,250975
20221124,15:24:35,43576.00,50,250975
20221124,15:24:48,43584.65,75,251975
20221124,15:24:51,43580.00,25,251975
20221124,15:24:54,43584.85,50,251975
20221124,15:24:58,43584.85,125,251975
20221124,15:24:59,43576.25,250,251975
20221124,15:25:01,43584.70,25,251975
20221124,15:25:03,43585.00,25,251975
20221124,15:25:12,43585.00,25,251975
20221124,15:25:19,43580.00,25,251975
20221124,15:25:27,43585.00,300,251975
20221124,15:25:33,43578.05,75,251975
20221124,15:25:34,43585.00,25,251975
20221124,15:25:36,43585.95,50,251975
20221124,15:25:39,43586.00,25,251975
20221124,15:25:41,43580.00,25,251975
20221124,15:25:44,43585.00,25,251975
20221124,15:25:49,43580.00,25,251975
20221124,15:25:51,43590.00,525,251975
20221124,15:25:52,43579.95,25,251975
20221124,15:25:54,43575.00,25,251975
20221124,15:25:57,43575.00,25,251975
20221124,15:26:02,43575.00,25,251975
20221124,15:26:08,43575.00,25,251975
20221124,15:26:13,43570.00,150,251975
20221124,15:26:15,43575.00,25,251975
20221124,15:26:20,43570.00,25,251975
20221124,15:26:25,43570.00,25,251975
20221124,15:26:33,43563.45,25,251975
20221124,15:26:35,43563.50,50,251975
20221124,15:26:38,43563.30,25,251975
20221124,15:26:43,43565.00,25,251975
20221124,15:26:48,43562.10,25,251975
20221124,15:27:00,43565.00,25,251975
20221124,15:27:01,43564.30,25,251975
20221124,15:27:03,43562.80,50,251975
20221124,15:27:11,43565.00,25,251975
20221124,15:27:15,43565.00,25,251975
20221124,15:27:18,43565.00,25,251975
20221124,15:27:25,43570.00,75,251975
20221124,15:27:28,43569.00,25,251975
20221124,15:27:29,43562.00,50,251975
20221124,15:27:34,43562.75,25,251975
20221124,15:27:36,43565.00,25,251975
20221124,15:27:38,43563.30,50,251975
20221124,15:27:39,43563.95,25,252775
20221124,15:27:44,43568.95,50,252775
20221124,15:27:47,43565.35,25,252775
20221124,15:27:56,43565.10,75,252775
20221124,15:27:59,43569.00,25,252775
20221124,15:28:01,43565.35,50,252775
20221124,15:28:04,43565.35,25,252775
20221124,15:28:05,43565.35,25,252775
20221124,15:28:07,43563.00,50,252775
20221124,15:28:12,43568.95,75,252775
20221124,15:28:21,43569.00,25,252775
20221124,15:28:29,43569.00,75,252775
20221124,15:28:32,43568.95,75,252775
20221124,15:28:34,43568.95,50,252775
20221124,15:28:39,43565.00,50,252775
20221124,15:28:42,43568.95,50,252775
20221124,15:28:45,43568.00,25,252775
20221124,15:28:48,43565.00,100,252775
20221124,15:28:50,43565.00,50,252775
20221124,15:29:01,43565.00,25,252775
20221124,15:29:03,43567.90,25,252775
20221124,15:29:04,43568.00,75,252775
20221124,15:29:06,43568.00,25,252775
20221124,15:29:09,43568.00,25,252775
20221124,15:29:11,43568.00,25,252775
20221124,15:29:14,43569.00,25,252775
20221124,15:29:17,43567.00,75,252775
20221124,15:29:19,43569.00,25,252775
20221124,15:29:22,43569.00,25,252775
20221124,15:29:24,43569.00,50,252775
20221124,15:29:25,43569.00,75,252775
20221124,15:29:27,43569.00,25,252775
20221124,15:29:28,43569.00,225,252775
20221124,15:29:30,43567.00,125,252775
20221124,15:29:32,43567.00,125,252775
20221124,15:29:35,43570.00,25,252775
20221124,15:29:36,43569.00,75,252775
20221124,15:29:42,43570.00,100,252775
20221124,15:29:45,43575.00,50,252775
20221124,15:29:46,43575.00,100,252775
20221124,15:29:48,43575.00,25,252775
20221124,15:29:50,43570.05,25,252775
20221124,15:29:51,43575.00,25,252775
20221124,15:29:53,43580.00,75,252775
20221124,15:29:58,43575.00,25,252775
20221124,15:30:00,43570.00,100,252775
