20221124,09:15:00,42850.00,1,1314625
20221124,09:15:00,42805.00,50,1314625
20221124,09:15:01,42780.25,1025,1314625
20221124,09:15:03,42788.95,1625,1314625
20221124,09:15:04,42791.85,1675,1314625
20221124,09:15:06,42795.25,1325,1314625
20221124,09:15:07,42794.80,1100,1314625
20221124,09:15:08,42778.00,950,1314625
20221124,09:15:10,42764.80,825,1314625
20221124,09:15:11,42751.05,1250,1314625
20221124,09:15:13,42750.00,1575,1314625
20221124,09:15:14,42780.70,850,1314625
20221124,09:15:16,42775.25,500,1314625
20221124,09:15:17,42783.10,200,1314625
20221124,09:15:19,42787.80,3175,1314625
20221124,09:15:21,42783.85,750,1314625
20221124,09:15:22,42788.50,500,1314625
20221124,09:15:24,42790.95,550,1314625
20221124,09:15:25,42792.85,275,1314625
20221124,09:15:27,42794.65,575,1314625
20221124,09:15:28,42783.10,500,1314625
20221124,09:15:30,42785.50,200,1314625
20221124,09:15:32,42783.10,75,1314625
20221124,09:15:33,42785.10,600,1314625
20221124,09:15:35,42785.00,375,1314625
20221124,09:15:36,42783.95,75,1314625
20221124,09:15:38,42787.05,625,1314625
20221124,09:15:39,42794.95,2425,1314625
20221124,09:15:41,42790.85,425,1314625
20221124,09:15:43,42783.15,725,1314625
20221124,09:15:44,42794.95,2400,1314625
20221124,09:15:46,42795.00,25,1314625
20221124,09:15:47,42795.50,100,1314625
20221124,09:15:49,42798.95,1250,1314625
20221124,09:15:50,42790.25,225,1314625
20221124,09:15:52,42787.30,400,1314625
20221124,09:15:54,42783.10,75,1314625
20221124,09:15:55,42783.10,275,1314625
20221124,09:15:57,42778.25,550,1314625
20221124,09:15:58,42779.20,300,1314625
20221124,09:16:00,42785.05,1650,1314625
20221124,09:16:02,42781.15,2625,1314625
20221124,09:16:03,42785.00,400,1314625
20221124,09:16:05,42790.00,100,1314625
20221124,09:16:06,42798.00,1650,1314625
20221124,09:16:08,42798.25,975,1314625
20221124,09:16:09,42792.80,3150,1314625
20221124,09:16:11,42790.00,100,1314625
20221124,09:16:12,42794.95,500,1314625
20221124,09:16:14,42785.80,225,1314625
20221124,09:16:16,42787.60,250,1314625
20221124,09:16:17,42795.00,475,1314625
20221124,09:16:19,42795.00,125,1314625
20221124,09:16:20,42793.50,650,1314625
20221124,09:16:22,42789.95,1100,1314625
20221124,09:16:23,42785.15,600,1314625
20221124,09:16:25,42786.15,1250,1314625
20221124,09:16:27,42787.35,1575,1314625
20221124,09:16:28,42789.05,525,1314625
20221124,09:16:30,42788.50,750,1314625
20221124,09:16:31,42795.80,1000,1314625
20221124,09:16:33,42791.60,200,1314625
20221124,09:16:34,42786.20,150,1314625
20221124,09:16:36,42796.55,100,1314625
20221124,09:16:38,42796.50,275,1314625
20221124,09:16:39,42795.00,150,1314625
20221124,09:16:41,42788.05,75,1314625
20221124,09:16:43,42792.85,50,1314625
20221124,09:16:44,42792.85,25,1314625
20221124,09:16:46,42785.65,800,1314625
20221124,09:16:47,42787.35,50,1314625
20221124,09:16:49,42791.00,875,1314625
20221124,09:16:50,42787.80,975,1314625
20221124,09:16:52,42787.20,125,1314625
20221124,09:16:54,42788.15,400,1314625
20221124,09:16:55,42790.00,575,1314625
20221124,09:16:57,42790.00,1200,1314625
20221124,09:16:58,42790.00,100,1314625
20221124,09:17:00,42793.95,625,1314625
20221124,09:17:02,42795.00,275,1314625
20221124,09:17:03,42792.85,50,1314625
20221124,09:17:05,42790.40,325,1314625
20221124,09:17:06,42790.85,775,1314625
20221124,09:17:08,42790.05,125,1314625
20221124,09:17:10,42796.50,325,1314625
20221124,09:17:11,42794.20,100,1314625
20221124,09:17:13,42789.00,150,1314625
20221124,09:17:14,42789.00,50,1314625
20221124,09:17:16,42788.00,300,1314625
20221124,09:17:18,42795.00,350,1314625
20221124,09:17:19,42788.00,375,1314625
20221124,09:17:21,42788.00,25,1314625
20221124,09:17:24,42786.15,625,1314625
20221124,09:17:25,42788.00,150,1314625
20221124,09:17:27,42786.00,150,1314625
20221124,09:17:30,42786.05,50,1314625
20221124,09:17:31,42790.00,300,1314625
20221124,09:17:33,42786.35,175,1314625
20221124,09:17:34,42794.00,350,1287925
20221124,09:17:36,42789.00,125,1287925
20221124,09:17:37,42788.95,25,1287925
20221124,09:17:39,42789.35,475,1287925
20221124,09:17:40,42790.00,75,1287925
20221124,09:17:42,42790.05,25,1287925
20221124,09:17:44,42790.05,25,1287925
20221124,09:17:45,42789.70,300,1287925
20221124,09:17:47,42791.55,25,1287925
20221124,09:17:48,42791.00,725,1287925
20221124,09:17:50,42790.10,150,1287925
20221124,09:17:51,42789.95,975,1287925
20221124,09:17:53,42788.50,525,1287925
20221124,09:17:54,42789.95,25,1287925
20221124,09:17:56,42788.50,75,1287925
20221124,09:17:57,42787.50,200,1287925
20221124,09:17:59,42786.10,225,1287925
20221124,09:18:00,42789.85,250,1287925
20221124,09:18:02,42786.55,150,1287925
20221124,09:18:03,42794.00,1000,1287925
20221124,09:18:05,42787.00,225,1287925
20221124,09:18:06,42794.65,1200,1287925
20221124,09:18:08,42788.30,575,1287925
20221124,09:18:09,42793.75,50,1287925
20221124,09:18:11,42793.75,25,1287925
20221124,09:18:13,42791.80,150,1287925
20221124,09:18:14,42791.95,25,1287925
20221124,09:18:16,42791.70,150,1287925
20221124,09:18:17,42790.75,50,1287925
20221124,09:18:19,42793.50,100,1287925
20221124,09:18:20,42791.90,200,1287925
20221124,09:18:22,42793.70,75,1287925
20221124,09:18:24,42795.00,100,1287925
20221124,09:18:25,42794.60,550,1287925
20221124,09:18:27,42794.60,200,1287925
20221124,09:18:28,42797.00,500,1287925
20221124,09:18:30,42798.00,225,1287925
20221124,09:18:33,42795.95,200,1287925
20221124,09:18:34,42799.75,425,1287925
20221124,09:18:36,42800.00,225,1287925
20221124,09:18:39,42792.05,75,1287925
20221124,09:18:41,42791.00,100,1287925
20221124,09:18:42,42794.20,25,1287925
20221124,09:18:44,42790.00,50,1287925
20221124,09:18:46,42794.80,300,1287925
20221124,09:18:47,42791.85,200,1287925
20221124,09:18:49,42793.05,75,1287925
20221124,09:18:51,42798.00,275,1287925
20221124,09:18:52,42794.35,75,1287925
20221124,09:18:54,42797.95,50,1287925
20221124,09:18:56,42797.95,300,1287925
20221124,09:18:57,42797.85,50,1287925
20221124,09:18:59,42797.00,225,1287925
20221124,09:19:01,42794.45,450,1287925
20221124,09:19:02,42792.30,400,1287925
20221124,09:19:04,42791.70,75,1287925
20221124,09:19:06,42791.90,250,1287925
20221124,09:19:07,42791.10,225,1287925
20221124,09:19:11,42794.10,275,1287925
20221124,09:19:12,42792.25,300,1287925
20221124,09:19:14,42793.05,75,1287925
20221124,09:19:15,42793.05,50,1287925
20221124,09:19:17,42792.35,300,1287925
20221124,09:19:19,42792.35,25,1287925
20221124,09:19:20,42792.70,50,1287925
20221124,09:19:22,42792.00,125,1287925
20221124,09:19:24,42791.00,75,1287925
20221124,09:19:25,42790.20,250,1287925
20221124,09:19:27,42790.05,50,1287925
20221124,09:19:28,42792.30,225,1287925
20221124,09:19:30,42791.25,75,1287925
20221124,09:19:32,42791.95,400,1287925
20221124,09:19:33,42791.90,50,1287925
20221124,09:19:35,42790.60,75,1287925
20221124,09:19:37,42791.55,125,1287925
20221124,09:19:38,42790.00,325,1287925
20221124,09:19:40,42792.00,250,1287925
20221124,09:19:41,42791.65,25,1287925
20221124,09:19:43,42790.20,1025,1287925
20221124,09:19:45,42789.15,400,1287925
20221124,09:19:46,42790.00,125,1287925
20221124,09:19:48,42788.00,100,1287925
20221124,09:19:49,42789.90,400,1287925
20221124,09:19:51,42790.55,200,1287925
20221124,09:19:53,42790.55,50,1287925
20221124,09:19:54,42788.75,125,1287925
20221124,09:19:56,42787.45,150,1287925
20221124,09:19:58,42787.05,275,1287925
20221124,09:19:59,42787.40,1250,1287925
20221124,09:20:01,42787.70,225,1287925
20221124,09:20:02,42787.60,225,1287925
20221124,09:20:04,42786.40,525,1287925
20221124,09:20:05,42787.55,725,1287925
20221124,09:20:07,42790.55,225,1287925
20221124,09:20:09,42790.85,200,1287925
20221124,09:20:10,42788.55,225,1287925
20221124,09:20:12,42787.00,150,1287925
20221124,09:20:13,42788.45,175,1287925
20221124,09:20:15,42789.80,200,1287925
20221124,09:20:16,42786.40,200,1287925
20221124,09:20:18,42788.75,75,1287925
20221124,09:20:19,42792.00,1025,1287925
20221124,09:20:21,42790.70,175,1287925
20221124,09:20:22,42791.75,125,1287925
20221124,09:20:24,42794.80,750,1287925
20221124,09:20:25,42792.95,75,1287925
20221124,09:20:28,42792.95,25,1287925
20221124,09:20:29,42789.80,75,1287925
20221124,09:20:31,42790.20,250,1287925
20221124,09:20:32,42792.95,50,1287925
20221124,09:20:35,42792.70,25,1273700
20221124,09:20:36,42791.25,275,1273700
20221124,09:20:38,42794.75,150,1273700
20221124,09:20:39,42792.25,25,1273700
20221124,09:20:41,42792.35,525,1273700
20221124,09:20:42,42792.35,125,1273700
20221124,09:20:44,42790.00,175,1273700
20221124,09:20:45,42792.35,25,1273700
20221124,09:20:47,42790.00,250,1273700
20221124,09:20:48,42794.70,575,1273700
20221124,09:20:52,42792.65,150,1273700
20221124,09:20:53,42790.00,325,1273700
20221124,09:20:55,42791.85,50,1273700
20221124,09:20:56,42790.00,250,1273700
20221124,09:20:59,42791.90,300,1273700
20221124,09:21:01,42790.30,100,1273700
20221124,09:21:02,42791.80,50,1273700
20221124,09:21:04,42790.40,300,1273700
20221124,09:21:06,42790.00,600,1273700
20221124,09:21:07,42791.90,1100,1273700
20221124,09:21:09,42792.45,625,1273700
20221124,09:21:10,42794.00,75,1273700
20221124,09:21:12,42794.00,400,1273700
20221124,09:21:13,42792.05,350,1273700
20221124,09:21:15,42794.00,550,1273700
20221124,09:21:17,42794.70,75,1273700
20221124,09:21:18,42797.00,2900,1273700
20221124,09:21:20,42797.00,75,1273700
20221124,09:21:21,42795.25,25,1273700
20221124,09:21:23,42795.35,25,1273700
20221124,09:21:24,42795.25,150,1273700
20221124,09:21:26,42794.95,175,1273700
20221124,09:21:27,42796.85,225,1273700
20221124,09:21:29,42796.85,275,1273700
20221124,09:21:30,42797.95,175,1273700
20221124,09:21:34,42797.90,25,1273700
20221124,09:21:35,42798.00,25,1273700
20221124,09:21:36,42795.90,100,1273700
20221124,09:21:38,42795.45,75,1273700
20221124,09:21:41,42797.95,125,1273700
20221124,09:21:42,42795.85,525,1273700
20221124,09:21:44,42795.85,325,1273700
20221124,09:21:45,42799.00,1325,1273700
20221124,09:21:47,42799.60,125,1273700
20221124,09:21:49,42798.90,75,1273700
20221124,09:21:50,42799.80,50,1273700
20221124,09:21:52,42798.75,25,1273700
20221124,09:21:53,42799.80,100,1273700
20221124,09:21:54,42799.00,25,1273700
20221124,09:21:56,42798.90,25,1273700
20221124,09:21:58,42799.00,25,1273700
20221124,09:22:01,42800.00,950,1273700
20221124,09:22:02,42799.90,425,1273700
20221124,09:22:04,42799.90,75,1273700
20221124,09:22:05,42799.25,150,1273700
20221124,09:22:07,42799.05,50,1273700
20221124,09:22:09,42799.10,50,1273700
20221124,09:22:10,42799.80,175,1273700
20221124,09:22:12,42800.95,1025,1273700
20221124,09:22:13,42799.50,25,1273700
20221124,09:22:15,42801.95,200,1273700
20221124,09:22:17,42799.80,150,1273700
20221124,09:22:18,42799.80,50,1273700
20221124,09:22:21,42804.00,500,1273700
20221124,09:22:23,42800.05,325,1273700
20221124,09:22:25,42803.85,25,1273700
20221124,09:22:28,42804.00,500,1273700
20221124,09:22:29,42804.00,175,1273700
20221124,09:22:31,42805.00,875,1273700
20221124,09:22:32,42809.45,250,1273700
20221124,09:22:34,42804.40,450,1273700
20221124,09:22:36,42808.85,125,1273700
20221124,09:22:37,42807.75,100,1273700
20221124,09:22:39,42807.65,375,1273700
20221124,09:22:40,42807.80,175,1273700
20221124,09:22:42,42807.40,25,1273700
20221124,09:22:43,42800.75,125,1273700
20221124,09:22:45,42807.80,50,1273700
20221124,09:22:47,42801.55,225,1273700
20221124,09:22:50,42802.75,925,1273700
20221124,09:22:52,42804.75,25,1273700
20221124,09:22:53,42804.80,925,1273700
20221124,09:22:55,42803.15,125,1273700
20221124,09:22:56,42804.80,75,1273700
20221124,09:22:58,42804.80,300,1273700
20221124,09:23:01,42803.05,175,1273700
20221124,09:23:03,42804.80,125,1273700
20221124,09:23:04,42804.80,250,1273700
20221124,09:23:06,42804.80,100,1273700
20221124,09:23:07,42806.80,625,1273700
20221124,09:23:09,42805.70,50,1273700
20221124,09:23:11,42805.55,75,1273700
20221124,09:23:12,42805.40,125,1273700
20221124,09:23:14,42805.00,1125,1273700
20221124,09:23:15,42804.80,1175,1273700
20221124,09:23:17,42804.80,250,1273700
20221124,09:23:19,42806.60,275,1273700
20221124,09:23:20,42804.80,125,1273700
20221124,09:23:23,42805.15,200,1273700
20221124,09:23:25,42805.40,25,1273700
20221124,09:23:28,42804.80,1000,1273700
20221124,09:23:29,42805.35,50,1273700
20221124,09:23:31,42807.75,50,1273700
20221124,09:23:32,42810.00,1525,1273700
20221124,09:23:34,42811.90,100,1273700
20221124,09:23:36,42810.00,25,1257275
20221124,09:23:37,42808.25,75,1257275
20221124,09:23:39,42811.90,250,1257275
20221124,09:23:40,42811.90,100,1257275
20221124,09:23:42,42811.90,150,1257275
20221124,09:23:45,42811.95,475,1257275
20221124,09:23:47,42811.55,325,1257275
20221124,09:23:48,42809.25,1175,1257275
20221124,09:23:50,42810.15,625,1257275
20221124,09:23:51,42811.75,525,1257275
20221124,09:23:53,42811.80,175,1257275
20221124,09:23:54,42814.00,900,1257275
20221124,09:23:56,42814.95,25,1257275
20221124,09:23:59,42814.90,125,1257275
20221124,09:24:01,42814.95,50,1257275
20221124,09:24:02,42814.80,200,1257275
20221124,09:24:04,42814.80,200,1257275
20221124,09:24:05,42815.00,100,1257275
20221124,09:24:07,42813.30,75,1257275
20221124,09:24:08,42813.10,50,1257275
20221124,09:24:10,42812.45,150,1257275
20221124,09:24:11,42815.05,400,1257275
20221124,09:24:13,42815.05,25,1257275
20221124,09:24:15,42815.00,25,1257275
20221124,09:24:16,42815.00,125,1257275
20221124,09:24:17,42815.00,75,1257275
20221124,09:24:19,42815.00,1225,1257275
20221124,09:24:21,42815.00,100,1257275
20221124,09:24:22,42815.00,50,1257275
20221124,09:24:23,42815.35,25,1257275
20221124,09:24:25,42815.30,625,1257275
20221124,09:24:26,42815.15,50,1257275
20221124,09:24:34,42815.15,750,1257275
20221124,09:24:37,42814.75,150,1257275
20221124,09:24:38,42814.80,25,1257275
20221124,09:24:40,42813.75,100,1257275
20221124,09:24:41,42812.25,50,1257275
20221124,09:24:43,42814.25,125,1257275
20221124,09:24:44,42814.65,100,1257275
20221124,09:24:46,42814.80,50,1257275
20221124,09:24:48,42815.65,850,1257275
20221124,09:24:49,42815.80,900,1257275
20221124,09:24:51,42819.00,350,1257275
20221124,09:24:52,42823.25,1975,1257275
20221124,09:24:54,42820.35,375,1257275
20221124,09:24:56,42824.70,25,1257275
20221124,09:24:57,42822.30,125,1257275
20221124,09:24:59,42824.70,200,1257275
20221124,09:25:01,42824.95,25,1257275
20221124,09:25:02,42825.00,450,1257275
20221124,09:25:04,42825.00,500,1257275
20221124,09:25:06,42826.60,425,1257275
20221124,09:25:07,42826.85,950,1257275
20221124,09:25:09,42825.00,100,1257275
20221124,09:25:10,42825.00,100,1257275
20221124,09:25:12,42826.70,75,1257275
20221124,09:25:13,42823.50,1275,1257275
20221124,09:25:15,42822.65,25,1257275
20221124,09:25:17,42824.80,50,1257275
20221124,09:25:18,42825.00,75,1257275
20221124,09:25:20,42824.80,125,1257275
20221124,09:25:21,42824.80,75,1257275
20221124,09:25:23,42824.95,550,1257275
20221124,09:25:25,42825.85,125,1257275
20221124,09:25:26,42822.65,75,1257275
20221124,09:25:28,42824.80,150,1257275
20221124,09:25:30,42822.65,275,1257275
20221124,09:25:31,42822.65,50,1257275
20221124,09:25:33,42824.80,5925,1257275
20221124,09:25:34,42824.80,50,1257275
20221124,09:25:36,42824.00,275,1257275
20221124,09:25:38,42825.80,150,1257275
20221124,09:25:39,42825.80,50,1257275
20221124,09:25:41,42819.95,1250,1257275
20221124,09:25:43,42826.00,100,1257275
20221124,09:25:46,42824.40,50,1257275
20221124,09:25:48,42824.80,225,1257275
20221124,09:25:49,42824.60,100,1257275
20221124,09:25:51,42824.60,175,1257275
20221124,09:25:54,42819.80,400,1257275
20221124,09:25:56,42823.50,175,1257275
20221124,09:25:58,42824.40,125,1257275
20221124,09:25:59,42824.20,75,1257275
20221124,09:26:01,42823.15,75,1257275
20221124,09:26:04,42821.15,125,1257275
20221124,09:26:06,42820.30,75,1257275
20221124,09:26:08,42819.80,50,1257275
20221124,09:26:09,42814.05,100,1257275
20221124,09:26:12,42814.50,75,1257275
20221124,09:26:14,42813.70,100,1257275
20221124,09:26:16,42814.80,200,1257275
20221124,09:26:17,42814.80,25,1257275
20221124,09:26:19,42811.80,175,1257275
20221124,09:26:21,42811.00,75,1257275
20221124,09:26:22,42810.95,75,1257275
20221124,09:26:24,42810.00,75,1257275
20221124,09:26:26,42807.10,225,1257275
20221124,09:26:27,42809.80,150,1257275
20221124,09:26:29,42806.90,900,1257275
20221124,09:26:32,42809.80,900,1257275
20221124,09:26:34,42810.00,75,1257275
20221124,09:26:36,42808.35,100,1250650
20221124,09:26:37,42817.95,1475,1250650
20221124,09:26:39,42815.90,150,1250650
20221124,09:26:40,42816.40,75,1250650
20221124,09:26:42,42819.80,150,1250650
20221124,09:26:44,42820.50,650,1250650
20221124,09:26:45,42821.55,75,1250650
20221124,09:26:47,42822.00,575,1250650
20221124,09:26:49,42824.60,75,1250650
20221124,09:26:50,42824.60,125,1250650
20221124,09:26:52,42822.80,75,1250650
20221124,09:26:54,42836.00,2050,1250650
20221124,09:26:55,42848.95,3575,1250650
20221124,09:26:57,42840.35,1000,1250650
20221124,09:26:59,42833.00,175,1250650
20221124,09:27:00,42838.50,50,1250650
20221124,09:27:02,42836.55,50,1250650
20221124,09:27:04,42836.60,275,1250650
20221124,09:27:07,42832.35,50,1250650
20221124,09:27:09,42830.00,75,1250650
20221124,09:27:10,42833.95,975,1250650
20221124,09:27:12,42833.95,50,1250650
20221124,09:27:14,42833.30,75,1250650
20221124,09:27:15,42832.80,25,1250650
20221124,09:27:17,42832.80,150,1250650
20221124,09:27:18,42830.25,100,1250650
20221124,09:27:20,42831.45,125,1250650
20221124,09:27:22,42830.05,625,1250650
20221124,09:27:23,42831.55,75,1250650
20221124,09:27:25,42833.30,1100,1250650
20221124,09:27:27,42839.80,300,1250650
20221124,09:27:28,42835.85,25,1250650
20221124,09:27:30,42836.35,225,1250650
20221124,09:27:32,42834.45,50,1250650
20221124,09:27:33,42836.60,50,1250650
20221124,09:27:35,42833.00,225,1250650
20221124,09:27:37,42832.85,625,1250650
20221124,09:27:38,42832.80,150,1250650
20221124,09:27:40,42834.75,225,1250650
20221124,09:27:42,42833.20,50,1250650
20221124,09:27:43,42834.70,150,1250650
20221124,09:27:45,42830.00,100,1250650
20221124,09:27:46,42830.60,25,1250650
20221124,09:27:48,42830.95,150,1250650
20221124,09:27:50,42829.95,50,1250650
20221124,09:27:51,42831.30,1350,1250650
20221124,09:27:55,42832.90,200,1250650
20221124,09:27:56,42833.10,125,1250650
20221124,09:27:58,42834.15,375,1250650
20221124,09:27:59,42834.90,375,1250650
20221124,09:28:01,42833.25,125,1250650
20221124,09:28:03,42834.00,75,1250650
20221124,09:28:04,42835.80,100,1250650
20221124,09:28:06,42835.75,25,1250650
20221124,09:28:08,42834.85,50,1250650
20221124,09:28:09,42835.00,75,1250650
20221124,09:28:11,42835.00,75,1250650
20221124,09:28:14,42831.20,75,1250650
20221124,09:28:16,42830.30,575,1250650
20221124,09:28:19,42831.85,125,1250650
20221124,09:28:21,42831.85,125,1250650
20221124,09:28:22,42830.30,125,1250650
20221124,09:28:24,42830.95,550,1250650
20221124,09:28:25,42832.45,125,1250650
20221124,09:28:27,42830.25,300,1250650
20221124,09:28:29,42831.90,125,1250650
20221124,09:28:30,42830.95,50,1250650
20221124,09:28:32,42830.40,250,1250650
20221124,09:28:33,42831.85,125,1250650
20221124,09:28:35,42834.50,75,1250650
20221124,09:28:37,42830.50,100,1250650
20221124,09:28:38,42831.15,50,1250650
20221124,09:28:40,42831.95,100,1250650
20221124,09:28:42,42832.00,100,1250650
20221124,09:28:43,42830.35,200,1250650
20221124,09:28:45,42830.25,75,1250650
20221124,09:28:47,42831.00,775,1250650
20221124,09:28:48,42831.15,425,1250650
20221124,09:28:50,42831.35,25,1250650
20221124,09:28:51,42831.05,75,1250650
20221124,09:28:53,42831.30,125,1250650
20221124,09:28:55,42831.05,75,1250650
20221124,09:28:56,42830.20,275,1250650
20221124,09:28:58,42830.00,175,1250650
20221124,09:29:00,42830.00,175,1250650
20221124,09:29:01,42831.75,300,1250650
20221124,09:29:03,42830.00,100,1250650
20221124,09:29:04,42827.00,1200,1250650
20221124,09:29:06,42825.25,1325,1250650
20221124,09:29:08,42825.00,75,1250650
20221124,09:29:09,42825.00,275,1250650
20221124,09:29:11,42826.90,150,1250650
20221124,09:29:13,42828.90,125,1250650
20221124,09:29:14,42827.00,100,1250650
20221124,09:29:16,42826.75,300,1250650
20221124,09:29:18,42827.70,200,1250650
20221124,09:29:19,42828.05,150,1250650
20221124,09:29:22,42831.95,75,1250650
20221124,09:29:27,42828.50,75,1250650
20221124,09:29:29,42826.10,250,1250650
20221124,09:29:31,42828.50,125,1250650
20221124,09:29:32,42829.80,25,1250650
20221124,09:29:34,42826.40,50,1250650
20221124,09:29:35,42826.80,200,1235900
20221124,09:29:37,42826.10,75,1235900
20221124,09:29:38,42827.15,325,1235900
20221124,09:29:42,42830.00,125,1235900
20221124,09:29:43,42830.00,75,1235900
20221124,09:29:45,42830.00,100,1235900
20221124,09:29:46,42828.00,150,1235900
20221124,09:29:48,42828.00,50,1235900
20221124,09:29:49,42827.95,100,1235900
20221124,09:29:53,42826.45,225,1235900
20221124,09:29:54,42826.95,500,1235900
20221124,09:29:56,42827.10,75,1235900
20221124,09:29:57,42828.00,25,1235900
20221124,09:29:59,42828.00,50,1235900
20221124,09:30:00,42833.65,2150,1235900
20221124,09:30:02,42834.45,25,1235900
20221124,09:30:03,42834.65,200,1235900
20221124,09:30:05,42829.95,175,1235900
20221124,09:30:07,42834.85,175,1235900
20221124,09:30:08,42834.00,50,1235900
20221124,09:30:10,42829.25,200,1235900
20221124,09:30:11,42833.95,100,1235900
20221124,09:30:13,42828.65,50,1235900
20221124,09:30:14,42833.15,125,1235900
20221124,09:30:16,42829.30,100,1235900
20221124,09:30:17,42834.00,50,1235900
20221124,09:30:19,42834.00,50,1235900
20221124,09:30:20,42829.20,100,1235900
20221124,09:30:22,42834.00,175,1235900
20221124,09:30:25,42829.90,100,1235900
20221124,09:30:26,42828.55,375,1235900
20221124,09:30:28,42830.00,25,1235900
20221124,09:30:31,42830.45,225,1235900
20221124,09:30:34,42834.00,50,1235900
20221124,09:30:35,42833.90,75,1235900
20221124,09:30:37,42833.95,75,1235900
20221124,09:30:38,42834.30,375,1235900
20221124,09:30:40,42836.00,425,1235900
20221124,09:30:42,42839.20,625,1235900
20221124,09:30:43,42839.20,250,1235900
20221124,09:30:45,42842.90,900,1235900
20221124,09:30:46,42846.60,475,1235900
20221124,09:30:48,42846.60,150,1235900
20221124,09:30:50,42846.50,25,1235900
20221124,09:30:51,42845.00,125,1235900
20221124,09:30:53,42846.60,425,1235900
20221124,09:30:54,42846.55,400,1235900
20221124,09:30:56,42846.60,25,1235900
20221124,09:30:59,42840.00,200,1235900
20221124,09:31:03,42843.50,25,1235900
20221124,09:31:04,42846.00,150,1235900
20221124,09:31:06,42841.05,975,1235900
20221124,09:31:07,42842.50,975,1235900
20221124,09:31:09,42845.70,1000,1235900
20221124,09:31:11,42850.00,1900,1235900
20221124,09:31:12,42854.90,1300,1235900
20221124,09:31:14,42854.90,75,1235900
20221124,09:31:16,42854.90,225,1235900
20221124,09:31:17,42855.00,1025,1235900
20221124,09:31:19,42855.00,50,1235900
20221124,09:31:21,42852.00,625,1235900
20221124,09:31:22,42848.30,125,1235900
20221124,09:31:24,42854.90,275,1235900
20221124,09:31:26,42851.95,50,1235900
20221124,09:31:27,42851.75,25,1235900
20221124,09:31:29,42850.00,225,1235900
20221124,09:31:32,42854.00,125,1235900
20221124,09:31:34,42851.75,100,1235900
20221124,09:31:35,42854.95,175,1235900
20221124,09:31:37,42853.60,50,1235900
20221124,09:31:39,42853.60,150,1235900
20221124,09:31:40,42854.00,125,1235900
20221124,09:31:42,42853.95,200,1235900
20221124,09:31:43,42853.95,175,1235900
20221124,09:31:45,42854.00,175,1235900
20221124,09:31:47,42853.60,150,1235900
20221124,09:31:48,42853.60,100,1235900
20221124,09:31:50,42854.00,100,1235900
20221124,09:31:52,42862.00,1550,1235900
20221124,09:31:53,42862.00,125,1235900
20221124,09:31:55,42865.00,1050,1235900
20221124,09:31:56,42865.00,250,1235900
20221124,09:31:58,42869.00,400,1235900
20221124,09:32:00,42869.00,800,1235900
20221124,09:32:01,42866.75,425,1235900
20221124,09:32:03,42868.90,250,1235900
20221124,09:32:05,42867.85,1100,1235900
20221124,09:32:06,42865.75,150,1235900
20221124,09:32:08,42862.15,1000,1235900
20221124,09:32:10,42862.75,625,1235900
20221124,09:32:11,42863.15,75,1235900
20221124,09:32:13,42855.00,125,1235900
20221124,09:32:16,42859.90,575,1235900
20221124,09:32:18,42855.00,1000,1235900
20221124,09:32:19,42853.60,100,1235900
20221124,09:32:21,42856.00,100,1235900
20221124,09:32:23,42855.00,75,1235900
20221124,09:32:24,42853.60,175,1235900
20221124,09:32:26,42853.60,75,1235900
20221124,09:32:27,42854.95,300,1235900
20221124,09:32:29,42858.85,125,1235900
20221124,09:32:31,42859.00,50,1235900
20221124,09:32:32,42855.00,25,1235900
20221124,09:32:34,42855.00,75,1235900
20221124,09:32:35,42857.95,200,1235900
20221124,09:32:37,42853.60,150,1227800
20221124,09:32:38,42857.90,25,1227800
20221124,09:32:40,42857.00,75,1227800
20221124,09:32:42,42857.00,150,1227800
20221124,09:32:43,42859.00,575,1227800
20221124,09:32:45,42859.20,100,1227800
20221124,09:32:47,42863.55,700,1227800
20221124,09:32:48,42861.10,25,1227800
20221124,09:32:50,42861.75,50,1227800
20221124,09:32:51,42860.00,100,1227800
20221124,09:32:55,42864.95,25,1227800
20221124,09:32:56,42865.00,50,1227800
20221124,09:32:58,42869.00,475,1227800
20221124,09:33:00,42871.00,425,1227800
20221124,09:33:01,42875.00,375,1227800
20221124,09:33:03,42876.90,225,1227800
20221124,09:33:04,42874.40,325,1227800
20221124,09:33:06,42870.00,125,1227800
20221124,09:33:08,42870.35,175,1227800
20221124,09:33:09,42874.40,75,1227800
20221124,09:33:11,42874.70,550,1227800
20221124,09:33:13,42878.00,175,1227800
20221124,09:33:14,42878.00,50,1227800
20221124,09:33:16,42878.00,150,1227800
20221124,09:33:18,42878.00,125,1227800
20221124,09:33:19,42877.35,150,1227800
20221124,09:33:21,42878.70,125,1227800
20221124,09:33:22,42878.70,75,1227800
20221124,09:33:24,42879.00,600,1227800
20221124,09:33:26,42877.00,275,1227800
20221124,09:33:27,42878.95,275,1227800
20221124,09:33:29,42879.00,100,1227800
20221124,09:33:31,42879.00,75,1227800
20221124,09:33:32,42880.00,1000,1227800
20221124,09:33:34,42880.00,325,1227800
20221124,09:33:36,42879.00,100,1227800
20221124,09:33:37,42878.00,75,1227800
20221124,09:33:39,42874.55,175,1227800
20221124,09:33:40,42874.00,50,1227800
20221124,09:33:42,42874.00,175,1227800
20221124,09:33:44,42874.00,100,1227800
20221124,09:33:45,42874.55,325,1227800
20221124,09:33:47,42874.00,325,1227800
20221124,09:33:49,42878.00,50,1227800
20221124,09:33:50,42878.00,275,1227800
20221124,09:33:52,42878.00,25,1227800
20221124,09:33:54,42877.95,100,1227800
20221124,09:33:55,42878.00,125,1227800
20221124,09:33:57,42877.95,25,1227800
20221124,09:33:58,42875.00,150,1227800
20221124,09:34:00,42875.00,75,1227800
20221124,09:34:02,42879.30,700,1227800
20221124,09:34:03,42874.20,250,1227800
20221124,09:34:05,42874.00,125,1227800
20221124,09:34:06,42875.00,175,1227800
20221124,09:34:08,42874.00,50,1227800
20221124,09:34:10,42874.00,100,1227800
20221124,09:34:11,42874.65,75,1227800
20221124,09:34:13,42874.65,25,1227800
20221124,09:34:14,42874.00,550,1227800
20221124,09:34:16,42876.25,600,1227800
20221124,09:34:19,42875.95,25,1227800
20221124,09:34:21,42878.95,400,1227800
20221124,09:34:23,42877.10,25,1227800
20221124,09:34:24,42879.90,75,1227800
20221124,09:34:28,42877.75,175,1227800
20221124,09:34:29,42878.45,450,1227800
20221124,09:34:31,42878.45,100,1227800
20221124,09:34:32,42884.65,850,1227800
20221124,09:34:34,42885.00,200,1227800
20221124,09:34:36,42888.00,825,1227800
20221124,09:34:37,42888.00,75,1227800
20221124,09:34:39,42888.00,150,1227800
20221124,09:34:40,42886.90,650,1227800
20221124,09:34:42,42884.35,1950,1227800
20221124,09:34:44,42885.00,200,1227800
20221124,09:34:45,42882.00,250,1227800
20221124,09:34:47,42885.00,25,1227800
20221124,09:34:49,42884.95,350,1227800
20221124,09:34:50,42885.00,150,1227800
20221124,09:34:54,42888.65,1400,1227800
20221124,09:34:55,42889.00,100,1227800
20221124,09:34:57,42889.00,1050,1227800
20221124,09:34:59,42882.00,50,1227800
20221124,09:35:00,42885.00,725,1227800
20221124,09:35:02,42889.95,350,1227800
20221124,09:35:04,42890.00,375,1227800
20221124,09:35:05,42890.00,550,1227800
20221124,09:35:07,42889.35,125,1227800
20221124,09:35:09,42885.40,400,1227800
20221124,09:35:10,42887.95,75,1227800
20221124,09:35:12,42889.85,225,1227800
20221124,09:35:13,42889.55,75,1227800
20221124,09:35:15,42888.35,2100,1227800
20221124,09:35:17,42888.65,725,1227800
20221124,09:35:18,42888.60,300,1227800
20221124,09:35:20,42888.75,300,1227800
20221124,09:35:22,42887.10,325,1227800
20221124,09:35:23,42887.10,1000,1227800
20221124,09:35:25,42887.10,100,1227800
20221124,09:35:27,42888.00,600,1227800
20221124,09:35:28,42886.35,450,1227800
20221124,09:35:30,42888.00,300,1227800
20221124,09:35:31,42888.00,75,1227800
20221124,09:35:33,42887.35,100,1227800
20221124,09:35:35,42888.00,725,1227800
20221124,09:35:36,42888.00,525,1223025
20221124,09:35:38,42888.00,125,1223025
20221124,09:35:40,42889.00,400,1223025
20221124,09:35:41,42888.00,225,1223025
20221124,09:35:43,42888.00,125,1223025
20221124,09:35:44,42888.00,150,1223025
20221124,09:35:46,42888.00,500,1223025
20221124,09:35:48,42888.00,300,1223025
20221124,09:35:49,42885.00,150,1223025
20221124,09:35:51,42888.00,75,1223025
20221124,09:35:54,42884.95,300,1223025
20221124,09:35:56,42886.75,225,1223025
20221124,09:35:58,42886.90,175,1223025
20221124,09:35:59,42886.90,75,1223025
20221124,09:36:01,42880.00,425,1223025
20221124,09:36:03,42883.50,75,1223025
20221124,09:36:04,42883.45,925,1223025
20221124,09:36:06,42886.30,175,1223025
20221124,09:36:08,42885.00,225,1223025
20221124,09:36:09,42885.70,25,1223025
20221124,09:36:11,42881.00,175,1223025
20221124,09:36:14,42885.00,100,1223025
20221124,09:36:16,42885.00,250,1223025
20221124,09:36:18,42884.35,1425,1223025
20221124,09:36:19,42885.10,50,1223025
20221124,09:36:21,42882.35,150,1223025
20221124,09:36:23,42882.15,100,1223025
20221124,09:36:24,42878.00,100,1223025
20221124,09:36:26,42880.30,125,1223025
20221124,09:36:28,42877.95,50,1223025
20221124,09:36:29,42875.00,225,1223025
20221124,09:36:31,42875.00,150,1223025
20221124,09:36:33,42872.40,1100,1223025
20221124,09:36:34,42875.00,325,1223025
20221124,09:36:36,42875.00,150,1223025
20221124,09:36:38,42875.00,200,1223025
20221124,09:36:39,42879.30,150,1223025
20221124,09:36:41,42879.15,1125,1223025
20221124,09:36:43,42879.90,275,1223025
20221124,09:36:44,42875.00,225,1223025
20221124,09:36:46,42875.65,150,1223025
20221124,09:36:48,42876.15,1025,1223025
20221124,09:36:49,42877.70,1150,1223025
20221124,09:36:51,42879.00,225,1223025
20221124,09:36:53,42879.90,325,1223025
20221124,09:36:54,42878.00,300,1223025
20221124,09:36:56,42878.10,75,1223025
20221124,09:36:58,42879.10,200,1223025
20221124,09:36:59,42879.90,450,1223025
20221124,09:37:01,42879.35,525,1223025
20221124,09:37:03,42878.80,500,1223025
20221124,09:37:04,42878.00,950,1223025
20221124,09:37:06,42878.20,250,1223025
20221124,09:37:08,42879.40,550,1223025
20221124,09:37:09,42878.15,525,1223025
20221124,09:37:11,42877.35,675,1223025
20221124,09:37:13,42883.90,275,1223025
20221124,09:37:14,42878.00,225,1223025
20221124,09:37:16,42877.80,500,1223025
20221124,09:37:17,42876.85,150,1223025
20221124,09:37:19,42874.80,725,1223025
20221124,09:37:22,42879.45,175,1223025
20221124,09:37:24,42876.35,125,1223025
20221124,09:37:26,42879.50,250,1223025
20221124,09:37:27,42879.20,175,1223025
20221124,09:37:29,42879.50,75,1223025
20221124,09:37:30,42879.55,150,1223025
20221124,09:37:32,42879.15,25,1223025
20221124,09:37:34,42877.65,175,1223025
20221124,09:37:37,42879.30,50,1223025
20221124,09:37:39,42880.00,150,1223025
20221124,09:37:40,42883.30,125,1223025
20221124,09:37:42,42885.05,400,1223025
20221124,09:37:43,42887.55,75,1223025
20221124,09:37:45,42893.00,1550,1223025
20221124,09:37:47,42896.95,2500,1223025
20221124,09:37:48,42898.00,150,1223025
20221124,09:37:50,42893.95,250,1223025
20221124,09:37:52,42898.00,575,1223025
20221124,09:37:53,42899.00,800,1223025
20221124,09:37:55,42894.95,100,1223025
20221124,09:37:57,42899.00,350,1223025
20221124,09:37:58,42899.00,700,1223025
20221124,09:38:00,42899.00,575,1223025
20221124,09:38:01,42899.00,75,1223025
20221124,09:38:03,42897.00,25,1223025
20221124,09:38:05,42895.55,375,1223025
20221124,09:38:06,42899.00,175,1223025
20221124,09:38:08,42900.00,1025,1223025
20221124,09:38:10,42900.00,300,1223025
20221124,09:38:11,42904.90,1250,1223025
20221124,09:38:13,42902.00,75,1223025
20221124,09:38:14,42904.35,75,1223025
20221124,09:38:16,42906.90,675,1223025
20221124,09:38:18,42908.75,750,1223025
20221124,09:38:19,42908.80,75,1223025
20221124,09:38:21,42908.95,275,1223025
20221124,09:38:23,42909.00,250,1223025
20221124,09:38:24,42909.00,300,1223025
20221124,09:38:27,42902.00,250,1223025
20221124,09:38:29,42902.00,200,1223025
20221124,09:38:31,42902.00,50,1223025
20221124,09:38:32,42900.95,25,1223025
20221124,09:38:34,42902.00,150,1223025
20221124,09:38:35,42906.00,50,1223025
20221124,09:38:37,42901.95,225,1212925
20221124,09:38:38,42900.40,125,1212925
20221124,09:38:40,42902.00,125,1212925
20221124,09:38:42,42902.70,425,1212925
20221124,09:38:43,42907.65,575,1212925
20221124,09:38:45,42905.90,375,1212925
20221124,09:38:47,42909.00,100,1212925
20221124,09:38:49,42908.25,225,1212925
20221124,09:38:50,42907.45,25,1212925
20221124,09:38:52,42907.55,50,1212925
20221124,09:38:54,42903.50,325,1212925
20221124,09:38:55,42907.80,50,1212925
20221124,09:38:57,42909.00,350,1212925
20221124,09:38:59,42909.00,25,1212925
20221124,09:39:00,42902.65,175,1212925
20221124,09:39:02,42909.00,200,1212925
20221124,09:39:03,42907.75,325,1212925
20221124,09:39:05,42909.00,775,1212925
20221124,09:39:07,42909.00,325,1212925
20221124,09:39:08,42909.00,100,1212925
20221124,09:39:10,42906.55,25,1212925
20221124,09:39:12,42913.00,950,1212925
20221124,09:39:15,42918.00,450,1212925
20221124,09:39:17,42912.10,200,1212925
20221124,09:39:18,42918.75,600,1212925
20221124,09:39:20,42917.90,500,1212925
20221124,09:39:22,42917.05,250,1212925
20221124,09:39:23,42911.20,425,1212925
20221124,09:39:25,42912.05,25,1212925
20221124,09:39:27,42911.20,75,1212925
20221124,09:39:28,42912.05,350,1212925
20221124,09:39:30,42908.20,400,1212925
20221124,09:39:32,42908.80,125,1212925
20221124,09:39:33,42908.80,150,1212925
20221124,09:39:35,42908.05,475,1212925
20221124,09:39:37,42908.00,75,1212925
20221124,09:39:38,42908.00,1225,1212925
20221124,09:39:40,42905.75,125,1212925
20221124,09:39:41,42908.00,775,1212925
20221124,09:39:43,42904.90,425,1212925
20221124,09:39:45,42908.80,150,1212925
20221124,09:39:46,42904.45,1050,1212925
20221124,09:39:48,42903.00,75,1212925
20221124,09:39:50,42905.25,200,1212925
20221124,09:39:51,42905.75,275,1212925
20221124,09:39:53,42905.45,125,1212925
20221124,09:39:55,42904.25,525,1212925
20221124,09:39:56,42902.90,900,1212925
20221124,09:39:58,42909.60,475,1212925
20221124,09:40:00,42903.00,200,1212925
20221124,09:40:01,42911.90,1125,1212925
20221124,09:40:03,42908.90,475,1212925
20221124,09:40:05,42907.80,50,1212925
20221124,09:40:06,42905.85,1650,1212925
20221124,09:40:09,42905.20,700,1212925
20221124,09:40:11,42905.70,150,1212925
20221124,09:40:13,42912.30,200,1212925
20221124,09:40:14,42912.95,100,1212925
20221124,09:40:16,42910.00,325,1212925
20221124,09:40:17,42909.05,175,1212925
20221124,09:40:19,42908.85,200,1212925
20221124,09:40:21,42909.45,500,1212925
20221124,09:40:22,42909.80,100,1212925
20221124,09:40:24,42908.65,50,1212925
20221124,09:40:26,42908.65,50,1212925
20221124,09:40:27,42907.35,75,1212925
20221124,09:40:32,42905.00,25,1212925
20221124,09:40:34,42905.00,575,1212925
20221124,09:40:37,42906.95,50,1212925
20221124,09:40:38,42905.95,125,1212925
20221124,09:40:40,42913.50,500,1212925
20221124,09:40:42,42912.00,75,1212925
20221124,09:40:43,42909.25,25,1212925
20221124,09:40:45,42910.00,125,1212925
20221124,09:40:47,42909.80,100,1212925
20221124,09:40:48,42912.50,175,1212925
20221124,09:40:50,42914.95,225,1212925
20221124,09:40:52,42910.90,200,1212925
20221124,09:40:53,42915.05,50,1212925
20221124,09:40:55,42907.30,275,1212925
20221124,09:40:57,42908.65,75,1212925
20221124,09:40:58,42907.85,275,1212925
20221124,09:41:00,42907.90,25,1212925
20221124,09:41:02,42911.65,75,1212925
20221124,09:41:03,42911.85,150,1212925
20221124,09:41:05,42907.30,100,1212925
20221124,09:41:08,42907.60,25,1212925
20221124,09:41:10,42905.55,375,1212925
20221124,09:41:13,42907.65,100,1212925
20221124,09:41:15,42914.95,275,1212925
20221124,09:41:16,42907.90,75,1212925
20221124,09:41:18,42909.10,100,1212925
20221124,09:41:19,42908.90,50,1212925
20221124,09:41:21,42909.90,25,1212925
20221124,09:41:24,42908.00,50,1212925
20221124,09:41:26,42909.60,25,1212925
20221124,09:41:28,42909.15,125,1212925
20221124,09:41:29,42909.50,175,1212925
20221124,09:41:31,42914.00,250,1212925
20221124,09:41:34,42910.00,50,1212925
20221124,09:41:36,42911.95,325,1212925
20221124,09:41:37,42911.00,575,1205300
20221124,09:41:39,42909.70,125,1205300
20221124,09:41:40,42914.00,400,1205300
20221124,09:41:42,42910.00,75,1205300
20221124,09:41:44,42912.40,25,1205300
20221124,09:41:45,42907.90,900,1205300
20221124,09:41:47,42909.10,25,1205300
20221124,09:41:48,42908.45,75,1205300
20221124,09:41:50,42907.25,275,1205300
20221124,09:41:53,42906.10,75,1205300
20221124,09:41:54,42906.05,125,1205300
20221124,09:41:56,42906.10,250,1205300
20221124,09:41:57,42909.95,1125,1205300
20221124,09:41:59,42905.70,250,1205300
20221124,09:42:01,42905.00,75,1205300
20221124,09:42:02,42909.30,100,1205300
20221124,09:42:04,42908.85,300,1205300
20221124,09:42:05,42910.35,150,1205300
20221124,09:42:07,42907.45,75,1205300
20221124,09:42:08,42913.70,75,1205300
20221124,09:42:10,42907.75,100,1205300
20221124,09:42:14,42907.30,50,1205300
20221124,09:42:16,42907.75,50,1205300
20221124,09:42:17,42906.95,100,1205300
20221124,09:42:19,42907.70,125,1205300
20221124,09:42:21,42904.40,375,1205300
20221124,09:42:22,42905.75,75,1205300
20221124,09:42:24,42904.50,475,1205300
20221124,09:42:25,42909.95,100,1205300
20221124,09:42:27,42904.45,150,1205300
20221124,09:42:30,42904.70,50,1205300
20221124,09:42:32,42905.10,300,1205300
20221124,09:42:33,42901.80,325,1205300
20221124,09:42:35,42901.40,425,1205300
20221124,09:42:36,42901.00,50,1205300
20221124,09:42:38,42900.00,250,1205300
20221124,09:42:40,42900.00,50,1205300
20221124,09:42:41,42900.00,75,1205300
20221124,09:42:43,42901.05,275,1205300
20221124,09:42:46,42900.00,50,1205300
20221124,09:42:47,42900.00,75,1205300
20221124,09:42:49,42900.35,25,1205300
20221124,09:42:51,42900.00,100,1205300
20221124,09:42:52,42900.00,150,1205300
20221124,09:42:54,42900.00,250,1205300
20221124,09:42:56,42899.45,250,1205300
20221124,09:42:57,42895.70,550,1205300
20221124,09:42:59,42899.00,250,1205300
20221124,09:43:00,42899.00,50,1205300
20221124,09:43:02,42896.45,625,1205300
20221124,09:43:04,42896.00,75,1205300
20221124,09:43:05,42898.95,100,1205300
20221124,09:43:07,42896.45,150,1205300
20221124,09:43:08,42892.85,125,1205300
20221124,09:43:11,42895.60,125,1205300
20221124,09:43:13,42890.75,25,1205300
20221124,09:43:16,42896.40,275,1205300
20221124,09:43:18,42895.35,25,1205300
20221124,09:43:19,42899.00,650,1205300
20221124,09:43:21,42898.90,475,1205300
20221124,09:43:22,42899.60,75,1205300
20221124,09:43:24,42901.05,1250,1205300
20221124,09:43:26,42900.45,100,1205300
20221124,09:43:27,42902.00,50,1205300
20221124,09:43:29,42902.75,50,1205300
20221124,09:43:30,42902.10,25,1205300
20221124,09:43:32,42904.00,200,1205300
20221124,09:43:34,42905.80,625,1205300
20221124,09:43:35,42906.55,200,1205300
20221124,09:43:37,42907.55,125,1205300
20221124,09:43:38,42905.30,25,1205300
20221124,09:43:40,42907.60,1050,1205300
20221124,09:43:41,42913.15,175,1205300
20221124,09:43:43,42907.05,50,1205300
20221124,09:43:45,42906.95,25,1205300
20221124,09:43:46,42907.75,100,1205300
20221124,09:43:48,42907.00,150,1205300
20221124,09:43:50,42905.20,75,1205300
20221124,09:43:51,42904.55,1075,1205300
20221124,09:43:53,42909.95,100,1205300
20221124,09:43:54,42913.60,175,1205300
20221124,09:43:56,42907.70,50,1205300
20221124,09:43:58,42907.90,25,1205300
20221124,09:43:59,42910.00,125,1205300
20221124,09:44:01,42910.00,50,1205300
20221124,09:44:02,42907.90,25,1205300
20221124,09:44:04,42907.25,50,1205300
20221124,09:44:06,42910.35,225,1205300
20221124,09:44:07,42911.00,50,1205300
20221124,09:44:09,42911.40,1050,1205300
20221124,09:44:11,42911.55,275,1205300
20221124,09:44:12,42916.65,1100,1205300
20221124,09:44:14,42915.90,75,1205300
20221124,09:44:16,42919.00,1275,1205300
20221124,09:44:17,42919.00,25,1205300
20221124,09:44:19,42919.00,350,1205300
20221124,09:44:20,42920.00,775,1205300
20221124,09:44:22,42927.35,1425,1205300
20221124,09:44:24,42927.95,450,1205300
20221124,09:44:25,42928.00,125,1205300
20221124,09:44:27,42928.00,350,1205300
20221124,09:44:29,42929.00,675,1205300
20221124,09:44:30,42928.00,75,1205300
20221124,09:44:32,42927.90,400,1205300
20221124,09:44:34,42923.25,650,1205300
20221124,09:44:35,42922.80,1225,1205300
20221124,09:44:37,42921.40,1025,1205300
20221124,09:44:38,42923.30,300,1194350
20221124,09:44:40,42927.70,75,1194350
20221124,09:44:42,42927.65,75,1194350
20221124,09:44:43,42927.60,125,1194350
20221124,09:44:45,42921.15,150,1194350
20221124,09:44:47,42928.45,925,1194350
20221124,09:44:48,42925.00,75,1194350
20221124,09:44:50,42920.75,75,1194350
20221124,09:44:52,42922.15,25,1194350
20221124,09:44:53,42922.30,50,1194350
20221124,09:44:55,42926.40,25,1194350
20221124,09:44:56,42922.20,275,1194350
20221124,09:44:58,42929.00,2375,1194350
20221124,09:45:00,42929.70,75,1194350
20221124,09:45:01,42929.90,275,1194350
20221124,09:45:03,42930.00,600,1194350
20221124,09:45:04,42932.25,1025,1194350
20221124,09:45:06,42925.95,100,1194350
20221124,09:45:08,42931.10,325,1194350
20221124,09:45:09,42927.35,300,1194350
20221124,09:45:11,42924.75,275,1194350
20221124,09:45:13,42923.40,275,1194350
20221124,09:45:14,42920.00,1075,1194350
20221124,09:45:16,42922.75,225,1194350
20221124,09:45:17,42927.15,75,1194350
20221124,09:45:19,42927.35,150,1194350
20221124,09:45:21,42929.90,125,1194350
20221124,09:45:22,42929.90,250,1194350
20221124,09:45:24,42927.75,125,1194350
20221124,09:45:26,42927.75,400,1194350
20221124,09:45:27,42928.80,125,1194350
20221124,09:45:29,42927.75,175,1194350
20221124,09:45:31,42929.45,250,1194350
20221124,09:45:32,42927.75,25,1194350
20221124,09:45:34,42928.85,75,1194350
20221124,09:45:35,42927.75,675,1194350
20221124,09:45:37,42920.00,325,1194350
20221124,09:45:39,42924.85,100,1194350
20221124,09:45:40,42920.20,200,1194350
20221124,09:45:42,42927.70,100,1194350
20221124,09:45:44,42927.75,75,1194350
20221124,09:45:45,42928.30,325,1194350
20221124,09:45:47,42928.20,175,1194350
20221124,09:45:49,42926.95,425,1194350
20221124,09:45:50,42922.15,100,1194350
20221124,09:45:52,42922.15,150,1194350
20221124,09:45:54,42920.00,25,1194350
20221124,09:45:55,42920.00,25,1194350
20221124,09:45:57,42918.10,75,1194350
20221124,09:45:58,42918.10,100,1194350
20221124,09:46:00,42920.25,250,1194350
20221124,09:46:02,42918.90,325,1194350
20221124,09:46:03,42922.00,225,1194350
20221124,09:46:05,42922.00,275,1194350
20221124,09:46:06,42922.00,100,1194350
20221124,09:46:08,42921.20,300,1194350
20221124,09:46:10,42921.60,100,1194350
20221124,09:46:11,42917.75,350,1194350
20221124,09:46:13,42920.00,50,1194350
20221124,09:46:14,42917.85,50,1194350
20221124,09:46:16,42922.00,100,1194350
20221124,09:46:18,42915.90,425,1194350
20221124,09:46:21,42922.00,100,1194350
20221124,09:46:23,42919.10,50,1194350
20221124,09:46:24,42922.00,175,1194350
20221124,09:46:26,42922.00,25,1194350
20221124,09:46:27,42922.00,25,1194350
20221124,09:46:29,42922.00,175,1194350
20221124,09:46:31,42925.00,25,1194350
20221124,09:46:32,42923.80,75,1194350
20221124,09:46:34,42928.00,175,1194350
20221124,09:46:36,42928.80,275,1194350
20221124,09:46:37,42922.00,75,1194350
20221124,09:46:39,42922.55,100,1194350
20221124,09:46:42,42922.55,50,1194350
20221124,09:46:49,42929.00,100,1194350
20221124,09:46:50,42923.15,50,1194350
20221124,09:46:52,42922.00,75,1194350
20221124,09:46:54,42923.15,100,1194350
20221124,09:46:55,42923.15,25,1194350
20221124,09:46:57,42922.00,75,1194350
20221124,09:46:59,42925.00,25,1194350
20221124,09:47:00,42922.65,75,1194350
20221124,09:47:02,42922.80,1025,1194350
20221124,09:47:05,42920.85,1375,1194350
20221124,09:47:08,42919.00,200,1194350
20221124,09:47:10,42919.00,425,1194350
20221124,09:47:12,42928.05,150,1194350
20221124,09:47:13,42919.55,75,1194350
20221124,09:47:15,42925.50,225,1194350
20221124,09:47:20,42919.35,100,1194350
20221124,09:47:21,42919.55,50,1194350
20221124,09:47:23,42920.00,300,1194350
20221124,09:47:25,42916.40,225,1194350
20221124,09:47:26,42916.45,25,1194350
20221124,09:47:28,42925.00,725,1194350
20221124,09:47:30,42918.70,75,1194350
20221124,09:47:31,42918.00,25,1194350
20221124,09:47:33,42923.25,175,1194350
20221124,09:47:34,42922.40,25,1194350
20221124,09:47:38,42922.60,550,1193125
20221124,09:47:41,42917.40,100,1193125
20221124,09:47:43,42918.85,325,1193125
20221124,09:47:44,42920.60,125,1193125
20221124,09:47:46,42919.60,200,1193125
20221124,09:47:48,42920.45,200,1193125
20221124,09:47:49,42920.30,50,1193125
20221124,09:47:51,42922.00,25,1193125
20221124,09:47:53,42921.45,100,1193125
20221124,09:47:54,42920.95,125,1193125
20221124,09:47:56,42921.70,1025,1193125
20221124,09:47:58,42922.15,75,1193125
20221124,09:47:59,42923.40,100,1193125
20221124,09:48:01,42923.45,125,1193125
20221124,09:48:02,42924.40,225,1193125
20221124,09:48:04,42929.00,50,1193125
20221124,09:48:06,42930.00,275,1193125
20221124,09:48:07,42939.00,750,1193125
20221124,09:48:09,42939.00,175,1193125
20221124,09:48:11,42937.30,200,1193125
20221124,09:48:12,42938.20,175,1193125
20221124,09:48:14,42938.90,350,1193125
20221124,09:48:16,42933.00,375,1193125
20221124,09:48:17,42936.95,175,1193125
20221124,09:48:19,42939.00,650,1193125
20221124,09:48:21,42939.00,225,1193125
20221124,09:48:22,42940.00,250,1193125
20221124,09:48:24,42940.00,50,1193125
20221124,09:48:26,42940.00,300,1193125
20221124,09:48:27,42940.00,175,1193125
20221124,09:48:29,42935.15,125,1193125
20221124,09:48:31,42939.25,250,1193125
20221124,09:48:32,42938.75,400,1193125
20221124,09:48:34,42938.95,100,1193125
20221124,09:48:35,42938.50,175,1193125
20221124,09:48:39,42939.00,275,1193125
20221124,09:48:40,42931.60,150,1193125
20221124,09:48:42,42931.60,100,1193125
20221124,09:48:44,42931.05,100,1193125
20221124,09:48:45,42930.05,75,1193125
20221124,09:48:48,42932.55,50,1193125
20221124,09:48:50,42933.85,150,1193125
20221124,09:48:51,42933.40,100,1193125
20221124,09:48:53,42930.05,50,1193125
20221124,09:48:55,42925.95,175,1193125
20221124,09:48:56,42926.75,50,1193125
20221124,09:48:58,42930.10,175,1193125
20221124,09:48:59,42928.75,125,1193125
20221124,09:49:01,42930.75,800,1193125
20221124,09:49:02,42935.05,750,1193125
20221124,09:49:04,42929.70,75,1193125
20221124,09:49:05,42927.35,150,1193125
20221124,09:49:07,42928.40,50,1193125
20221124,09:49:09,42925.60,300,1193125
20221124,09:49:10,42927.30,175,1193125
20221124,09:49:12,42933.95,475,1193125
20221124,09:49:14,42932.10,50,1193125
20221124,09:49:15,42932.10,125,1193125
20221124,09:49:17,42936.45,25,1193125
20221124,09:49:20,42925.70,125,1193125
20221124,09:49:22,42925.65,25,1193125
20221124,09:49:23,42926.45,225,1193125
20221124,09:49:25,42927.10,25,1193125
20221124,09:49:26,42925.20,50,1193125
20221124,09:49:28,42931.20,50,1193125
20221124,09:49:33,42928.45,125,1193125
20221124,09:49:34,42922.40,100,1193125
20221124,09:49:36,42922.00,25,1193125
20221124,09:49:39,42922.40,175,1193125
20221124,09:49:41,42920.60,450,1193125
20221124,09:49:42,42927.00,425,1193125
20221124,09:49:44,42920.05,50,1193125
20221124,09:49:46,42919.65,75,1193125
20221124,09:49:47,42915.90,275,1193125
20221124,09:49:49,42917.45,175,1193125
20221124,09:49:51,42916.05,50,1193125
20221124,09:49:52,42915.95,225,1193125
20221124,09:49:54,42915.85,25,1193125
20221124,09:49:55,42915.85,75,1193125
20221124,09:49:57,42914.10,275,1193125
20221124,09:49:59,42914.40,150,1193125
20221124,09:50:00,42911.45,275,1193125
20221124,09:50:02,42912.05,75,1193125
20221124,09:50:04,42914.30,250,1193125
20221124,09:50:05,42915.70,175,1193125
20221124,09:50:07,42917.10,375,1193125
20221124,09:50:09,42916.90,750,1193125
20221124,09:50:10,42915.30,225,1193125
20221124,09:50:12,42913.90,700,1193125
20221124,09:50:13,42913.55,25,1193125
20221124,09:50:15,42917.95,500,1193125
20221124,09:50:17,42914.30,125,1193125
20221124,09:50:18,42913.70,225,1193125
20221124,09:50:20,42919.85,100,1193125
20221124,09:50:22,42913.00,200,1193125
20221124,09:50:23,42913.25,125,1193125
20221124,09:50:25,42913.00,625,1193125
20221124,09:50:26,42913.00,100,1193125
20221124,09:50:28,42905.65,225,1193125
20221124,09:50:30,42909.00,250,1193125
20221124,09:50:31,42907.05,100,1193125
20221124,09:50:33,42905.35,350,1193125
20221124,09:50:35,42909.00,550,1193125
20221124,09:50:36,42905.20,325,1193125
20221124,09:50:38,42906.45,75,1193125
20221124,09:50:39,42909.40,200,1182750
20221124,09:50:41,42910.65,250,1182750
20221124,09:50:43,42910.85,50,1182750
20221124,09:50:44,42912.25,100,1182750
20221124,09:50:46,42912.10,175,1182750
20221124,09:50:48,42912.75,350,1182750
20221124,09:50:49,42915.00,100,1182750
20221124,09:50:51,42917.95,500,1182750
20221124,09:50:52,42917.90,75,1182750
20221124,09:50:54,42917.95,550,1182750
20221124,09:50:56,42917.95,200,1182750
20221124,09:50:57,42913.50,75,1182750
20221124,09:50:59,42914.85,275,1182750
20221124,09:51:01,42915.90,450,1182750
20221124,09:51:02,42915.85,25,1182750
20221124,09:51:04,42915.40,150,1182750
20221124,09:51:06,42919.00,550,1182750
20221124,09:51:07,42917.65,250,1182750
20221124,09:51:09,42917.30,75,1182750
20221124,09:51:11,42915.55,25,1182750
20221124,09:51:12,42917.40,75,1182750
20221124,09:51:14,42917.40,75,1182750
20221124,09:51:17,42912.00,225,1182750
20221124,09:51:19,42914.70,100,1182750
20221124,09:51:20,42910.05,75,1182750
20221124,09:51:22,42910.05,50,1182750
20221124,09:51:24,42910.05,100,1182750
20221124,09:51:27,42911.30,250,1182750
20221124,09:51:29,42912.00,50,1182750
20221124,09:51:30,42909.05,25,1182750
20221124,09:51:32,42912.25,325,1182750
20221124,09:51:33,42918.95,175,1182750
20221124,09:51:35,42912.00,200,1182750
20221124,09:51:37,42913.20,50,1182750
20221124,09:51:38,42912.60,100,1182750
20221124,09:51:40,42913.10,100,1182750
20221124,09:51:42,42917.85,25,1182750
20221124,09:51:43,42919.00,150,1182750
20221124,09:51:45,42914.40,50,1182750
20221124,09:51:47,42918.95,100,1182750
20221124,09:51:48,42913.70,325,1182750
20221124,09:51:50,42910.65,100,1182750
20221124,09:51:51,42912.60,75,1182750
20221124,09:51:55,42911.25,100,1182750
20221124,09:51:56,42915.00,50,1182750
20221124,09:51:59,42912.70,275,1182750
20221124,09:52:01,42913.90,100,1182750
20221124,09:52:03,42914.55,50,1182750
20221124,09:52:04,42916.70,75,1182750
20221124,09:52:06,42918.75,350,1182750
20221124,09:52:08,42918.70,500,1182750
20221124,09:52:09,42917.30,100,1182750
20221124,09:52:11,42916.75,225,1182750
20221124,09:52:12,42915.90,50,1182750
20221124,09:52:14,42915.75,125,1182750
20221124,09:52:16,42920.00,300,1182750
20221124,09:52:17,42920.00,50,1182750
20221124,09:52:19,42916.65,550,1182750
20221124,09:52:20,42913.00,400,1182750
20221124,09:52:22,42912.20,150,1182750
20221124,09:52:24,42912.75,25,1182750
20221124,09:52:25,42914.75,350,1182750
20221124,09:52:28,42915.00,25,1182750
20221124,09:52:30,42912.95,250,1182750
20221124,09:52:32,42914.00,100,1182750
20221124,09:52:33,42915.00,75,1182750
20221124,09:52:35,42911.25,525,1182750
20221124,09:52:38,42918.50,50,1182750
20221124,09:52:39,42912.65,125,1182750
20221124,09:52:41,42919.80,1075,1182750
20221124,09:52:42,42910.25,150,1182750
20221124,09:52:44,42909.35,1025,1182750
20221124,09:52:46,42909.90,100,1182750
20221124,09:52:47,42910.75,100,1182750
20221124,09:52:49,42909.35,75,1182750
20221124,09:52:50,42911.20,50,1182750
20221124,09:52:52,42911.35,100,1182750
20221124,09:52:53,42913.25,150,1182750
20221124,09:52:55,42913.45,125,1182750
20221124,09:52:57,42913.50,375,1182750
20221124,09:53:01,42910.50,1175,1182750
20221124,09:53:03,42910.00,975,1182750
20221124,09:53:04,42912.35,125,1182750
20221124,09:53:06,42913.45,75,1182750
20221124,09:53:08,42915.00,675,1182750
20221124,09:53:09,42915.75,75,1182750
20221124,09:53:11,42917.90,275,1182750
20221124,09:53:13,42918.60,100,1182750
20221124,09:53:14,42918.05,300,1182750
20221124,09:53:16,42921.15,375,1182750
20221124,09:53:17,42920.00,200,1182750
20221124,09:53:19,42918.30,425,1182750
20221124,09:53:21,42916.70,750,1182750
20221124,09:53:22,42921.30,25,1182750
20221124,09:53:24,42921.40,100,1182750
20221124,09:53:26,42923.75,75,1182750
20221124,09:53:27,42923.85,100,1182750
20221124,09:53:29,42925.00,50,1182750
20221124,09:53:30,42925.05,50,1182750
20221124,09:53:32,42925.00,300,1182750
20221124,09:53:34,42924.60,75,1182750
20221124,09:53:35,42925.00,25,1182750
20221124,09:53:37,42923.90,75,1182750
20221124,09:53:39,42925.15,250,1172475
20221124,09:53:40,42925.55,50,1172475
20221124,09:53:42,42923.50,375,1172475
20221124,09:53:43,42927.60,325,1172475
20221124,09:53:45,42927.90,100,1172475
20221124,09:53:47,42927.90,50,1172475
20221124,09:53:48,42922.45,250,1172475
20221124,09:53:50,42928.70,150,1172475
20221124,09:53:52,42929.10,75,1172475
20221124,09:53:53,42923.35,525,1172475
20221124,09:53:57,42928.70,125,1172475
20221124,09:53:58,42928.70,275,1172475
20221124,09:54:00,42923.15,250,1172475
20221124,09:54:02,42927.45,100,1172475
20221124,09:54:03,42926.80,275,1172475
20221124,09:54:05,42925.80,900,1172475
20221124,09:54:06,42927.20,200,1172475
20221124,09:54:08,42927.40,100,1172475
20221124,09:54:10,42925.30,225,1172475
20221124,09:54:11,42925.30,50,1172475
20221124,09:54:13,42925.70,150,1172475
20221124,09:54:15,42920.55,50,1172475
20221124,09:54:16,42927.85,200,1172475
20221124,09:54:23,42921.65,75,1172475
20221124,09:54:24,42922.00,75,1172475
20221124,09:54:26,42926.90,50,1172475
20221124,09:54:27,42921.85,100,1172475
20221124,09:54:29,42923.55,275,1172475
20221124,09:54:30,42927.05,200,1172475
20221124,09:54:32,42920.50,75,1172475
20221124,09:54:34,42920.65,25,1172475
20221124,09:54:35,42920.00,250,1172475
20221124,09:54:37,42925.75,75,1172475
20221124,09:54:38,42925.00,25,1172475
20221124,09:54:42,42925.00,25,1172475
20221124,09:54:43,42923.80,75,1172475
20221124,09:54:45,42923.20,75,1172475
20221124,09:54:48,42930.00,375,1172475
20221124,09:54:50,42930.00,100,1172475
20221124,09:54:51,42930.00,200,1172475
20221124,09:54:53,42930.00,250,1172475
20221124,09:54:54,42930.00,100,1172475
20221124,09:54:56,42930.00,200,1172475
20221124,09:54:57,42930.00,150,1172475
20221124,09:55:02,42930.00,125,1172475
20221124,09:55:03,42930.00,725,1172475
20221124,09:55:05,42928.55,125,1172475
20221124,09:55:07,42929.50,175,1172475
20221124,09:55:08,42931.25,175,1172475
20221124,09:55:10,42926.80,75,1172475
20221124,09:55:11,42930.00,25,1172475
20221124,09:55:13,42930.00,50,1172475
20221124,09:55:14,42930.00,75,1172475
20221124,09:55:16,42933.50,400,1172475
20221124,09:55:17,42924.50,100,1172475
20221124,09:55:22,42927.70,25,1172475
20221124,09:55:25,42929.25,25,1172475
20221124,09:55:26,42934.75,25,1172475
20221124,09:55:28,42924.10,425,1172475
20221124,09:55:30,42927.85,1650,1172475
20221124,09:55:31,42922.20,100,1172475
20221124,09:55:33,42929.85,100,1172475
20221124,09:55:34,42929.85,250,1172475
20221124,09:55:36,42929.85,125,1172475
20221124,09:55:37,42929.85,175,1172475
20221124,09:55:39,42922.15,75,1172475
20221124,09:55:41,42921.45,25,1172475
20221124,09:55:42,42927.85,100,1172475
20221124,09:55:44,42927.85,75,1172475
20221124,09:55:47,42927.00,225,1172475
20221124,09:55:50,42930.00,450,1172475
20221124,09:55:52,42926.45,25,1172475
20221124,09:55:55,42932.80,125,1172475
20221124,09:55:58,42927.85,25,1172475
20221124,09:56:00,42926.45,25,1172475
20221124,09:56:01,42933.25,225,1172475
20221124,09:56:03,42934.40,50,1172475
20221124,09:56:05,42928.40,25,1172475
20221124,09:56:06,42929.95,500,1172475
20221124,09:56:08,42933.50,50,1172475
20221124,09:56:11,42933.50,50,1172475
20221124,09:56:13,42933.50,150,1172475
20221124,09:56:16,42934.35,225,1172475
20221124,09:56:17,42932.60,50,1172475
20221124,09:56:21,42933.00,100,1172475
20221124,09:56:22,42932.60,50,1172475
20221124,09:56:24,42933.00,25,1172475
20221124,09:56:28,42932.60,50,1172475
20221124,09:56:30,42932.60,100,1172475
20221124,09:56:35,42925.05,175,1172475
20221124,09:56:38,42925.25,50,1172475
20221124,09:56:39,42931.10,125,1169450
20221124,09:56:41,42933.20,500,1169450
20221124,09:56:42,42933.10,325,1169450
20221124,09:56:44,42927.65,50,1169450
20221124,09:56:45,42933.20,25,1169450
20221124,09:56:47,42933.15,75,1169450
20221124,09:56:49,42933.00,25,1169450
20221124,09:56:50,42927.10,25,1169450
20221124,09:56:52,42933.00,25,1169450
20221124,09:56:58,42933.15,50,1169450
20221124,09:57:00,42932.95,25,1169450
20221124,09:57:02,42933.00,175,1169450
20221124,09:57:03,42935.00,125,1169450
20221124,09:57:06,42927.80,125,1169450
20221124,09:57:08,42927.65,100,1169450
20221124,09:57:10,42932.65,275,1169450
20221124,09:57:14,42930.00,25,1169450
20221124,09:57:16,42932.85,75,1169450
20221124,09:57:17,42930.00,25,1169450
20221124,09:57:21,42932.65,50,1169450
20221124,09:57:25,42926.90,50,1169450
20221124,09:57:27,42931.95,200,1169450
20221124,09:57:28,42925.00,75,1169450
20221124,09:57:30,42928.85,50,1169450
20221124,09:57:32,42925.00,50,1169450
20221124,09:57:33,42925.00,25,1169450
20221124,09:57:38,42925.00,50,1169450
20221124,09:57:40,42929.90,75,1169450
20221124,09:57:41,42925.80,100,1169450
20221124,09:57:43,42925.00,150,1169450
20221124,09:57:53,42925.00,25,1169450
20221124,09:57:54,42929.90,225,1169450
20221124,09:57:56,42928.85,25,1169450
20221124,09:57:58,42928.85,25,1169450
20221124,09:57:59,42929.90,250,1169450
20221124,09:58:01,42925.10,125,1169450
20221124,09:58:02,42930.00,250,1169450
20221124,09:58:04,42932.00,75,1169450
20221124,09:58:06,42929.95,100,1169450
20221124,09:58:07,42929.40,75,1169450
20221124,09:58:10,42925.00,100,1169450
20221124,09:58:12,42925.00,125,1169450
20221124,09:58:14,42930.85,125,1169450
20221124,09:58:15,42929.20,575,1169450
20221124,09:58:20,42929.50,75,1169450
20221124,09:58:22,42925.00,50,1169450
20221124,09:58:23,42925.00,25,1169450
20221124,09:58:25,42925.00,50,1169450
20221124,09:58:27,42929.15,50,1169450
20221124,09:58:28,42925.10,25,1169450
20221124,09:58:31,42925.00,50,1169450
20221124,09:58:33,42925.00,25,1169450
20221124,09:58:35,42920.20,175,1169450
20221124,09:58:36,42917.40,150,1169450
20221124,09:58:38,42915.70,150,1169450
20221124,09:58:40,42916.50,50,1169450
20221124,09:58:41,42916.50,100,1169450
20221124,09:58:43,42915.90,150,1169450
20221124,09:58:45,42915.95,50,1169450
20221124,09:58:46,42916.75,75,1169450
20221124,09:58:48,42919.65,325,1169450
20221124,09:58:51,42924.80,250,1169450
20221124,09:58:53,42917.35,25,1169450
20221124,09:58:55,42916.80,50,1169450
20221124,09:58:56,42922.55,25,1169450
20221124,09:58:58,42918.15,50,1169450
20221124,09:59:00,42918.05,25,1169450
20221124,09:59:01,42918.20,100,1169450
20221124,09:59:03,42924.40,50,1169450
20221124,09:59:05,42924.70,50,1169450
20221124,09:59:08,42922.50,25,1169450
20221124,09:59:10,42926.80,575,1169450
20221124,09:59:11,42922.50,100,1169450
20221124,09:59:13,42926.20,125,1169450
20221124,09:59:16,42926.90,625,1169450
20221124,09:59:18,42922.35,50,1169450
20221124,09:59:21,42922.35,75,1169450
20221124,09:59:23,42919.15,100,1169450
20221124,09:59:25,42916.20,75,1169450
20221124,09:59:26,42916.20,200,1169450
20221124,09:59:28,42922.30,275,1169450
20221124,09:59:31,42917.25,275,1169450
20221124,09:59:36,42917.45,50,1169450
20221124,09:59:38,42917.30,50,1169450
20221124,09:59:39,42921.80,50,1169450
20221124,09:59:41,42916.40,175,1168725
20221124,09:59:42,42915.95,150,1168725
20221124,09:59:44,42917.25,25,1168725
20221124,09:59:46,42919.00,75,1168725
20221124,09:59:47,42919.60,25,1168725
20221124,09:59:49,42915.00,50,1168725
20221124,09:59:52,42915.00,125,1168725
20221124,09:59:54,42915.00,25,1168725
20221124,09:59:56,42918.00,75,1168725
20221124,09:59:57,42919.00,25,1168725
20221124,09:59:59,42915.10,125,1168725
20221124,10:00:01,42916.10,50,1168725
20221124,10:00:02,42919.95,25,1168725
20221124,10:00:04,42918.00,175,1168725
20221124,10:00:06,42915.15,100,1168725
20221124,10:00:07,42915.00,75,1168725
20221124,10:00:11,42915.15,75,1168725
20221124,10:00:12,42913.00,175,1168725
20221124,10:00:14,42918.00,75,1168725
20221124,10:00:16,42919.70,200,1168725
20221124,10:00:19,42913.05,75,1168725
20221124,10:00:20,42912.95,25,1168725
20221124,10:00:24,42913.55,25,1168725
20221124,10:00:25,42913.05,50,1168725
20221124,10:00:27,42915.90,25,1168725
20221124,10:00:32,42914.10,375,1168725
20221124,10:00:34,42918.00,75,1168725
20221124,10:00:35,42915.75,250,1168725
20221124,10:00:37,42916.05,75,1168725
20221124,10:00:38,42915.00,25,1168725
20221124,10:00:40,42915.00,100,1168725
20221124,10:00:42,42914.75,50,1168725
20221124,10:00:43,42919.00,50,1168725
20221124,10:00:45,42918.95,50,1168725
20221124,10:00:47,42919.00,50,1168725
20221124,10:00:50,42918.00,25,1168725
20221124,10:00:52,42915.00,75,1168725
20221124,10:00:53,42919.00,150,1168725
20221124,10:00:55,42919.90,50,1168725
20221124,10:00:57,42918.05,75,1168725
20221124,10:00:58,42919.00,125,1168725
20221124,10:01:00,42919.00,200,1168725
20221124,10:01:02,42920.00,175,1168725
20221124,10:01:03,42922.50,200,1168725
20221124,10:01:05,42923.00,75,1168725
20221124,10:01:07,42923.00,150,1168725
20221124,10:01:08,42923.00,50,1168725
20221124,10:01:10,42922.95,100,1168725
20221124,10:01:11,42923.00,175,1168725
20221124,10:01:13,42923.00,50,1168725
20221124,10:01:15,42921.50,75,1168725
20221124,10:01:16,42921.50,25,1168725
20221124,10:01:18,42923.00,25,1168725
20221124,10:01:20,42920.25,50,1168725
20221124,10:01:21,42922.65,25,1168725
20221124,10:01:23,42920.00,75,1168725
20221124,10:01:24,42919.00,25,1168725
20221124,10:01:26,42919.00,100,1168725
20221124,10:01:28,42918.95,25,1168725
20221124,10:01:29,42918.95,25,1168725
20221124,10:01:31,42916.30,125,1168725
20221124,10:01:33,42916.80,25,1168725
20221124,10:01:36,42919.00,100,1168725
20221124,10:01:38,42916.35,25,1168725
20221124,10:01:39,42916.25,25,1168725
20221124,10:01:41,42916.20,325,1168725
20221124,10:01:42,42916.90,50,1168725
20221124,10:01:44,42916.50,75,1168725
20221124,10:01:46,42920.00,25,1168725
20221124,10:01:47,42917.05,150,1168725
20221124,10:01:49,42920.00,75,1168725
20221124,10:01:50,42919.85,25,1168725
20221124,10:01:52,42919.90,175,1168725
20221124,10:01:54,42919.85,25,1168725
20221124,10:01:55,42925.00,100,1168725
20221124,10:01:57,42925.00,50,1168725
20221124,10:01:58,42925.00,200,1168725
20221124,10:02:00,42921.90,50,1168725
20221124,10:02:02,42920.80,150,1168725
20221124,10:02:03,42924.60,100,1168725
20221124,10:02:05,42925.00,25,1168725
20221124,10:02:06,42924.70,50,1168725
20221124,10:02:08,42925.30,75,1168725
20221124,10:02:10,42924.75,50,1168725
20221124,10:02:11,42925.40,50,1168725
20221124,10:02:13,42924.75,175,1168725
20221124,10:02:14,42924.75,25,1168725
20221124,10:02:16,42924.75,475,1168725
20221124,10:02:17,42918.20,475,1168725
20221124,10:02:19,42917.65,150,1168725
20221124,10:02:21,42923.50,1050,1168725
20221124,10:02:22,42918.30,300,1168725
20221124,10:02:24,42918.00,50,1168725
20221124,10:02:25,42916.30,50,1168725
20221124,10:02:27,42915.15,75,1168725
20221124,10:02:29,42921.50,125,1168725
20221124,10:02:30,42921.50,100,1168725
20221124,10:02:32,42913.30,275,1168725
20221124,10:02:34,42919.30,175,1168725
20221124,10:02:35,42918.75,25,1168725
20221124,10:02:37,42912.65,125,1168725
20221124,10:02:38,42913.60,50,1168725
20221124,10:02:40,42917.00,50,1167700
20221124,10:02:42,42914.25,100,1167700
20221124,10:02:43,42914.10,25,1167700
20221124,10:02:45,42914.00,25,1167700
20221124,10:02:47,42921.70,75,1167700
20221124,10:02:50,42920.35,175,1167700
20221124,10:02:51,42920.35,75,1167700
20221124,10:02:53,42920.35,100,1167700
20221124,10:02:54,42921.05,150,1167700
20221124,10:02:56,42915.00,150,1167700
20221124,10:02:59,42912.75,175,1167700
20221124,10:03:01,42918.40,50,1167700
20221124,10:03:02,42919.70,150,1167700
20221124,10:03:04,42918.35,25,1167700
20221124,10:03:06,42920.00,100,1167700
20221124,10:03:07,42914.10,25,1167700
20221124,10:03:09,42914.95,50,1167700
20221124,10:03:10,42918.35,200,1167700
20221124,10:03:14,42912.95,50,1167700
20221124,10:03:15,42912.20,175,1167700
20221124,10:03:17,42917.90,175,1167700
20221124,10:03:18,42918.10,50,1167700
20221124,10:03:20,42918.20,75,1167700
20221124,10:03:21,42913.60,50,1167700
20221124,10:03:23,42919.55,175,1167700
20221124,10:03:25,42914.50,50,1167700
20221124,10:03:26,42913.75,75,1167700
20221124,10:03:28,42914.05,25,1167700
20221124,10:03:29,42919.55,150,1167700
20221124,10:03:31,42915.00,25,1167700
20221124,10:03:34,42915.00,25,1167700
20221124,10:03:37,42919.95,50,1167700
20221124,10:03:39,42915.00,125,1167700
20221124,10:03:40,42915.00,75,1167700
20221124,10:03:42,42915.05,50,1167700
20221124,10:03:45,42915.00,100,1167700
20221124,10:03:47,42915.00,150,1167700
20221124,10:03:51,42915.00,25,1167700
20221124,10:03:54,42919.90,150,1167700
20221124,10:03:57,42917.70,50,1167700
20221124,10:03:59,42920.00,25,1167700
20221124,10:04:01,42919.25,75,1167700
20221124,10:04:04,42915.00,75,1167700
20221124,10:04:05,42919.40,200,1167700
20221124,10:04:07,42918.00,125,1167700
20221124,10:04:08,42918.00,25,1167700
20221124,10:04:10,42918.00,100,1167700
20221124,10:04:11,42919.00,25,1167700
20221124,10:04:13,42915.00,150,1167700
20221124,10:04:14,42919.90,25,1167700
20221124,10:04:16,42920.00,300,1167700
20221124,10:04:20,42915.00,25,1167700
20221124,10:04:22,42919.85,25,1167700
20221124,10:04:23,42915.05,150,1167700
20221124,10:04:25,42916.00,25,1167700
20221124,10:04:27,42915.00,200,1167700
20221124,10:04:28,42915.05,50,1167700
20221124,10:04:34,42917.95,75,1167700
20221124,10:04:36,42916.00,25,1167700
20221124,10:04:37,42915.05,75,1167700
20221124,10:04:39,42915.00,50,1167700
20221124,10:04:42,42917.75,25,1167700
20221124,10:04:43,42915.00,150,1167700
20221124,10:04:45,42917.80,475,1167700
20221124,10:04:47,42917.80,350,1167700
20221124,10:04:48,42915.55,75,1167700
20221124,10:04:50,42915.00,350,1167700
20221124,10:04:51,42916.10,350,1167700
20221124,10:04:53,42915.00,475,1167700
20221124,10:04:55,42916.75,625,1167700
20221124,10:04:56,42916.75,50,1167700
20221124,10:04:58,42915.00,100,1167700
20221124,10:04:59,42916.65,50,1167700
20221124,10:05:01,42915.00,425,1167700
20221124,10:05:02,42915.00,150,1167700
20221124,10:05:04,42915.00,125,1167700
20221124,10:05:07,42915.85,50,1167700
20221124,10:05:09,42915.70,25,1167700
20221124,10:05:10,42915.90,650,1167700
20221124,10:05:14,42915.20,50,1167700
20221124,10:05:15,42917.90,275,1167700
20221124,10:05:17,42911.05,25,1167700
20221124,10:05:18,42917.95,275,1167700
20221124,10:05:20,42910.05,125,1167700
20221124,10:05:23,42910.05,275,1167700
20221124,10:05:25,42914.90,75,1167700
20221124,10:05:26,42910.05,300,1167700
20221124,10:05:28,42910.00,150,1167700
20221124,10:05:29,42910.75,50,1167700
20221124,10:05:31,42910.70,250,1167700
20221124,10:05:32,42910.70,275,1167700
20221124,10:05:34,42910.95,75,1167700
20221124,10:05:36,42910.95,450,1167700
20221124,10:05:37,42910.00,25,1167700
20221124,10:05:39,42911.00,50,1167700
20221124,10:05:40,42910.00,150,1167700
20221124,10:05:42,42910.00,350,1166850
20221124,10:05:43,42908.20,50,1166850
20221124,10:05:45,42907.95,100,1166850
20221124,10:05:46,42907.05,450,1166850
20221124,10:05:50,42910.00,150,1166850
20221124,10:05:51,42910.00,450,1166850
20221124,10:05:53,42909.75,1250,1166850
20221124,10:05:56,42905.75,50,1166850
20221124,10:05:58,42905.00,100,1166850
20221124,10:05:59,42905.75,950,1166850
20221124,10:06:01,42902.90,225,1166850
20221124,10:06:02,42905.00,700,1166850
20221124,10:06:04,42906.00,250,1166850
20221124,10:06:06,42908.95,375,1166850
20221124,10:06:07,42905.00,200,1166850
20221124,10:06:10,42907.65,350,1166850
20221124,10:06:12,42902.65,75,1166850
20221124,10:06:13,42903.00,100,1166850
20221124,10:06:15,42908.00,500,1166850
20221124,10:06:16,42903.60,25,1166850
20221124,10:06:18,42904.65,275,1166850
20221124,10:06:20,42905.90,325,1166850
20221124,10:06:21,42905.30,675,1166850
20221124,10:06:23,42905.00,450,1166850
20221124,10:06:24,42904.05,150,1166850
20221124,10:06:26,42905.00,25,1166850
20221124,10:06:27,42902.85,50,1166850
20221124,10:06:29,42902.30,225,1166850
20221124,10:06:30,42902.35,75,1166850
20221124,10:06:32,42903.35,175,1166850
20221124,10:06:34,42903.00,150,1166850
20221124,10:06:35,42902.35,125,1166850
20221124,10:06:37,42901.10,525,1166850
20221124,10:06:38,42907.55,3450,1166850
20221124,10:06:40,42904.30,125,1166850
20221124,10:06:42,42904.55,25,1166850
20221124,10:06:43,42908.95,275,1166850
20221124,10:06:45,42905.25,275,1166850
20221124,10:06:47,42905.25,50,1166850
20221124,10:06:48,42909.00,50,1166850
20221124,10:06:50,42906.15,175,1166850
20221124,10:06:52,42906.75,75,1166850
20221124,10:06:53,42906.95,100,1166850
20221124,10:06:55,42906.60,25,1166850
20221124,10:06:56,42905.60,25,1166850
20221124,10:06:58,42908.90,100,1166850
20221124,10:07:00,42905.25,50,1166850
20221124,10:07:01,42905.25,100,1166850
20221124,10:07:03,42904.45,375,1166850
20221124,10:07:06,42905.00,225,1166850
20221124,10:07:08,42905.00,150,1166850
20221124,10:07:09,42905.00,25,1166850
20221124,10:07:11,42905.00,275,1166850
20221124,10:07:13,42904.45,25,1166850
20221124,10:07:14,42904.80,75,1166850
20221124,10:07:16,42904.95,50,1166850
20221124,10:07:17,42901.00,25,1166850
20221124,10:07:21,42901.00,150,1166850
20221124,10:07:22,42901.05,175,1166850
20221124,10:07:24,42905.00,225,1166850
20221124,10:07:26,42901.55,300,1166850
20221124,10:07:27,42902.00,250,1166850
20221124,10:07:29,42902.30,350,1166850
20221124,10:07:31,42902.95,375,1166850
20221124,10:07:32,42903.20,50,1166850
20221124,10:07:34,42904.90,25,1166850
20221124,10:07:37,42905.00,350,1166850
20221124,10:07:39,42905.10,200,1166850
20221124,10:07:40,42905.25,75,1166850
20221124,10:07:42,42904.05,50,1166850
20221124,10:07:44,42904.10,100,1166850
20221124,10:07:45,42904.30,125,1166850
20221124,10:07:47,42908.10,175,1166850
20221124,10:07:49,42905.25,75,1166850
20221124,10:07:50,42905.00,50,1166850
20221124,10:07:52,42904.90,75,1166850
20221124,10:07:54,42910.05,400,1166850
20221124,10:07:55,42910.00,75,1166850
20221124,10:07:57,42910.05,100,1166850
20221124,10:07:58,42910.30,50,1166850
20221124,10:08:00,42910.50,50,1166850
20221124,10:08:02,42915.00,50,1166850
20221124,10:08:03,42914.55,50,1166850
20221124,10:08:05,42914.95,25,1166850
20221124,10:08:07,42915.00,75,1166850
20221124,10:08:10,42911.35,100,1166850
20221124,10:08:12,42910.30,50,1166850
20221124,10:08:15,42910.05,50,1166850
20221124,10:08:17,42910.00,25,1166850
20221124,10:08:18,42910.00,75,1166850
20221124,10:08:20,42910.30,100,1166850
20221124,10:08:22,42914.90,175,1166850
20221124,10:08:23,42910.80,50,1166850
20221124,10:08:26,42914.00,150,1166850
20221124,10:08:28,42910.45,150,1166850
20221124,10:08:29,42910.00,75,1166850
20221124,10:08:31,42913.00,850,1166850
20221124,10:08:33,42908.60,50,1166850
20221124,10:08:34,42909.05,125,1166850
20221124,10:08:36,42909.05,50,1166850
20221124,10:08:37,42914.00,200,1166850
20221124,10:08:39,42914.00,25,1166850
20221124,10:08:40,42909.10,325,1166850
20221124,10:08:43,42914.00,50,1160300
20221124,10:08:45,42914.00,25,1160300
20221124,10:08:47,42913.40,25,1160300
20221124,10:08:48,42914.00,150,1160300
20221124,10:08:50,42914.00,125,1160300
20221124,10:08:51,42914.00,25,1160300
20221124,10:08:53,42914.00,25,1160300
20221124,10:08:54,42915.00,50,1160300
20221124,10:08:56,42915.30,775,1160300
20221124,10:08:58,42915.30,325,1160300
20221124,10:08:59,42914.35,825,1160300
20221124,10:09:02,42918.65,75,1160300
20221124,10:09:03,42915.05,175,1160300
20221124,10:09:05,42915.00,25,1160300
20221124,10:09:06,42919.35,50,1160300
20221124,10:09:08,42914.05,225,1160300
20221124,10:09:09,42919.70,50,1160300
20221124,10:09:11,42920.00,300,1160300
20221124,10:09:12,42914.40,25,1160300
20221124,10:09:14,42916.00,100,1160300
20221124,10:09:15,42920.95,175,1160300
20221124,10:09:18,42913.60,25,1160300
20221124,10:09:20,42920.15,25,1160300
20221124,10:09:21,42915.05,50,1160300
20221124,10:09:25,42920.15,100,1160300
20221124,10:09:26,42916.45,75,1160300
20221124,10:09:28,42917.40,350,1160300
20221124,10:09:29,42921.70,450,1160300
20221124,10:09:31,42925.25,800,1160300
20221124,10:09:32,42929.90,825,1160300
20221124,10:09:34,42930.00,350,1160300
20221124,10:09:36,42929.95,675,1160300
20221124,10:09:37,42929.95,125,1160300
20221124,10:09:39,42925.70,300,1160300
20221124,10:09:41,42929.90,75,1160300
20221124,10:09:42,42926.55,225,1160300
20221124,10:09:44,42929.55,275,1160300
20221124,10:09:46,42932.95,25,1160300
20221124,10:09:47,42933.00,75,1160300
20221124,10:09:49,42929.25,250,1160300
20221124,10:09:51,42935.00,575,1160300
20221124,10:09:52,42935.00,50,1160300
20221124,10:09:54,42930.00,25,1160300
20221124,10:09:56,42930.00,550,1160300
20221124,10:09:59,42930.20,125,1160300
20221124,10:10:00,42930.45,200,1160300
20221124,10:10:02,42935.00,450,1160300
20221124,10:10:04,42935.00,350,1160300
20221124,10:10:05,42935.00,400,1160300
20221124,10:10:08,42934.95,125,1160300
20221124,10:10:10,42931.05,125,1160300
20221124,10:10:12,42930.95,25,1160300
20221124,10:10:13,42930.00,75,1160300
20221124,10:10:15,42932.70,125,1160300
20221124,10:10:16,42935.00,100,1160300
20221124,10:10:18,42935.70,50,1160300
20221124,10:10:20,42931.40,200,1160300
20221124,10:10:21,42934.85,225,1160300
20221124,10:10:23,42934.85,25,1160300
20221124,10:10:24,42933.65,175,1160300
20221124,10:10:26,42935.70,175,1160300
20221124,10:10:28,42937.10,525,1160300
20221124,10:10:29,42938.00,250,1160300
20221124,10:10:31,42938.00,100,1160300
20221124,10:10:32,42939.00,125,1160300
20221124,10:10:34,42939.00,50,1160300
20221124,10:10:36,42938.00,425,1160300
20221124,10:10:37,42935.00,75,1160300
20221124,10:10:39,42937.05,50,1160300
20221124,10:10:40,42937.80,25,1160300
20221124,10:10:42,42938.00,50,1160300
20221124,10:10:44,42937.70,100,1160300
20221124,10:10:45,42935.00,275,1160300
20221124,10:10:47,42933.40,25,1160300
20221124,10:10:48,42930.65,25,1160300
20221124,10:10:50,42930.00,150,1160300
20221124,10:10:52,42930.00,75,1160300
20221124,10:10:53,42928.40,250,1160300
20221124,10:10:55,42937.45,725,1160300
20221124,10:10:56,42930.95,25,1160300
20221124,10:10:59,42930.65,25,1160300
20221124,10:11:01,42933.15,25,1160300
20221124,10:11:03,42934.00,75,1160300
20221124,10:11:04,42933.80,50,1160300
20221124,10:11:09,42928.00,75,1160300
20221124,10:11:11,42928.00,75,1160300
20221124,10:11:12,42928.00,25,1160300
20221124,10:11:15,42933.00,25,1160300
20221124,10:11:19,42928.00,50,1160300
20221124,10:11:20,42934.95,75,1160300
20221124,10:11:22,42929.50,75,1160300
20221124,10:11:25,42932.65,75,1160300
20221124,10:11:27,42932.55,300,1160300
20221124,10:11:30,42928.10,25,1160300
20221124,10:11:35,42928.10,50,1160300
20221124,10:11:38,42930.00,25,1160300
20221124,10:11:41,42928.10,75,1156400
20221124,10:11:43,42928.10,25,1156400
20221124,10:11:46,42930.00,25,1156400
20221124,10:11:48,42930.00,25,1156400
20221124,10:11:49,42928.15,25,1156400
20221124,10:11:51,42928.15,50,1156400
20221124,10:12:00,42929.00,50,1156400
20221124,10:12:01,42930.00,50,1156400
20221124,10:12:03,42932.00,100,1156400
20221124,10:12:04,42934.10,25,1156400
20221124,10:12:06,42934.15,50,1156400
20221124,10:12:07,42930.00,50,1156400
20221124,10:12:10,42930.05,100,1156400
20221124,10:12:12,42931.95,325,1156400
20221124,10:12:13,42928.10,100,1156400
20221124,10:12:15,42928.10,50,1156400
20221124,10:12:16,42927.00,25,1156400
20221124,10:12:18,42929.35,150,1156400
20221124,10:12:22,42923.55,25,1156400
20221124,10:12:24,42929.00,125,1156400
20221124,10:12:27,42929.00,50,1156400
20221124,10:12:29,42921.65,25,1156400
20221124,10:12:30,42921.60,50,1156400
20221124,10:12:31,42921.30,50,1156400
20221124,10:12:34,42922.15,300,1156400
20221124,10:12:36,42920.60,25,1156400
20221124,10:12:37,42925.00,650,1156400
20221124,10:12:39,42925.00,75,1156400
20221124,10:12:40,42925.00,25,1156400
20221124,10:12:42,42925.00,100,1156400
20221124,10:12:43,42925.00,100,1156400
20221124,10:12:45,42925.00,100,1156400
20221124,10:12:47,42925.00,25,1156400
20221124,10:12:48,42922.05,50,1156400
20221124,10:12:50,42920.05,50,1156400
20221124,10:12:51,42924.85,25,1156400
20221124,10:12:53,42916.50,175,1156400
20221124,10:12:56,42921.95,100,1156400
20221124,10:12:58,42921.95,100,1156400
20221124,10:12:59,42920.90,150,1156400
20221124,10:13:01,42915.00,175,1156400
20221124,10:13:02,42912.95,75,1156400
20221124,10:13:04,42923.45,400,1156400
20221124,10:13:06,42919.35,50,1156400
20221124,10:13:07,42917.60,175,1156400
20221124,10:13:09,42918.20,125,1156400
20221124,10:13:11,42924.60,25,1156400
20221124,10:13:14,42915.40,100,1156400
20221124,10:13:15,42915.10,75,1156400
20221124,10:13:17,42915.30,350,1156400
20221124,10:13:18,42921.55,150,1156400
20221124,10:13:21,42915.60,25,1156400
20221124,10:13:23,42920.30,575,1156400
20221124,10:13:26,42915.20,25,1156400
20221124,10:13:27,42915.85,25,1156400
20221124,10:13:29,42915.90,250,1156400
20221124,10:13:30,42922.90,150,1156400
20221124,10:13:32,42916.10,225,1156400
20221124,10:13:36,42917.35,25,1156400
20221124,10:13:38,42915.00,75,1156400
20221124,10:13:40,42914.25,50,1156400
20221124,10:13:44,42914.35,25,1156400
20221124,10:13:51,42911.65,100,1156400
20221124,10:13:53,42911.90,75,1156400
20221124,10:13:54,42913.20,75,1156400
20221124,10:13:58,42916.35,25,1156400
20221124,10:14:01,42913.30,100,1156400
20221124,10:14:03,42914.25,125,1156400
20221124,10:14:05,42915.50,250,1156400
20221124,10:14:06,42915.80,50,1156400
20221124,10:14:09,42921.80,25,1156400
20221124,10:14:11,42915.55,100,1156400
20221124,10:14:14,42919.80,25,1156400
20221124,10:14:16,42919.60,75,1156400
20221124,10:14:18,42915.65,25,1156400
20221124,10:14:21,42919.95,50,1156400
20221124,10:14:23,42919.65,25,1156400
20221124,10:14:25,42915.00,150,1156400
20221124,10:14:29,42913.05,50,1156400
20221124,10:14:31,42913.60,25,1156400
20221124,10:14:39,42915.30,25,1156400
20221124,10:14:42,42915.00,25,1156400
20221124,10:14:43,42914.00,25,1153450
20221124,10:14:46,42919.00,25,1153450
20221124,10:14:49,42914.15,25,1153450
20221124,10:14:55,42913.55,50,1153450
20221124,10:14:56,42919.95,50,1153450
20221124,10:15:01,42913.30,50,1153450
20221124,10:15:03,42919.75,100,1153450
20221124,10:15:04,42920.00,100,1153450
20221124,10:15:06,42920.00,100,1153450
20221124,10:15:08,42915.60,25,1153450
20221124,10:15:09,42919.95,100,1153450
20221124,10:15:11,42915.60,25,1153450
20221124,10:15:15,42915.70,50,1153450
20221124,10:15:18,42919.95,25,1153450
20221124,10:15:20,42919.65,25,1153450
20221124,10:15:21,42912.55,125,1153450
20221124,10:15:26,42918.55,50,1153450
20221124,10:15:29,42913.20,25,1153450
20221124,10:15:34,42915.00,25,1153450
20221124,10:15:35,42915.00,25,1153450
20221124,10:15:41,42919.00,75,1153450
20221124,10:15:49,42920.00,200,1153450
20221124,10:15:54,42912.55,25,1153450
20221124,10:15:57,42919.85,300,1153450
20221124,10:16:00,42913.75,25,1153450
20221124,10:16:01,42915.15,50,1153450
20221124,10:16:06,42916.25,50,1153450
20221124,10:16:07,42920.00,300,1153450
20221124,10:16:11,42919.05,125,1153450
20221124,10:16:14,42916.65,75,1153450
20221124,10:16:16,42919.00,250,1153450
20221124,10:16:17,42919.00,150,1153450
20221124,10:16:19,42919.00,50,1153450
20221124,10:16:20,42917.65,125,1153450
20221124,10:16:22,42918.20,25,1153450
20221124,10:16:23,42917.15,50,1153450
20221124,10:16:25,42917.15,25,1153450
20221124,10:16:28,42916.75,25,1153450
20221124,10:16:29,42915.15,125,1153450
20221124,10:16:31,42918.00,225,1153450
20221124,10:16:33,42918.00,75,1153450
20221124,10:16:39,42912.75,175,1153450
20221124,10:16:42,42912.70,125,1153450
20221124,10:16:43,42915.95,25,1153450
20221124,10:16:50,42914.85,300,1153450
20221124,10:16:51,42915.65,50,1153450
20221124,10:16:53,42915.90,25,1153450
20221124,10:17:01,42915.05,75,1153450
20221124,10:17:04,42918.85,25,1153450
20221124,10:17:05,42914.00,300,1153450
20221124,10:17:07,42912.70,275,1153450
20221124,10:17:09,42915.00,100,1153450
20221124,10:17:10,42919.95,200,1153450
20221124,10:17:12,42913.35,125,1153450
20221124,10:17:13,42913.20,25,1153450
20221124,10:17:15,42912.50,175,1153450
20221124,10:17:16,42913.10,50,1153450
20221124,10:17:19,42913.00,175,1153450
20221124,10:17:21,42913.00,75,1153450
20221124,10:17:22,42913.00,125,1153450
20221124,10:17:24,42913.00,100,1153450
20221124,10:17:25,42913.00,50,1153450
20221124,10:17:26,42913.00,100,1153450
20221124,10:17:30,42913.00,25,1153450
20221124,10:17:32,42913.00,25,1153450
20221124,10:17:33,42913.00,25,1153450
20221124,10:17:35,42913.00,25,1153450
20221124,10:17:36,42919.40,225,1153450
20221124,10:17:38,42919.60,25,1153450
20221124,10:17:42,42913.00,75,1153450
20221124,10:17:43,42913.00,50,1150025
20221124,10:17:47,42913.00,50,1150025
20221124,10:17:48,42912.00,75,1150025
20221124,10:17:51,42912.00,175,1150025
20221124,10:17:53,42910.00,225,1150025
20221124,10:17:54,42910.00,50,1150025
20221124,10:17:56,42910.00,75,1150025
20221124,10:17:57,42910.00,25,1150025
20221124,10:17:58,42914.80,25,1150025
20221124,10:18:00,42914.80,50,1150025
20221124,10:18:01,42917.70,175,1150025
20221124,10:18:03,42910.05,50,1150025
20221124,10:18:04,42910.75,25,1150025
20221124,10:18:07,42910.40,50,1150025
20221124,10:18:10,42910.05,50,1150025
20221124,10:18:11,42910.00,50,1150025
20221124,10:18:12,42910.00,25,1150025
20221124,10:18:14,42918.35,325,1150025
20221124,10:18:16,42913.15,25,1150025
20221124,10:18:17,42913.25,100,1150025
20221124,10:18:19,42913.25,50,1150025
20221124,10:18:21,42918.75,50,1150025
20221124,10:18:26,42913.55,50,1150025
20221124,10:18:28,42914.55,125,1150025
20221124,10:18:30,42913.90,25,1150025
20221124,10:18:36,42913.35,50,1150025
20221124,10:18:37,42912.80,150,1150025
20221124,10:18:40,42919.90,225,1150025
20221124,10:18:42,42917.10,25,1150025
20221124,10:18:43,42912.10,25,1150025
20221124,10:18:49,42918.55,25,1150025
20221124,10:18:55,42913.95,25,1150025
20221124,10:18:59,42913.00,25,1150025
20221124,10:19:02,42918.55,200,1150025
20221124,10:19:03,42913.20,200,1150025
20221124,10:19:06,42918.30,25,1150025
20221124,10:19:08,42912.35,50,1150025
20221124,10:19:09,42912.35,25,1150025
20221124,10:19:14,42912.55,50,1150025
20221124,10:19:17,42911.05,500,1150025
20221124,10:19:24,42916.30,25,1150025
20221124,10:19:29,42917.70,25,1150025
20221124,10:19:31,42916.30,25,1150025
20221124,10:19:32,42911.80,25,1150025
20221124,10:19:38,42911.05,50,1150025
20221124,10:19:40,42915.90,50,1150025
20221124,10:19:42,42916.70,150,1150025
20221124,10:19:43,42911.80,25,1150025
20221124,10:19:48,42916.70,25,1150025
20221124,10:19:49,42911.80,25,1150025
20221124,10:19:51,42913.95,25,1150025
20221124,10:20:00,42911.80,125,1150025
20221124,10:20:01,42911.00,50,1150025
20221124,10:20:03,42914.00,75,1150025
20221124,10:20:05,42914.00,25,1150025
20221124,10:20:06,42911.10,750,1150025
20221124,10:20:08,42914.00,150,1150025
20221124,10:20:09,42911.00,75,1150025
20221124,10:20:12,42911.05,25,1150025
20221124,10:20:13,42911.05,25,1150025
20221124,10:20:15,42911.00,50,1150025
20221124,10:20:22,42910.40,25,1150025
20221124,10:20:24,42914.00,50,1150025
20221124,10:20:25,42912.00,150,1150025
20221124,10:20:28,42912.00,50,1150025
20221124,10:20:30,42911.00,25,1150025
20221124,10:20:34,42914.00,25,1150025
20221124,10:20:35,42914.00,25,1150025
20221124,10:20:37,42912.00,100,1150025
20221124,10:20:41,42914.00,100,1150025
20221124,10:20:44,42911.05,75,1145150
20221124,10:20:47,42914.00,25,1145150
20221124,10:20:49,42914.00,125,1145150
20221124,10:20:52,42911.20,25,1145150
20221124,10:20:53,42913.95,200,1145150
20221124,10:20:56,42913.95,150,1145150
20221124,10:20:58,42913.10,50,1145150
20221124,10:21:00,42910.00,125,1145150
20221124,10:21:01,42910.00,275,1145150
20221124,10:21:03,42911.90,50,1145150
20221124,10:21:04,42909.00,400,1145150
20221124,10:21:06,42909.75,50,1145150
20221124,10:21:07,42906.00,50,1145150
20221124,10:21:09,42909.75,50,1145150
20221124,10:21:11,42906.05,25,1145150
20221124,10:21:12,42906.00,25,1145150
20221124,10:21:14,42910.60,825,1145150
20221124,10:21:15,42912.55,50,1145150
20221124,10:21:17,42907.05,75,1145150
20221124,10:21:20,42911.85,250,1145150
20221124,10:21:21,42911.90,550,1145150
20221124,10:21:26,42911.90,75,1145150
20221124,10:21:30,42907.00,50,1145150
20221124,10:21:35,42906.00,50,1145150
20221124,10:21:40,42905.00,50,1145150
20221124,10:21:41,42902.55,75,1145150
20221124,10:21:43,42906.00,50,1145150
20221124,10:21:44,42900.75,500,1145150
20221124,10:21:46,42900.70,275,1145150
20221124,10:21:48,42900.40,250,1145150
20221124,10:21:49,42900.15,600,1145150
20221124,10:21:51,42909.00,100,1145150
20221124,10:21:52,42909.95,125,1145150
20221124,10:21:54,42906.45,200,1145150
20221124,10:21:57,42907.95,50,1145150
20221124,10:22:00,42909.95,50,1145150
20221124,10:22:02,42912.50,75,1145150
20221124,10:22:05,42913.30,200,1145150
20221124,10:22:06,42913.90,100,1145150
20221124,10:22:13,42910.00,25,1145150
20221124,10:22:14,42913.90,75,1145150
20221124,10:22:16,42910.00,50,1145150
20221124,10:22:17,42913.50,150,1145150
20221124,10:22:19,42914.00,525,1145150
20221124,10:22:21,42915.00,275,1145150
20221124,10:22:27,42914.85,50,1145150
20221124,10:22:28,42915.00,25,1145150
20221124,10:22:31,42915.00,375,1145150
20221124,10:22:33,42915.00,25,1145150
20221124,10:22:36,42918.00,50,1145150
20221124,10:22:37,42915.20,75,1145150
20221124,10:22:39,42915.45,25,1145150
20221124,10:22:40,42920.00,450,1145150
20221124,10:22:42,42921.85,475,1145150
20221124,10:22:43,42917.55,25,1145150
20221124,10:22:46,42920.00,50,1145150
20221124,10:22:48,42920.00,25,1145150
20221124,10:22:50,42920.00,25,1145150
20221124,10:22:51,42922.95,75,1145150
20221124,10:22:53,42923.00,25,1145150
20221124,10:22:56,42922.80,50,1145150
20221124,10:22:57,42922.80,75,1145150
20221124,10:22:59,42917.15,75,1145150
20221124,10:23:00,42916.30,125,1145150
20221124,10:23:05,42919.90,75,1145150
20221124,10:23:06,42916.10,25,1145150
20221124,10:23:08,42915.00,400,1145150
20221124,10:23:13,42915.00,50,1145150
20221124,10:23:14,42920.00,200,1145150
20221124,10:23:17,42916.00,75,1145150
20221124,10:23:22,42919.70,25,1145150
20221124,10:23:25,42916.10,50,1145150
20221124,10:23:26,42916.35,25,1145150
20221124,10:23:28,42916.30,225,1145150
20221124,10:23:31,42920.00,25,1145150
20221124,10:23:34,42919.90,25,1145150
20221124,10:23:36,42915.75,25,1145150
20221124,10:23:38,42919.00,25,1145150
20221124,10:23:40,42920.00,25,1145150
20221124,10:23:42,42920.00,75,1145150
20221124,10:23:43,42915.75,350,1145150
20221124,10:23:46,42919.95,100,1141450
20221124,10:23:48,42917.00,75,1141450
20221124,10:23:53,42919.95,125,1141450
20221124,10:23:54,42920.00,50,1141450
20221124,10:23:56,42920.00,175,1141450
20221124,10:23:59,42920.00,100,1141450
20221124,10:24:02,42917.05,125,1141450
20221124,10:24:04,42917.25,50,1141450
20221124,10:24:05,42920.00,175,1141450
20221124,10:24:07,42920.00,100,1141450
20221124,10:24:09,42920.00,100,1141450
20221124,10:24:10,42920.00,100,1141450
20221124,10:24:12,42920.00,250,1141450
20221124,10:24:13,42920.00,25,1141450
20221124,10:24:15,42920.00,625,1141450
20221124,10:24:16,42920.00,575,1141450
20221124,10:24:18,42923.00,250,1141450
20221124,10:24:20,42920.40,25,1141450
20221124,10:24:21,42923.60,25,1141450
20221124,10:24:23,42925.00,200,1141450
20221124,10:24:24,42925.00,50,1141450
20221124,10:24:26,42922.10,25,1141450
20221124,10:24:27,42926.40,100,1141450
20221124,10:24:29,42927.00,150,1141450
20221124,10:24:30,42926.40,75,1141450
20221124,10:24:32,42926.40,50,1141450
20221124,10:24:33,42923.35,125,1141450
20221124,10:24:35,42922.90,50,1141450
20221124,10:24:36,42928.80,25,1141450
20221124,10:24:39,42928.60,25,1141450
20221124,10:24:42,42921.10,50,1141450
20221124,10:24:43,42926.95,25,1141450
20221124,10:24:48,42923.90,75,1141450
20221124,10:24:51,42928.60,50,1141450
20221124,10:24:53,42923.60,25,1141450
20221124,10:24:54,42930.00,75,1141450
20221124,10:24:56,42929.95,50,1141450
20221124,10:24:59,42926.20,25,1141450
20221124,10:25:00,42929.80,100,1141450
20221124,10:25:02,42930.00,75,1141450
20221124,10:25:04,42929.95,125,1141450
20221124,10:25:05,42930.00,100,1141450
20221124,10:25:07,42930.00,125,1141450
20221124,10:25:08,42930.00,100,1141450
20221124,10:25:10,42930.00,75,1141450
20221124,10:25:13,42930.00,100,1141450
20221124,10:25:15,42930.00,50,1141450
20221124,10:25:16,42926.35,50,1141450
20221124,10:25:18,42930.00,100,1141450
20221124,10:25:21,42930.00,50,1141450
20221124,10:25:24,42930.00,50,1141450
20221124,10:25:25,42930.00,250,1141450
20221124,10:25:28,42929.95,25,1141450
20221124,10:25:36,42929.95,225,1141450
20221124,10:25:40,42925.25,100,1141450
20221124,10:25:42,42925.10,75,1141450
20221124,10:25:44,42929.80,100,1141450
20221124,10:25:45,42929.00,425,1141450
20221124,10:25:47,42925.15,25,1141450
20221124,10:25:50,42925.00,275,1141450
20221124,10:25:57,42929.00,25,1141450
20221124,10:25:58,42929.00,25,1141450
20221124,10:26:01,42929.00,50,1141450
20221124,10:26:05,42926.05,150,1141450
20221124,10:26:06,42929.00,25,1141450
20221124,10:26:08,42930.00,25,1141450
20221124,10:26:10,42930.00,50,1141450
20221124,10:26:14,42929.00,225,1141450
20221124,10:26:16,42929.00,50,1141450
20221124,10:26:18,42929.00,25,1141450
20221124,10:26:19,42929.90,25,1141450
20221124,10:26:21,42925.05,100,1141450
20221124,10:26:22,42925.05,25,1141450
20221124,10:26:24,42929.45,125,1141450
20221124,10:26:29,42925.00,100,1141450
20221124,10:26:30,42925.00,25,1141450
20221124,10:26:32,42930.00,50,1141450
20221124,10:26:33,42926.00,1125,1141450
20221124,10:26:35,42930.00,50,1141450
20221124,10:26:36,42925.10,25,1141450
20221124,10:26:38,42925.50,25,1141450
20221124,10:26:45,42930.00,25,1139525
20221124,10:26:47,42925.00,50,1139525
20221124,10:26:53,42922.35,175,1139525
20221124,10:26:54,42926.45,100,1139525
20221124,10:26:56,42922.30,25,1139525
20221124,10:26:58,42922.20,25,1139525
20221124,10:26:59,42925.70,50,1139525
20221124,10:27:01,42927.35,25,1139525
20221124,10:27:02,42928.90,50,1139525
20221124,10:27:04,42928.00,75,1139525
20221124,10:27:11,42928.00,25,1139525
20221124,10:27:14,42927.55,50,1139525
20221124,10:27:15,42929.90,25,1139525
20221124,10:27:17,42927.55,75,1139525
20221124,10:27:18,42927.55,325,1139525
20221124,10:27:23,42920.20,50,1139525
20221124,10:27:24,42922.30,50,1139525
20221124,10:27:45,42922.00,25,1139525
20221124,10:27:52,42926.65,25,1139525
20221124,10:27:55,42926.75,25,1139525
20221124,10:28:04,42923.00,25,1139525
20221124,10:28:05,42927.30,25,1139525
20221124,10:28:10,42923.00,25,1139525
20221124,10:28:13,42927.80,900,1139525
20221124,10:28:14,42928.30,25,1139525
20221124,10:28:16,42927.70,25,1139525
20221124,10:28:17,42928.55,100,1139525
20221124,10:28:19,42923.00,25,1139525
20221124,10:28:20,42922.05,25,1139525
20221124,10:28:23,42925.00,25,1139525
20221124,10:28:27,42921.10,50,1139525
20221124,10:28:28,42927.55,400,1139525
20221124,10:28:30,42927.90,400,1139525
20221124,10:28:31,42928.15,500,1139525
20221124,10:28:40,42925.65,75,1139525
20221124,10:28:43,42925.80,400,1139525
20221124,10:28:49,42921.00,75,1139525
20221124,10:28:50,42921.50,25,1139525
20221124,10:28:56,42921.65,100,1139525
20221124,10:28:57,42921.55,25,1139525
20221124,10:29:00,42925.95,100,1139525
20221124,10:29:03,42926.80,50,1139525
20221124,10:29:04,42926.45,50,1139525
20221124,10:29:08,42924.55,500,1139525
20221124,10:29:11,42921.50,100,1139525
20221124,10:29:13,42921.00,25,1139525
20221124,10:29:14,42921.00,25,1139525
20221124,10:29:16,42923.20,25,1139525
20221124,10:29:19,42922.70,50,1139525
20221124,10:29:21,42922.15,75,1139525
20221124,10:29:22,42922.30,25,1139525
20221124,10:29:24,42921.00,50,1139525
20221124,10:29:31,42922.15,50,1139525
20221124,10:29:33,42920.15,75,1139525
20221124,10:29:38,42921.90,100,1139525
20221124,10:29:39,42921.90,200,1139525
20221124,10:29:41,42920.05,25,1139525
20221124,10:29:50,42921.90,25,1140575
20221124,10:29:53,42920.00,100,1140575
20221124,10:29:56,42924.90,225,1140575
20221124,10:29:57,42924.95,50,1140575
20221124,10:29:59,42920.05,25,1140575
20221124,10:30:02,42924.35,50,1140575
20221124,10:30:05,42924.65,25,1140575
20221124,10:30:06,42924.25,25,1140575
20221124,10:30:09,42920.00,25,1140575
20221124,10:30:10,42921.00,25,1140575
20221124,10:30:13,42923.65,25,1140575
20221124,10:30:16,42923.45,100,1140575
20221124,10:30:20,42923.25,25,1140575
20221124,10:30:23,42920.00,25,1140575
20221124,10:30:26,42923.65,50,1140575
20221124,10:30:35,42923.65,25,1140575
20221124,10:30:37,42920.00,100,1140575
20221124,10:30:38,42922.80,25,1140575
20221124,10:30:43,42919.95,150,1140575
20221124,10:30:47,42918.05,75,1140575
20221124,10:31:03,42918.00,25,1140575
20221124,10:31:09,42918.00,25,1140575
20221124,10:31:15,42919.95,225,1140575
20221124,10:31:16,42919.95,125,1140575
20221124,10:31:21,42917.55,25,1140575
20221124,10:31:25,42915.00,375,1140575
20221124,10:31:26,42914.00,50,1140575
20221124,10:31:28,42912.80,75,1140575
20221124,10:31:32,42916.00,50,1140575
20221124,10:31:41,42921.40,225,1140575
20221124,10:31:42,42922.80,325,1140575
20221124,10:31:47,42919.95,25,1140575
20221124,10:31:59,42919.95,25,1140575
20221124,10:32:03,42920.50,75,1140575
20221124,10:32:06,42927.55,300,1140575
20221124,10:32:07,42924.80,75,1140575
20221124,10:32:10,42922.10,50,1140575
20221124,10:32:16,42922.00,25,1140575
20221124,10:32:20,42925.00,25,1140575
20221124,10:32:23,42925.00,25,1140575
20221124,10:32:25,42922.00,25,1140575
20221124,10:32:27,42924.90,25,1140575
20221124,10:32:29,42923.00,25,1140575
20221124,10:32:30,42924.95,50,1140575
20221124,10:32:31,42923.00,50,1140575
20221124,10:32:34,42923.00,50,1140575
20221124,10:32:36,42924.90,25,1140575
20221124,10:32:37,42923.00,25,1140575
20221124,10:32:38,42923.00,75,1140575
20221124,10:32:40,42924.00,25,1140575
20221124,10:32:41,42924.05,350,1140575
20221124,10:32:43,42924.10,75,1140575
20221124,10:32:44,42923.20,50,1140575
20221124,10:32:46,42923.00,50,1140575
20221124,10:32:49,42923.00,75,1140825
20221124,10:32:52,42923.00,100,1140825
20221124,10:32:55,42923.85,25,1140825
20221124,10:32:58,42922.00,25,1140825
20221124,10:33:04,42923.00,200,1140825
20221124,10:33:07,42921.00,50,1140825
20221124,10:33:09,42920.00,225,1140825
20221124,10:33:11,42920.00,250,1140825
20221124,10:33:12,42921.80,25,1140825
20221124,10:33:17,42920.00,25,1140825
20221124,10:33:27,42921.00,25,1140825
20221124,10:33:30,42920.10,75,1140825
20221124,10:33:34,42921.00,125,1140825
20221124,10:33:36,42920.15,25,1140825
20221124,10:33:39,42922.00,25,1140825
20221124,10:33:40,42920.10,25,1140825
20221124,10:33:42,42920.00,425,1140825
20221124,10:33:46,42920.00,25,1140825
20221124,10:33:49,42920.10,25,1140825
20221124,10:33:54,42922.00,25,1140825
20221124,10:33:56,42922.00,25,1140825
20221124,10:33:57,42922.00,225,1140825
20221124,10:33:59,42921.00,25,1140825
20221124,10:34:03,42921.00,100,1140825
20221124,10:34:04,42916.05,75,1140825
20221124,10:34:06,42920.00,25,1140825
20221124,10:34:14,42917.65,100,1140825
20221124,10:34:18,42918.75,100,1140825
20221124,10:34:20,42925.00,250,1140825
20221124,10:34:26,42919.05,50,1140825
20221124,10:34:32,42925.00,75,1140825
20221124,10:34:40,42920.30,25,1140825
20221124,10:34:50,42925.00,425,1140825
20221124,10:34:51,42928.00,450,1140825
20221124,10:34:56,42928.00,25,1140825
20221124,10:35:01,42930.00,225,1140825
20221124,10:35:02,42930.00,50,1140825
20221124,10:35:04,42930.00,50,1140825
20221124,10:35:05,42933.00,250,1140825
20221124,10:35:07,42934.25,350,1140825
20221124,10:35:10,42934.40,50,1140825
20221124,10:35:11,42934.85,50,1140825
20221124,10:35:13,42931.00,200,1140825
20221124,10:35:16,42930.60,25,1140825
20221124,10:35:17,42930.00,50,1140825
20221124,10:35:19,42929.40,100,1140825
20221124,10:35:20,42929.15,50,1140825
20221124,10:35:22,42929.10,25,1140825
20221124,10:35:23,42928.00,125,1140825
20221124,10:35:25,42926.95,25,1140825
20221124,10:35:28,42930.70,50,1140825
20221124,10:35:29,42930.70,25,1140825
20221124,10:35:30,42930.70,25,1140825
20221124,10:35:32,42930.70,25,1140825
20221124,10:35:33,42929.10,25,1140825
20221124,10:35:35,42926.05,150,1140825
20221124,10:35:36,42930.00,75,1140825
20221124,10:35:37,42923.05,100,1140825
20221124,10:35:40,42929.80,50,1140825
20221124,10:35:42,42925.70,25,1140825
20221124,10:35:46,42929.90,25,1138900
20221124,10:35:48,42927.60,25,1138900
20221124,10:35:50,42930.00,600,1138900
20221124,10:35:53,42929.90,25,1138900
20221124,10:35:54,42929.95,50,1138900
20221124,10:35:58,42925.20,25,1138900
20221124,10:35:59,42930.00,50,1138900
20221124,10:36:02,42930.00,50,1138900
20221124,10:36:03,42926.10,50,1138900
20221124,10:36:07,42930.00,175,1138900
20221124,10:36:10,42930.00,50,1138900
20221124,10:36:11,42927.75,50,1138900
20221124,10:36:14,42927.75,25,1138900
20221124,10:36:17,42927.10,50,1138900
20221124,10:36:22,42929.50,50,1138900
20221124,10:36:24,42929.50,50,1138900
20221124,10:36:26,42930.00,25,1138900
20221124,10:36:29,42930.00,25,1138900
20221124,10:36:30,42930.00,25,1138900
20221124,10:36:32,42930.00,50,1138900
20221124,10:36:36,42929.50,50,1138900
20221124,10:36:37,42929.50,25,1138900
20221124,10:36:39,42927.20,25,1138900
20221124,10:36:41,42930.00,25,1138900
20221124,10:36:44,42930.00,125,1138900
20221124,10:36:45,42930.00,25,1138900
20221124,10:36:47,42930.00,25,1138900
20221124,10:36:48,42930.00,50,1138900
20221124,10:36:54,42934.40,325,1138900
20221124,10:36:56,42936.00,200,1138900
20221124,10:36:58,42932.50,50,1138900
20221124,10:36:59,42932.80,50,1138900
20221124,10:37:01,42938.85,150,1138900
20221124,10:37:02,42938.95,25,1138900
20221124,10:37:04,42939.90,250,1138900
20221124,10:37:05,42936.00,75,1138900
20221124,10:37:07,42935.25,100,1138900
20221124,10:37:08,42939.95,125,1138900
20221124,10:37:10,42935.00,75,1138900
20221124,10:37:11,42939.90,50,1138900
20221124,10:37:13,42939.95,275,1138900
20221124,10:37:14,42938.10,175,1138900
20221124,10:37:16,42939.95,75,1138900
20221124,10:37:18,42949.50,12925,1138900
20221124,10:37:19,42943.25,175,1138900
20221124,10:37:21,42942.00,525,1138900
20221124,10:37:22,42943.50,75,1138900
