20221124,09:15:00,18431.50,1,7634750
20221124,09:15:00,18431.75,200,7634750
20221124,09:15:00,18425.50,2700,7634750
20221124,09:15:01,18440.25,1400,7634750
20221124,09:15:02,18431.60,2650,7634750
20221124,09:15:03,18433.30,800,7634750
20221124,09:15:04,18430.10,3200,7634750
20221124,09:15:05,18425.60,750,7634750
20221124,09:15:06,18422.65,1700,7634750
20221124,09:15:07,18421.80,2900,7634750
20221124,09:15:08,18429.15,4000,7634750
20221124,09:15:10,18421.00,4550,7634750
20221124,09:15:10,18420.55,150,7634750
20221124,09:15:11,18420.00,400,7634750
20221124,09:15:12,18415.15,1300,7634750
20221124,09:15:13,18418.00,2550,7634750
20221124,09:15:14,18415.05,1600,7634750
20221124,09:15:16,18413.00,2800,7634750
20221124,09:15:16,18422.20,400,7634750
20221124,09:15:17,18421.65,1400,7634750
20221124,09:15:18,18422.25,1450,7634750
20221124,09:15:19,18426.35,1700,7634750
20221124,09:15:20,18422.80,1000,7634750
20221124,09:15:22,18426.10,3450,7634750
20221124,09:15:22,18426.10,600,7634750
20221124,09:15:23,18423.75,1300,7634750
20221124,09:15:24,18424.95,2800,7634750
20221124,09:15:25,18425.35,1100,7634750
20221124,09:15:26,18426.65,1200,7634750
20221124,09:15:28,18425.20,1700,7634750
20221124,09:15:28,18428.50,50,7634750
20221124,09:15:29,18426.65,1650,7634750
20221124,09:15:30,18424.30,750,7634750
20221124,09:15:31,18422.35,750,7634750
20221124,09:15:33,18426.65,2550,7634750
20221124,09:15:34,18426.25,550,7634750
20221124,09:15:35,18424.40,1100,7634750
20221124,09:15:36,18427.00,400,7634750
20221124,09:15:37,18424.45,900,7634750
20221124,09:15:39,18425.00,400,7634750
20221124,09:15:39,18428.55,1200,7634750
20221124,09:15:40,18426.90,550,7634750
20221124,09:15:41,18423.25,4300,7634750
20221124,09:15:42,18425.95,600,7634750
20221124,09:15:43,18424.65,1950,7634750
20221124,09:15:45,18421.35,1750,7634750
20221124,09:15:45,18424.00,350,7634750
20221124,09:15:46,18421.95,1650,7634750
20221124,09:15:47,18426.50,1300,7634750
20221124,09:15:48,18423.95,1000,7634750
20221124,09:15:50,18425.00,400,7634750
20221124,09:15:50,18423.55,50,7634750
20221124,09:15:51,18423.55,250,7634750
20221124,09:15:52,18424.10,1000,7634750
20221124,09:15:53,18420.90,400,7634750
20221124,09:15:54,18424.25,450,7634750
20221124,09:15:56,18421.70,1350,7634750
20221124,09:15:56,18421.60,50,7634750
20221124,09:15:57,18423.90,1050,7634750
20221124,09:15:58,18422.45,800,7634750
20221124,09:15:59,18425.85,1200,7634750
20221124,09:16:00,18426.90,2150,7634750
20221124,09:16:02,18425.95,1500,7634750
20221124,09:16:03,18426.50,2300,7634750
20221124,09:16:04,18427.95,1650,7634750
20221124,09:16:05,18426.95,1950,7634750
20221124,09:16:06,18428.30,1650,7634750
20221124,09:16:08,18429.05,3850,7634750
20221124,09:16:08,18429.10,250,7634750
20221124,09:16:09,18427.10,750,7634750
20221124,09:16:10,18428.80,700,7634750
20221124,09:16:11,18428.75,200,7634750
20221124,09:16:12,18427.25,150,7634750
20221124,09:16:14,18427.65,150,7634750
20221124,09:16:14,18428.55,50,7634750
20221124,09:16:15,18427.90,400,7634750
20221124,09:16:16,18428.00,600,7634750
20221124,09:16:17,18428.55,400,7634750
20221124,09:16:18,18428.85,900,7634750
20221124,09:16:20,18428.65,600,7634750
20221124,09:16:20,18429.50,50,7634750
20221124,09:16:21,18429.00,2650,7634750
20221124,09:16:22,18429.00,100,7634750
20221124,09:16:23,18428.85,100,7634750
20221124,09:16:24,18430.60,1000,7634750
20221124,09:16:26,18430.10,650,7634750
20221124,09:16:26,18429.35,150,7634750
20221124,09:16:27,18429.65,950,7634750
20221124,09:16:28,18430.10,400,7634750
20221124,09:16:29,18429.95,1300,7634750
20221124,09:16:30,18432.00,1050,7634750
20221124,09:16:32,18432.50,850,7634750
20221124,09:16:32,18432.00,100,7634750
20221124,09:16:33,18433.00,2400,7634750
20221124,09:16:34,18429.95,11950,7634750
20221124,09:16:35,18430.00,2050,7634750
20221124,09:16:37,18430.00,3450,7634750
20221124,09:16:38,18431.00,1850,7634750
20221124,09:16:38,18431.10,50,7634750
20221124,09:16:39,18430.20,1050,7634750
20221124,09:16:40,18433.00,600,7634750
20221124,09:16:42,18431.10,300,7634750
20221124,09:16:43,18433.95,1000,7634750
20221124,09:16:44,18430.60,300,7634750
20221124,09:16:44,18433.60,150,7634750
20221124,09:16:45,18432.10,500,7634750
20221124,09:16:46,18433.00,800,7634750
20221124,09:16:47,18433.50,150,7634750
20221124,09:16:49,18433.35,850,7634750
20221124,09:16:50,18432.50,400,7634750
20221124,09:16:50,18431.80,1250,7634750
20221124,09:16:51,18431.25,750,7634750
20221124,09:16:52,18431.20,500,7634750
20221124,09:16:54,18430.25,650,7634750
20221124,09:16:55,18431.45,500,7634750
20221124,09:16:56,18429.65,150,7634750
20221124,09:16:56,18431.55,200,7634750
20221124,09:16:57,18431.35,600,7634750
20221124,09:16:58,18430.00,350,7634750
20221124,09:16:59,18432.00,2200,7634750
20221124,09:17:01,18429.75,1150,7634750
20221124,09:17:02,18430.00,250,7634750
20221124,09:17:03,18430.00,450,7634750
20221124,09:17:04,18429.60,750,7634750
20221124,09:17:06,18429.85,300,7634750
20221124,09:17:07,18429.65,150,7634750
20221124,09:17:08,18429.65,550,7634750
20221124,09:17:09,18430.00,950,7634750
20221124,09:17:10,18428.15,2650,7634750
20221124,09:17:11,18427.70,150,7634750
20221124,09:17:13,18427.25,350,7634750
20221124,09:17:14,18430.00,1800,7634750
20221124,09:17:14,18430.00,500,7634750
20221124,09:17:15,18427.40,100,7634750
20221124,09:17:16,18429.10,50,7634750
20221124,09:17:17,18430.00,950,7634750
20221124,09:17:19,18428.65,400,7634750
20221124,09:17:20,18430.05,2750,7634750
20221124,09:17:21,18429.90,500,7634750
20221124,09:17:22,18427.85,950,7634750
20221124,09:17:23,18430.00,2250,7634750
20221124,09:17:25,18427.95,200,7634750
20221124,09:17:26,18430.00,1800,7634750
20221124,09:17:27,18427.85,50,7634750
20221124,09:17:28,18427.05,800,7634750
20221124,09:17:29,18425.50,300,7634750
20221124,09:17:31,18426.25,550,7634750
20221124,09:17:32,18426.25,1500,7634750
20221124,09:17:33,18427.20,350,7634750
20221124,09:17:33,18426.25,100,7634750
20221124,09:17:34,18425.25,1100,7634750
20221124,09:17:35,18427.40,300,7634750
20221124,09:17:36,18428.00,1400,7634750
20221124,09:17:38,18426.40,600,7634750
20221124,09:17:39,18425.40,850,7634750
20221124,09:17:39,18425.40,50,7634750
20221124,09:17:40,18425.85,500,7634750
20221124,09:17:41,18426.30,1100,7634750
20221124,09:17:42,18427.10,150,7634750
20221124,09:17:44,18424.45,850,7634750
20221124,09:17:45,18426.55,500,7634750
20221124,09:17:46,18425.85,500,7634750
20221124,09:17:46,18425.80,50,7690450
20221124,09:17:47,18425.80,400,7690450
20221124,09:17:48,18427.10,400,7690450
20221124,09:17:49,18425.75,150,7690450
20221124,09:17:51,18425.80,500,7690450
20221124,09:17:52,18425.75,550,7690450
20221124,09:17:52,18424.80,450,7690450
20221124,09:17:53,18427.10,350,7690450
20221124,09:17:54,18425.85,50,7690450
20221124,09:17:55,18424.90,450,7690450
20221124,09:17:57,18424.25,150,7690450
20221124,09:17:58,18425.60,450,7690450
20221124,09:17:59,18424.30,1000,7690450
20221124,09:18:00,18424.40,1050,7690450
20221124,09:18:01,18423.35,2550,7690450
20221124,09:18:02,18425.00,500,7690450
20221124,09:18:04,18425.10,350,7690450
20221124,09:18:05,18425.00,900,7690450
20221124,09:18:06,18425.35,200,7690450
20221124,09:18:07,18425.15,400,7690450
20221124,09:18:08,18424.30,700,7690450
20221124,09:18:09,18426.00,10350,7690450
20221124,09:18:11,18426.60,250,7690450
20221124,09:18:12,18425.15,750,7690450
20221124,09:18:12,18423.10,800,7690450
20221124,09:18:13,18425.15,850,7690450
20221124,09:18:14,18423.15,300,7690450
20221124,09:18:15,18425.00,1650,7690450
20221124,09:18:16,18424.10,100,7690450
20221124,09:18:18,18426.05,4650,7690450
20221124,09:18:19,18426.05,650,7690450
20221124,09:18:19,18426.05,200,7690450
20221124,09:18:21,18427.15,500,7690450
20221124,09:18:22,18426.05,750,7690450
20221124,09:18:25,18426.05,1550,7690450
20221124,09:18:26,18426.05,300,7690450
20221124,09:18:26,18426.05,50,7690450
20221124,09:18:27,18427.10,400,7690450
20221124,09:18:28,18426.25,300,7690450
20221124,09:18:32,18426.10,400,7690450
20221124,09:18:33,18426.10,300,7690450
20221124,09:18:34,18426.05,450,7690450
20221124,09:18:34,18426.05,1050,7690450
20221124,09:18:35,18426.15,350,7690450
20221124,09:18:36,18425.10,1500,7690450
20221124,09:18:37,18425.10,350,7690450
20221124,09:18:39,18424.20,1650,7690450
20221124,09:18:39,18422.35,100,7690450
20221124,09:18:40,18423.75,100,7690450
20221124,09:18:41,18423.45,900,7690450
20221124,09:18:42,18423.55,750,7690450
20221124,09:18:44,18423.55,150,7690450
20221124,09:18:45,18424.35,100,7690450
20221124,09:18:45,18423.80,50,7690450
20221124,09:18:47,18423.65,200,7690450
20221124,09:18:47,18423.95,50,7690450
20221124,09:18:48,18424.10,1100,7690450
20221124,09:18:49,18423.65,1700,7690450
20221124,09:18:52,18423.65,250,7690450
20221124,09:18:53,18424.00,700,7690450
20221124,09:18:54,18424.00,150,7690450
20221124,09:18:54,18424.00,850,7690450
20221124,09:18:56,18425.00,650,7690450
20221124,09:18:56,18423.70,1900,7690450
20221124,09:18:58,18425.25,1450,7690450
20221124,09:19:00,18424.95,100,7690450
20221124,09:19:03,18424.95,400,7690450
20221124,09:19:04,18424.00,500,7690450
20221124,09:19:05,18423.70,100,7690450
20221124,09:19:07,18423.80,400,7690450
20221124,09:19:07,18423.40,250,7690450
20221124,09:19:08,18423.65,200,7690450
20221124,09:19:10,18421.75,400,7690450
20221124,09:19:12,18424.15,1800,7690450
20221124,09:19:14,18424.20,550,7690450
20221124,09:19:15,18424.20,700,7690450
20221124,09:19:16,18424.90,300,7690450
20221124,09:19:17,18422.10,350,7690450
20221124,09:19:18,18424.95,200,7690450
20221124,09:19:19,18422.50,50,7690450
20221124,09:19:20,18424.00,200,7690450
20221124,09:19:21,18422.50,450,7690450
20221124,09:19:23,18424.00,100,7690450
20221124,09:19:24,18424.45,150,7690450
20221124,09:19:25,18423.00,600,7690450
20221124,09:19:25,18422.55,500,7690450
20221124,09:19:26,18423.75,200,7690450
20221124,09:19:27,18423.85,100,7690450
20221124,09:19:29,18424.45,1200,7690450
20221124,09:19:30,18424.10,150,7690450
20221124,09:19:31,18424.25,450,7690450
20221124,09:19:32,18424.25,100,7690450
20221124,09:19:33,18424.45,100,7690450
20221124,09:19:34,18424.45,450,7690450
20221124,09:19:36,18424.95,400,7690450
20221124,09:19:37,18424.45,50,7690450
20221124,09:19:38,18424.95,1300,7690450
20221124,09:19:40,18424.50,1300,7690450
20221124,09:19:41,18424.50,2350,7690450
20221124,09:19:42,18425.00,1350,7690450
20221124,09:19:42,18424.50,50,7690450
20221124,09:19:43,18424.00,900,7690450
20221124,09:19:45,18424.05,250,7690450
20221124,09:19:46,18424.60,1050,7690450
20221124,09:19:47,18424.00,250,7690450
20221124,09:19:48,18424.00,1450,7690450
20221124,09:19:49,18423.05,50,7690450
20221124,09:19:50,18423.95,350,7690450
20221124,09:19:51,18424.00,300,7690450
20221124,09:19:53,18423.50,300,7690450
20221124,09:19:54,18423.95,150,7690450
20221124,09:19:55,18424.85,1850,7690450
20221124,09:19:56,18424.20,300,7690450
20221124,09:19:58,18423.50,1400,7690450
20221124,09:20:00,18423.10,8850,7690450
20221124,09:20:00,18425.00,150,7690450
20221124,09:20:01,18424.00,350,7690450
20221124,09:20:03,18424.90,250,7690450
20221124,09:20:05,18424.50,1650,7690450
20221124,09:20:06,18423.00,700,7690450
20221124,09:20:06,18423.00,50,7690450
20221124,09:20:07,18422.95,2500,7690450
20221124,09:20:09,18424.05,300,7690450
20221124,09:20:10,18422.00,1000,7690450
20221124,09:20:11,18422.00,450,7690450
20221124,09:20:12,18423.25,250,7690450
20221124,09:20:14,18423.00,250,7690450
20221124,09:20:15,18422.05,100,7690450
20221124,09:20:16,18421.75,700,7690450
20221124,09:20:17,18421.80,250,7690450
20221124,09:20:19,18421.85,1400,7690450
20221124,09:20:20,18421.75,1100,7690450
20221124,09:20:21,18421.70,350,7690450
20221124,09:20:22,18421.70,1350,7690450
20221124,09:20:24,18421.75,600,7690450
20221124,09:20:26,18420.00,550,7690450
20221124,09:20:28,18422.70,2950,7690450
20221124,09:20:29,18422.70,400,7690450
20221124,09:20:31,18422.80,300,7690450
20221124,09:20:32,18422.35,400,7690450
20221124,09:20:33,18422.00,1400,7690450
20221124,09:20:34,18422.45,50,7690450
20221124,09:20:35,18422.30,550,7690450
20221124,09:20:38,18422.30,450,7690450
20221124,09:20:39,18421.00,250,7690450
20221124,09:20:39,18420.00,50,7690450
20221124,09:20:40,18421.25,1600,7690450
20221124,09:20:42,18421.95,250,7690450
20221124,09:20:43,18421.95,250,7690450
20221124,09:20:44,18423.00,1350,7690450
20221124,09:20:45,18422.80,600,7690450
20221124,09:20:45,18423.00,250,7690450
20221124,09:20:46,18423.10,450,7722400
20221124,09:20:48,18423.90,750,7722400
20221124,09:20:49,18423.90,1450,7722400
20221124,09:20:50,18423.65,150,7722400
20221124,09:20:51,18424.00,250,7722400
20221124,09:20:52,18423.40,100,7722400
20221124,09:20:54,18423.55,1250,7722400
20221124,09:20:55,18422.95,300,7722400
20221124,09:20:56,18423.80,1500,7722400
20221124,09:20:58,18421.15,450,7722400
20221124,09:21:00,18423.40,450,7722400
20221124,09:21:01,18424.00,800,7722400
20221124,09:21:02,18423.95,200,7722400
20221124,09:21:03,18421.05,400,7722400
20221124,09:21:04,18422.60,850,7722400
20221124,09:21:05,18423.35,1850,7722400
20221124,09:21:07,18423.50,850,7722400
20221124,09:21:08,18422.50,1200,7722400
20221124,09:21:09,18424.00,2150,7722400
20221124,09:21:10,18423.35,2450,7722400
20221124,09:21:11,18423.65,800,7722400
20221124,09:21:11,18423.55,100,7722400
20221124,09:21:12,18424.00,1550,7722400
20221124,09:21:13,18425.00,1650,7722400
20221124,09:21:14,18425.05,350,7722400
20221124,09:21:16,18424.95,900,7722400
20221124,09:21:17,18423.35,700,7722400
20221124,09:21:18,18423.70,4300,7722400
20221124,09:21:19,18425.70,50,7722400
20221124,09:21:20,18425.30,350,7722400
20221124,09:21:21,18426.40,3650,7722400
20221124,09:21:22,18425.95,200,7722400
20221124,09:21:23,18426.05,250,7722400
20221124,09:21:25,18424.25,100,7722400
20221124,09:21:26,18424.95,100,7722400
20221124,09:21:27,18424.25,1050,7722400
20221124,09:21:28,18424.20,100,7722400
20221124,09:21:29,18424.95,550,7722400
20221124,09:21:31,18422.60,550,7722400
20221124,09:21:32,18424.00,100,7722400
20221124,09:21:33,18422.35,50,7722400
20221124,09:21:34,18424.00,650,7722400
20221124,09:21:34,18423.00,150,7722400
20221124,09:21:35,18422.50,250,7722400
20221124,09:21:37,18422.55,100,7722400
20221124,09:21:38,18423.05,200,7722400
20221124,09:21:39,18424.00,850,7722400
20221124,09:21:41,18423.30,100,7722400
20221124,09:21:42,18424.70,400,7722400
20221124,09:21:43,18424.95,250,7722400
20221124,09:21:44,18424.85,650,7722400
20221124,09:21:45,18423.50,650,7722400
20221124,09:21:46,18423.50,150,7722400
20221124,09:21:48,18423.50,400,7722400
20221124,09:21:49,18424.60,400,7722400
20221124,09:21:50,18423.30,150,7722400
20221124,09:21:51,18424.65,200,7722400
20221124,09:21:52,18424.05,200,7722400
20221124,09:21:53,18424.85,300,7722400
20221124,09:21:54,18424.85,50,7722400
20221124,09:21:54,18425.00,450,7722400
20221124,09:21:55,18424.85,50,7722400
20221124,09:21:56,18425.00,350,7722400
20221124,09:21:57,18424.95,50,7722400
20221124,09:21:59,18424.95,500,7722400
20221124,09:22:00,18425.00,1350,7722400
20221124,09:22:01,18425.00,2000,7722400
20221124,09:22:02,18425.10,1750,7722400
20221124,09:22:03,18424.90,150,7722400
20221124,09:22:03,18424.90,50,7722400
20221124,09:22:04,18425.00,100,7722400
20221124,09:22:06,18425.90,550,7722400
20221124,09:22:08,18424.95,100,7722400
20221124,09:22:09,18424.95,200,7722400
20221124,09:22:10,18424.95,150,7722400
20221124,09:22:11,18424.95,50,7722400
20221124,09:22:12,18424.95,50,7722400
20221124,09:22:13,18425.05,150,7722400
20221124,09:22:14,18424.65,150,7722400
20221124,09:22:16,18425.05,700,7722400
20221124,09:22:17,18425.65,50,7722400
20221124,09:22:18,18425.00,1200,7722400
20221124,09:22:19,18425.00,150,7722400
20221124,09:22:20,18424.95,350,7722400
20221124,09:22:22,18425.00,1050,7722400
20221124,09:22:23,18426.55,1150,7722400
20221124,09:22:24,18427.15,700,7722400
20221124,09:22:25,18427.30,750,7722400
20221124,09:22:26,18427.85,900,7722400
20221124,09:22:27,18428.00,400,7722400
20221124,09:22:28,18428.00,100,7722400
20221124,09:22:31,18427.45,450,7722400
20221124,09:22:32,18427.45,150,7722400
20221124,09:22:34,18425.50,750,7722400
20221124,09:22:35,18427.20,100,7722400
20221124,09:22:37,18426.95,100,7722400
20221124,09:22:38,18427.50,650,7722400
20221124,09:22:39,18427.50,400,7722400
20221124,09:22:40,18426.95,150,7722400
20221124,09:22:40,18427.45,50,7722400
20221124,09:22:41,18426.95,50,7722400
20221124,09:22:42,18427.15,350,7722400
20221124,09:22:44,18426.45,400,7722400
20221124,09:22:44,18427.40,1250,7722400
20221124,09:22:46,18428.45,6250,7722400
20221124,09:22:46,18429.10,2250,7722400
20221124,09:22:48,18428.55,1350,7722400
20221124,09:22:49,18428.05,1100,7722400
20221124,09:22:50,18428.05,2250,7722400
20221124,09:22:51,18427.25,1050,7722400
20221124,09:22:52,18429.30,2100,7722400
20221124,09:22:53,18428.10,1600,7722400
20221124,09:22:53,18428.10,50,7722400
20221124,09:22:54,18429.65,1150,7722400
20221124,09:22:55,18429.25,200,7722400
20221124,09:22:57,18429.25,50,7722400
20221124,09:22:58,18428.95,100,7722400
20221124,09:22:59,18428.65,150,7722400
20221124,09:23:00,18428.25,50,7722400
20221124,09:23:01,18429.25,2550,7722400
20221124,09:23:02,18428.60,800,7722400
20221124,09:23:03,18430.40,2900,7722400
20221124,09:23:04,18430.55,800,7722400
20221124,09:23:05,18431.40,1850,7722400
20221124,09:23:07,18431.15,1450,7722400
20221124,09:23:07,18431.00,1750,7722400
20221124,09:23:09,18430.00,2050,7722400
20221124,09:23:10,18431.00,100,7722400
20221124,09:23:11,18431.00,400,7722400
20221124,09:23:12,18431.00,750,7722400
20221124,09:23:13,18430.05,700,7722400
20221124,09:23:13,18430.00,50,7722400
20221124,09:23:14,18430.00,1050,7722400
20221124,09:23:16,18430.65,350,7722400
20221124,09:23:17,18429.65,200,7722400
20221124,09:23:18,18430.00,1700,7722400
20221124,09:23:19,18430.45,550,7722400
20221124,09:23:20,18430.90,1200,7722400
20221124,09:23:20,18431.70,400,7722400
20221124,09:23:22,18431.15,600,7722400
20221124,09:23:23,18431.30,550,7722400
20221124,09:23:24,18431.30,350,7722400
20221124,09:23:25,18431.05,100,7722400
20221124,09:23:26,18431.05,150,7722400
20221124,09:23:27,18431.30,150,7722400
20221124,09:23:28,18431.30,1450,7722400
20221124,09:23:29,18431.65,800,7722400
20221124,09:23:30,18431.60,300,7722400
20221124,09:23:31,18431.55,4150,7722400
20221124,09:23:32,18431.35,500,7722400
20221124,09:23:34,18431.75,550,7722400
20221124,09:23:35,18431.95,500,7722400
20221124,09:23:36,18432.20,1700,7722400
20221124,09:23:37,18432.20,500,7722400
20221124,09:23:38,18432.90,1250,7722400
20221124,09:23:39,18432.95,650,7722400
20221124,09:23:40,18433.50,2300,7722400
20221124,09:23:41,18433.15,400,7722400
20221124,09:23:42,18433.75,950,7722400
20221124,09:23:44,18434.40,4050,7722400
20221124,09:23:45,18433.35,400,7722400
20221124,09:23:46,18433.80,450,7722400
20221124,09:23:47,18433.75,800,7780950
20221124,09:23:48,18433.70,350,7780950
20221124,09:23:49,18433.65,350,7780950
20221124,09:23:50,18433.90,700,7780950
20221124,09:23:51,18433.65,1300,7780950
20221124,09:23:52,18435.25,3300,7780950
20221124,09:23:53,18435.10,450,7780950
20221124,09:23:54,18434.95,550,7780950
20221124,09:23:55,18435.60,350,7780950
20221124,09:23:56,18435.55,800,7780950
20221124,09:23:57,18435.80,1000,7780950
20221124,09:23:58,18434.70,1350,7780950
20221124,09:23:59,18435.05,50,7780950
20221124,09:24:00,18434.70,1100,7780950
20221124,09:24:01,18435.00,1000,7780950
20221124,09:24:02,18435.05,900,7780950
20221124,09:24:03,18435.65,850,7780950
20221124,09:24:04,18435.75,300,7780950
20221124,09:24:05,18435.70,50,7780950
20221124,09:24:06,18435.55,2150,7780950
20221124,09:24:07,18436.35,250,7780950
20221124,09:24:08,18436.30,650,7780950
20221124,09:24:09,18435.80,350,7780950
20221124,09:24:10,18436.15,400,7780950
20221124,09:24:11,18436.20,450,7780950
20221124,09:24:12,18436.15,1150,7780950
20221124,09:24:13,18435.65,2250,7780950
20221124,09:24:14,18436.25,2900,7780950
20221124,09:24:15,18436.55,1800,7780950
20221124,09:24:16,18436.55,200,7780950
20221124,09:24:17,18436.70,800,7780950
20221124,09:24:19,18436.95,550,7780950
20221124,09:24:21,18436.60,750,7780950
20221124,09:24:22,18436.45,850,7780950
20221124,09:24:23,18436.90,50,7780950
20221124,09:24:24,18436.35,150,7780950
20221124,09:24:25,18435.65,300,7780950
20221124,09:24:26,18435.50,50,7780950
20221124,09:24:28,18434.80,1850,7780950
20221124,09:24:29,18434.00,950,7780950
20221124,09:24:30,18434.70,100,7780950
20221124,09:24:31,18434.50,500,7780950
20221124,09:24:32,18434.70,300,7780950
20221124,09:24:33,18435.05,300,7780950
20221124,09:24:35,18435.15,1650,7780950
20221124,09:24:36,18435.50,150,7780950
20221124,09:24:37,18435.50,450,7780950
20221124,09:24:38,18435.50,100,7780950
20221124,09:24:39,18436.00,400,7780950
20221124,09:24:41,18435.60,1200,7780950
20221124,09:24:42,18435.65,550,7780950
20221124,09:24:43,18435.15,1400,7780950
20221124,09:24:44,18435.55,50,7780950
20221124,09:24:45,18435.80,200,7780950
20221124,09:24:46,18435.70,3000,7780950
20221124,09:24:47,18436.30,1300,7780950
20221124,09:24:49,18435.60,8950,7780950
20221124,09:24:50,18435.80,4300,7780950
20221124,09:24:51,18435.60,1800,7780950
20221124,09:24:52,18435.80,7600,7780950
20221124,09:24:53,18435.75,200,7780950
20221124,09:24:54,18436.55,1450,7780950
20221124,09:24:55,18436.90,1150,7780950
20221124,09:24:56,18436.70,200,7780950
20221124,09:24:57,18437.25,1150,7780950
20221124,09:24:58,18437.25,50,7780950
20221124,09:24:59,18436.80,1500,7780950
20221124,09:25:00,18437.35,1100,7780950
20221124,09:25:01,18437.40,100,7780950
20221124,09:25:02,18437.55,450,7780950
20221124,09:25:03,18438.00,1300,7780950
20221124,09:25:04,18437.40,100,7780950
20221124,09:25:05,18437.65,250,7780950
20221124,09:25:07,18438.55,950,7780950
20221124,09:25:08,18438.20,1300,7780950
20221124,09:25:09,18438.95,2200,7780950
20221124,09:25:10,18437.65,1350,7780950
20221124,09:25:12,18438.50,1250,7780950
20221124,09:25:13,18438.40,600,7780950
20221124,09:25:14,18437.65,200,7780950
20221124,09:25:15,18438.20,1250,7780950
20221124,09:25:16,18438.00,1050,7780950
20221124,09:25:18,18438.30,600,7780950
20221124,09:25:19,18438.85,1950,7780950
20221124,09:25:20,18438.05,1250,7780950
20221124,09:25:21,18438.75,550,7780950
20221124,09:25:22,18438.95,200,7780950
20221124,09:25:23,18439.00,450,7780950
20221124,09:25:24,18439.00,1400,7780950
20221124,09:25:25,18438.95,400,7780950
20221124,09:25:26,18438.35,800,7780950
20221124,09:25:27,18437.55,800,7780950
20221124,09:25:28,18437.50,150,7780950
20221124,09:25:29,18437.35,100,7780950
20221124,09:25:30,18437.55,150,7780950
20221124,09:25:31,18437.00,200,7780950
20221124,09:25:32,18437.00,700,7780950
20221124,09:25:33,18436.45,550,7780950
20221124,09:25:34,18436.45,150,7780950
20221124,09:25:35,18436.80,2300,7780950
20221124,09:25:36,18435.00,500,7780950
20221124,09:25:37,18435.00,50,7780950
20221124,09:25:38,18434.95,900,7780950
20221124,09:25:39,18434.50,400,7780950
20221124,09:25:40,18434.90,200,7780950
20221124,09:25:41,18434.95,600,7780950
20221124,09:25:42,18435.00,1450,7780950
20221124,09:25:43,18435.50,1950,7780950
20221124,09:25:44,18434.50,500,7780950
20221124,09:25:45,18435.00,650,7780950
20221124,09:25:46,18435.00,250,7780950
20221124,09:25:47,18435.00,100,7780950
20221124,09:25:48,18435.00,250,7780950
20221124,09:25:51,18435.00,400,7780950
20221124,09:25:51,18434.70,150,7780950
20221124,09:25:52,18435.70,250,7780950
20221124,09:25:53,18435.30,500,7780950
20221124,09:25:54,18435.30,50,7780950
20221124,09:25:55,18435.00,150,7780950
20221124,09:25:56,18435.65,450,7780950
20221124,09:25:57,18435.85,150,7780950
20221124,09:25:58,18434.25,450,7780950
20221124,09:25:59,18434.90,100,7780950
20221124,09:26:01,18434.90,100,7780950
20221124,09:26:02,18434.20,100,7780950
20221124,09:26:03,18434.00,100,7780950
20221124,09:26:04,18433.25,500,7780950
20221124,09:26:05,18432.65,650,7780950
20221124,09:26:06,18432.65,600,7780950
20221124,09:26:07,18431.85,250,7780950
20221124,09:26:08,18432.50,850,7780950
20221124,09:26:09,18432.50,150,7780950
20221124,09:26:10,18433.20,850,7780950
20221124,09:26:11,18432.90,1200,7780950
20221124,09:26:12,18432.35,550,7780950
20221124,09:26:13,18431.90,300,7780950
20221124,09:26:14,18433.00,50,7780950
20221124,09:26:15,18431.95,250,7780950
20221124,09:26:16,18431.95,150,7780950
20221124,09:26:17,18431.00,750,7780950
20221124,09:26:18,18430.95,250,7780950
20221124,09:26:20,18430.95,700,7780950
20221124,09:26:21,18430.95,150,7780950
20221124,09:26:23,18430.50,1050,7780950
20221124,09:26:24,18429.95,150,7780950
20221124,09:26:25,18429.95,50,7780950
20221124,09:26:26,18428.50,200,7780950
20221124,09:26:27,18428.50,50,7780950
20221124,09:26:28,18428.00,450,7780950
20221124,09:26:29,18428.35,1500,7780950
20221124,09:26:30,18428.60,200,7780950
20221124,09:26:32,18429.35,550,7780950
20221124,09:26:32,18429.75,50,7780950
20221124,09:26:34,18429.20,300,7780950
20221124,09:26:35,18429.90,500,7780950
20221124,09:26:36,18431.45,4100,7780950
20221124,09:26:37,18430.70,100,7780950
20221124,09:26:38,18430.70,200,7780950
20221124,09:26:39,18431.15,1050,7780950
20221124,09:26:40,18431.80,1400,7780950
20221124,09:26:41,18431.25,100,7780950
20221124,09:26:42,18431.80,300,7780950
20221124,09:26:43,18432.00,750,7780950
20221124,09:26:45,18431.80,50,7780950
20221124,09:26:46,18432.05,1700,7780950
20221124,09:26:47,18431.85,250,7780950
20221124,09:26:48,18432.55,2050,7843500
20221124,09:26:49,18432.25,2450,7843500
20221124,09:26:50,18432.95,850,7843500
20221124,09:26:52,18432.55,650,7843500
20221124,09:26:53,18433.00,200,7843500
20221124,09:26:54,18435.10,2950,7843500
20221124,09:26:55,18434.60,200,7843500
20221124,09:26:56,18435.00,2000,7843500
20221124,09:26:57,18435.95,400,7843500
20221124,09:26:58,18435.95,300,7843500
20221124,09:27:00,18436.25,350,7843500
20221124,09:27:00,18436.30,100,7843500
20221124,09:27:01,18435.50,50,7843500
20221124,09:27:02,18436.00,900,7843500
20221124,09:27:03,18436.50,550,7843500
20221124,09:27:04,18436.80,1200,7843500
20221124,09:27:05,18436.60,700,7843500
20221124,09:27:07,18437.65,2500,7843500
20221124,09:27:08,18437.50,600,7843500
20221124,09:27:10,18436.70,550,7843500
20221124,09:27:10,18436.70,150,7843500
20221124,09:27:11,18437.55,1050,7843500
20221124,09:27:12,18437.80,800,7843500
20221124,09:27:13,18436.35,550,7843500
20221124,09:27:14,18435.80,300,7843500
20221124,09:27:15,18435.80,300,7843500
20221124,09:27:17,18435.85,750,7843500
20221124,09:27:17,18435.50,50,7843500
20221124,09:27:18,18435.00,300,7843500
20221124,09:27:19,18434.80,200,7843500
20221124,09:27:20,18437.25,5550,7843500
20221124,09:27:21,18433.55,6100,7843500
20221124,09:27:22,18434.75,400,7843500
20221124,09:27:24,18434.75,100,7843500
20221124,09:27:24,18435.00,250,7843500
20221124,09:27:25,18436.10,1300,7843500
20221124,09:27:26,18435.30,100,7843500
20221124,09:27:28,18435.45,50,7843500
20221124,09:27:29,18435.45,1350,7843500
20221124,09:27:31,18435.50,1000,7843500
20221124,09:27:32,18435.75,200,7843500
20221124,09:27:33,18435.55,1850,7843500
20221124,09:27:34,18434.00,150,7843500
20221124,09:27:35,18434.00,50,7843500
20221124,09:27:36,18435.00,550,7843500
20221124,09:27:37,18433.85,1100,7843500
20221124,09:27:38,18434.45,1250,7843500
20221124,09:27:40,18434.00,300,7843500
20221124,09:27:41,18433.70,150,7843500
20221124,09:27:42,18432.90,350,7843500
20221124,09:27:43,18434.00,650,7843500
20221124,09:27:44,18434.20,100,7843500
20221124,09:27:45,18433.10,450,7843500
20221124,09:27:47,18432.50,600,7843500
20221124,09:27:47,18433.70,100,7843500
20221124,09:27:48,18432.00,700,7843500
20221124,09:27:49,18431.50,150,7843500
20221124,09:27:50,18431.55,500,7843500
20221124,09:27:51,18434.00,350,7843500
20221124,09:27:52,18434.00,250,7843500
20221124,09:27:53,18434.65,2250,7843500
20221124,09:27:54,18435.00,250,7843500
20221124,09:27:55,18434.00,150,7843500
20221124,09:27:56,18434.00,550,7843500
20221124,09:27:57,18435.30,250,7843500
20221124,09:27:58,18435.10,750,7843500
20221124,09:27:59,18434.00,750,7843500
20221124,09:28:00,18434.95,700,7843500
20221124,09:28:01,18434.00,300,7843500
20221124,09:28:02,18434.95,600,7843500
20221124,09:28:04,18434.00,100,7843500
20221124,09:28:05,18434.95,100,7843500
20221124,09:28:06,18434.90,300,7843500
20221124,09:28:06,18434.55,50,7843500
20221124,09:28:07,18434.35,400,7843500
20221124,09:28:08,18434.00,300,7843500
20221124,09:28:09,18434.00,200,7843500
20221124,09:28:11,18434.40,450,7843500
20221124,09:28:12,18434.40,750,7843500
20221124,09:28:12,18434.40,50,7843500
20221124,09:28:13,18434.55,650,7843500
20221124,09:28:14,18434.40,350,7843500
20221124,09:28:16,18434.45,650,7843500
20221124,09:28:18,18434.35,1600,7843500
20221124,09:28:19,18435.45,1050,7843500
20221124,09:28:20,18435.20,100,7843500
20221124,09:28:22,18434.95,750,7843500
20221124,09:28:23,18434.35,50,7843500
20221124,09:28:24,18434.55,1350,7843500
20221124,09:28:25,18434.70,550,7843500
20221124,09:28:26,18434.05,800,7843500
20221124,09:28:28,18436.00,1850,7843500
20221124,09:28:29,18435.55,250,7843500
20221124,09:28:29,18434.95,50,7843500
20221124,09:28:30,18434.70,2550,7843500
20221124,09:28:31,18435.00,1050,7843500
20221124,09:28:33,18434.65,100,7843500
20221124,09:28:34,18435.10,450,7843500
20221124,09:28:34,18435.10,50,7843500
20221124,09:28:35,18435.10,300,7843500
20221124,09:28:36,18435.25,350,7843500
20221124,09:28:37,18434.15,1400,7843500
20221124,09:28:39,18434.25,550,7843500
20221124,09:28:39,18434.70,300,7843500
20221124,09:28:40,18434.95,400,7843500
20221124,09:28:41,18434.45,750,7843500
20221124,09:28:43,18434.40,100,7843500
20221124,09:28:44,18435.20,700,7843500
20221124,09:28:45,18435.15,450,7843500
20221124,09:28:46,18435.00,50,7843500
20221124,09:28:46,18435.95,500,7843500
20221124,09:28:47,18435.90,300,7843500
20221124,09:28:48,18435.25,100,7843500
20221124,09:28:50,18435.95,100,7843500
20221124,09:28:51,18435.60,150,7843500
20221124,09:28:51,18436.05,200,7843500
20221124,09:28:52,18435.95,2000,7843500
20221124,09:28:53,18435.45,2350,7843500
20221124,09:28:55,18435.00,350,7843500
20221124,09:28:56,18435.90,1900,7843500
20221124,09:28:57,18435.20,400,7843500
20221124,09:28:58,18435.95,2650,7843500
20221124,09:28:59,18435.30,1300,7843500
20221124,09:29:01,18435.25,1500,7843500
20221124,09:29:02,18436.00,600,7843500
20221124,09:29:02,18435.90,100,7843500
20221124,09:29:03,18435.30,150,7843500
20221124,09:29:04,18435.30,500,7843500
20221124,09:29:05,18435.35,100,7843500
20221124,09:29:07,18435.35,400,7843500
20221124,09:29:08,18436.00,300,7843500
20221124,09:29:08,18435.35,250,7843500
20221124,09:29:09,18435.30,250,7843500
20221124,09:29:10,18435.30,300,7843500
20221124,09:29:11,18435.50,750,7843500
20221124,09:29:13,18435.85,550,7843500
20221124,09:29:14,18435.30,300,7843500
20221124,09:29:15,18435.30,700,7843500
20221124,09:29:15,18435.05,500,7843500
20221124,09:29:16,18435.25,50,7843500
20221124,09:29:17,18435.25,400,7843500
20221124,09:29:19,18435.00,600,7843500
20221124,09:29:20,18434.55,300,7843500
20221124,09:29:20,18435.20,250,7843500
20221124,09:29:21,18435.20,200,7843500
20221124,09:29:22,18435.00,700,7843500
20221124,09:29:23,18435.80,350,7843500
20221124,09:29:25,18435.65,500,7843500
20221124,09:29:26,18435.60,550,7843500
20221124,09:29:27,18435.95,850,7843500
20221124,09:29:28,18435.50,100,7843500
20221124,09:29:29,18435.95,1450,7843500
20221124,09:29:31,18435.65,1150,7843500
20221124,09:29:32,18436.25,50,7843500
20221124,09:29:32,18435.65,150,7843500
20221124,09:29:33,18436.20,750,7843500
20221124,09:29:34,18435.20,1050,7843500
20221124,09:29:35,18435.70,450,7843500
20221124,09:29:37,18435.80,50,7843500
20221124,09:29:38,18435.90,150,7843500
20221124,09:29:39,18435.90,50,7843500
20221124,09:29:40,18435.45,300,7843500
20221124,09:29:41,18435.60,400,7843500
20221124,09:29:42,18435.35,50,7843500
20221124,09:29:43,18435.40,150,7843500
20221124,09:29:45,18435.90,550,7843500
20221124,09:29:46,18435.80,900,7843500
20221124,09:29:47,18435.40,50,7843500
20221124,09:29:48,18435.35,150,7879250
20221124,09:29:49,18435.30,200,7879250
20221124,09:29:51,18434.80,400,7879250
20221124,09:29:52,18434.85,50,7879250
20221124,09:29:53,18435.15,1350,7879250
20221124,09:29:53,18434.85,50,7879250
20221124,09:29:54,18435.35,750,7879250
20221124,09:29:55,18435.15,850,7879250
20221124,09:29:57,18435.15,400,7879250
20221124,09:29:58,18435.20,100,7879250
20221124,09:29:59,18435.35,1150,7879250
20221124,09:30:00,18435.50,2800,7879250
20221124,09:30:01,18436.30,3750,7879250
20221124,09:30:03,18436.55,3400,7879250
20221124,09:30:04,18436.55,200,7879250
20221124,09:30:05,18436.95,2500,7879250
20221124,09:30:06,18436.95,1500,7879250
20221124,09:30:07,18435.50,2350,7879250
20221124,09:30:08,18436.70,250,7879250
20221124,09:30:10,18435.35,1300,7879250
20221124,09:30:11,18435.55,200,7879250
20221124,09:30:12,18437.00,1150,7879250
20221124,09:30:13,18435.95,1300,7879250
20221124,09:30:14,18434.80,1550,7879250
20221124,09:30:16,18435.00,1250,7879250
20221124,09:30:16,18435.00,250,7879250
20221124,09:30:18,18436.45,1850,7879250
20221124,09:30:19,18436.50,100,7879250
20221124,09:30:20,18435.90,200,7879250
20221124,09:30:21,18435.75,400,7879250
20221124,09:30:21,18435.75,50,7879250
20221124,09:30:22,18435.00,100,7879250
20221124,09:30:23,18434.85,850,7879250
20221124,09:30:25,18435.05,100,7879250
20221124,09:30:26,18436.45,450,7879250
20221124,09:30:27,18435.60,400,7879250
20221124,09:30:28,18435.05,850,7879250
20221124,09:30:28,18436.60,300,7879250
20221124,09:30:29,18436.75,350,7879250
20221124,09:30:30,18434.75,50,7879250
20221124,09:30:32,18436.65,400,7879250
20221124,09:30:33,18435.00,550,7879250
20221124,09:30:34,18435.00,50,7879250
20221124,09:30:35,18435.95,250,7879250
20221124,09:30:36,18434.75,750,7879250
20221124,09:30:37,18435.20,1100,7879250
20221124,09:30:39,18435.95,1150,7879250
20221124,09:30:41,18436.55,950,7879250
20221124,09:30:42,18436.75,1450,7879250
20221124,09:30:43,18436.35,300,7879250
20221124,09:30:44,18436.80,1000,7879250
20221124,09:30:45,18437.95,1100,7879250
20221124,09:30:48,18438.65,2250,7879250
20221124,09:30:49,18439.00,1350,7879250
20221124,09:30:50,18438.60,1700,7879250
20221124,09:30:51,18439.75,800,7879250
20221124,09:30:53,18439.70,250,7879250
20221124,09:30:54,18439.05,450,7879250
20221124,09:30:55,18438.95,400,7879250
20221124,09:30:56,18438.95,300,7879250
20221124,09:30:57,18438.65,100,7879250
20221124,09:30:59,18438.60,650,7879250
20221124,09:31:01,18438.75,2200,7879250
20221124,09:31:02,18439.50,150,7879250
20221124,09:31:03,18439.50,400,7879250
20221124,09:31:04,18439.55,800,7879250
20221124,09:31:05,18438.50,50,7879250
20221124,09:31:07,18438.50,1350,7879250
20221124,09:31:08,18439.05,550,7879250
20221124,09:31:09,18439.05,200,7879250
20221124,09:31:10,18439.05,400,7879250
20221124,09:31:10,18439.95,100,7879250
20221124,09:31:11,18443.00,6350,7879250
20221124,09:31:12,18441.60,1350,7879250
20221124,09:31:15,18441.00,550,7879250
20221124,09:31:16,18441.00,550,7879250
20221124,09:31:17,18441.65,1200,7879250
20221124,09:31:18,18442.70,450,7879250
20221124,09:31:20,18442.70,50,7879250
20221124,09:31:21,18443.15,500,7879250
20221124,09:31:22,18443.15,150,7879250
20221124,09:31:22,18443.30,200,7879250
20221124,09:31:23,18443.90,450,7879250
20221124,09:31:24,18442.15,700,7879250
20221124,09:31:26,18443.05,500,7879250
20221124,09:31:27,18442.60,100,7879250
20221124,09:31:28,18442.80,100,7879250
20221124,09:31:28,18442.80,200,7879250
20221124,09:31:29,18443.00,1250,7879250
20221124,09:31:31,18442.80,600,7879250
20221124,09:31:32,18442.00,350,7879250
20221124,09:31:33,18442.55,1400,7879250
20221124,09:31:34,18442.70,550,7879250
20221124,09:31:35,18442.25,550,7879250
20221124,09:31:36,18442.20,300,7879250
20221124,09:31:38,18442.35,300,7879250
20221124,09:31:39,18442.45,150,7879250
20221124,09:31:40,18442.45,100,7879250
20221124,09:31:41,18442.60,600,7879250
20221124,09:31:42,18442.20,150,7879250
20221124,09:31:43,18445.95,6050,7879250
20221124,09:31:44,18447.00,2200,7879250
20221124,09:31:45,18446.20,300,7879250
20221124,09:31:46,18445.55,700,7879250
20221124,09:31:47,18445.65,750,7879250
20221124,09:31:48,18446.10,1250,7879250
20221124,09:31:49,18448.00,2750,7879250
20221124,09:31:50,18448.85,900,7879250
20221124,09:31:51,18450.00,5200,7879250
20221124,09:31:52,18450.00,900,7879250
20221124,09:31:53,18449.75,1050,7879250
20221124,09:31:54,18455.00,11350,7879250
20221124,09:31:55,18454.85,2450,7879250
20221124,09:31:56,18453.10,50,7879250
20221124,09:31:57,18451.10,2300,7879250
20221124,09:31:58,18453.85,1300,7879250
20221124,09:31:59,18452.75,350,7879250
20221124,09:32:01,18452.55,500,7879250
20221124,09:32:02,18451.50,900,7879250
20221124,09:32:03,18451.00,150,7879250
20221124,09:32:04,18450.05,3150,7879250
20221124,09:32:06,18452.85,3200,7879250
20221124,09:32:07,18451.50,200,7879250
20221124,09:32:08,18452.40,50,7879250
20221124,09:32:08,18453.25,100,7879250
20221124,09:32:09,18452.95,1150,7879250
20221124,09:32:10,18453.30,350,7879250
20221124,09:32:11,18454.25,500,7879250
20221124,09:32:12,18452.95,300,7879250
20221124,09:32:13,18452.85,300,7879250
20221124,09:32:14,18452.85,250,7879250
20221124,09:32:16,18450.90,1500,7879250
20221124,09:32:17,18452.70,1000,7879250
20221124,09:32:18,18452.30,250,7879250
20221124,09:32:19,18451.35,100,7879250
20221124,09:32:19,18452.00,100,7879250
20221124,09:32:20,18452.30,300,7879250
20221124,09:32:22,18452.55,1150,7879250
20221124,09:32:23,18450.95,750,7879250
20221124,09:32:24,18450.10,1950,7879250
20221124,09:32:24,18452.85,1250,7879250
20221124,09:32:25,18451.25,250,7879250
20221124,09:32:26,18450.55,350,7879250
20221124,09:32:28,18453.05,1550,7879250
20221124,09:32:29,18450.95,800,7879250
20221124,09:32:30,18451.20,250,7879250
20221124,09:32:31,18452.00,2000,7879250
20221124,09:32:32,18449.20,2550,7879250
20221124,09:32:34,18450.00,500,7879250
20221124,09:32:35,18449.20,350,7879250
20221124,09:32:36,18449.70,750,7879250
20221124,09:32:37,18450.10,2500,7879250
20221124,09:32:39,18449.95,2600,7879250
20221124,09:32:40,18450.50,1650,7879250
20221124,09:32:42,18451.90,1650,7879250
20221124,09:32:43,18451.10,1900,7879250
20221124,09:32:44,18453.15,1900,7879250
20221124,09:32:45,18451.30,300,7879250
20221124,09:32:45,18451.90,650,7879250
20221124,09:32:46,18452.95,2050,7879250
20221124,09:32:48,18452.65,150,7955900
20221124,09:32:49,18452.85,500,7955900
20221124,09:32:50,18452.60,250,7955900
20221124,09:32:51,18453.00,1100,7955900
20221124,09:32:52,18453.00,150,7955900
20221124,09:32:54,18452.90,750,7955900
20221124,09:32:55,18452.65,250,7955900
20221124,09:32:56,18452.85,550,7955900
20221124,09:32:57,18452.60,950,7955900
20221124,09:32:58,18453.25,850,7955900
20221124,09:32:58,18453.25,150,7955900
20221124,09:32:59,18453.25,800,7955900
20221124,09:33:01,18453.25,50,7955900
20221124,09:33:02,18453.10,650,7955900
20221124,09:33:03,18453.10,1600,7955900
20221124,09:33:04,18454.00,1600,7955900
20221124,09:33:05,18452.20,1900,7955900
20221124,09:33:07,18453.30,600,7955900
20221124,09:33:08,18453.95,700,7955900
20221124,09:33:09,18453.95,2300,7955900
20221124,09:33:10,18455.00,2500,7955900
20221124,09:33:12,18455.60,1400,7955900
20221124,09:33:13,18455.90,600,7955900
20221124,09:33:14,18456.95,850,7955900
20221124,09:33:15,18456.50,550,7955900
20221124,09:33:16,18455.65,300,7955900
20221124,09:33:18,18457.55,800,7955900
20221124,09:33:19,18457.85,100,7955900
20221124,09:33:20,18457.85,650,7955900
20221124,09:33:21,18456.20,450,7955900
20221124,09:33:22,18457.00,3350,7955900
20221124,09:33:23,18457.00,600,7955900
20221124,09:33:23,18457.95,50,7955900
20221124,09:33:24,18457.95,2300,7955900
20221124,09:33:26,18457.00,150,7955900
20221124,09:33:27,18458.00,450,7955900
20221124,09:33:28,18458.25,300,7955900
20221124,09:33:29,18458.35,700,7955900
20221124,09:33:29,18455.65,50,7955900
20221124,09:33:31,18458.15,150,7955900
20221124,09:33:32,18457.60,500,7955900
20221124,09:33:33,18457.75,100,7955900
20221124,09:33:34,18456.00,600,7955900
20221124,09:33:35,18457.65,1350,7955900
20221124,09:33:35,18456.85,200,7955900
20221124,09:33:37,18456.95,200,7955900
20221124,09:33:38,18456.00,350,7955900
20221124,09:33:39,18456.90,600,7955900
20221124,09:33:40,18456.00,200,7955900
20221124,09:33:41,18455.25,250,7955900
20221124,09:33:42,18456.00,50,7955900
20221124,09:33:43,18457.05,500,7955900
20221124,09:33:43,18456.40,100,7955900
20221124,09:33:45,18457.05,550,7955900
20221124,09:33:46,18456.40,850,7955900
20221124,09:33:47,18456.70,150,7955900
20221124,09:33:48,18456.45,250,7955900
20221124,09:33:49,18455.30,250,7955900
20221124,09:33:49,18455.25,50,7955900
20221124,09:33:50,18456.30,50,7955900
20221124,09:33:53,18456.00,150,7955900
20221124,09:33:54,18456.00,150,7955900
20221124,09:33:55,18456.35,100,7955900
20221124,09:33:56,18456.35,450,7955900
20221124,09:33:58,18456.20,300,7955900
20221124,09:33:59,18456.30,350,7955900
20221124,09:34:00,18456.35,100,7955900
20221124,09:34:01,18456.35,2800,7955900
20221124,09:34:02,18455.95,500,7955900
20221124,09:34:03,18455.95,100,7955900
20221124,09:34:05,18455.50,100,7955900
20221124,09:34:06,18455.80,1050,7955900
20221124,09:34:07,18456.15,300,7955900
20221124,09:34:08,18455.40,200,7955900
20221124,09:34:09,18455.00,50,7955900
20221124,09:34:10,18454.95,350,7955900
20221124,09:34:11,18456.30,1950,7955900
20221124,09:34:12,18455.05,500,7955900
20221124,09:34:13,18455.05,50,7955900
20221124,09:34:14,18455.00,1300,7955900
20221124,09:34:15,18454.10,1600,7955900
20221124,09:34:15,18455.00,50,7955900
20221124,09:34:16,18455.75,400,7955900
20221124,09:34:18,18455.00,2050,7955900
20221124,09:34:19,18454.00,700,7955900
20221124,09:34:20,18454.40,100,7955900
20221124,09:34:21,18455.00,600,7955900
20221124,09:34:22,18455.50,50,7955900
20221124,09:34:22,18455.50,1000,7955900
20221124,09:34:24,18455.35,1650,7955900
20221124,09:34:25,18455.35,50,7955900
20221124,09:34:26,18454.75,200,7955900
20221124,09:34:27,18454.15,1500,7955900
20221124,09:34:28,18455.30,350,7955900
20221124,09:34:28,18454.75,50,7955900
20221124,09:34:29,18455.45,50,7955900
20221124,09:34:31,18455.40,600,7955900
20221124,09:34:32,18457.00,1450,7955900
20221124,09:34:33,18456.75,100,7955900
20221124,09:34:34,18457.45,1050,7955900
20221124,09:34:35,18457.45,100,7955900
20221124,09:34:35,18455.55,50,7955900
20221124,09:34:36,18456.90,100,7955900
20221124,09:34:38,18457.30,50,7955900
20221124,09:34:39,18455.45,450,7955900
20221124,09:34:40,18456.45,400,7955900
20221124,09:34:41,18455.95,50,7955900
20221124,09:34:42,18455.35,250,7955900
20221124,09:34:43,18455.45,50,7955900
20221124,09:34:44,18454.85,250,7955900
20221124,09:34:46,18454.85,200,7955900
20221124,09:34:47,18455.90,450,7955900
20221124,09:34:48,18455.75,400,7955900
20221124,09:34:49,18455.80,150,7955900
20221124,09:34:50,18455.00,200,7955900
20221124,09:34:52,18455.00,300,7955900
20221124,09:34:53,18455.65,650,7955900
20221124,09:34:54,18455.90,150,7955900
20221124,09:34:55,18455.90,150,7955900
20221124,09:34:56,18455.00,250,7955900
20221124,09:34:57,18455.95,350,7955900
20221124,09:34:58,18455.75,1650,7955900
20221124,09:34:59,18455.90,250,7955900
20221124,09:35:00,18456.00,750,7955900
20221124,09:35:01,18456.85,2200,7955900
20221124,09:35:02,18456.70,2200,7955900
20221124,09:35:03,18456.95,200,7955900
20221124,09:35:04,18457.65,950,7955900
20221124,09:35:05,18457.70,300,7955900
20221124,09:35:06,18457.65,100,7955900
20221124,09:35:07,18456.65,450,7955900
20221124,09:35:08,18457.50,350,7955900
20221124,09:35:10,18456.85,350,7955900
20221124,09:35:11,18457.60,300,7955900
20221124,09:35:12,18456.60,1000,7955900
20221124,09:35:13,18455.80,100,7955900
20221124,09:35:15,18458.70,1800,7955900
20221124,09:35:17,18458.70,200,7955900
20221124,09:35:18,18456.75,250,7955900
20221124,09:35:19,18457.95,850,7955900
20221124,09:35:20,18456.80,100,7955900
20221124,09:35:21,18455.90,1150,7955900
20221124,09:35:22,18457.25,250,7955900
20221124,09:35:23,18457.25,50,7955900
20221124,09:35:24,18457.25,450,7955900
20221124,09:35:25,18456.65,350,7955900
20221124,09:35:26,18456.95,250,7955900
20221124,09:35:27,18457.00,400,7955900
20221124,09:35:28,18455.75,800,7955900
20221124,09:35:29,18456.75,500,7955900
20221124,09:35:30,18456.70,350,7955900
20221124,09:35:31,18456.00,100,7955900
20221124,09:35:32,18456.00,100,7955900
20221124,09:35:33,18456.35,250,7955900
20221124,09:35:35,18456.50,400,7955900
20221124,09:35:36,18456.70,50,7955900
20221124,09:35:37,18456.70,400,7955900
20221124,09:35:38,18455.85,1600,7955900
20221124,09:35:39,18456.30,300,7955900
20221124,09:35:40,18456.30,150,7955900
20221124,09:35:41,18456.30,500,7955900
20221124,09:35:42,18456.65,650,7955900
20221124,09:35:43,18455.50,850,7955900
20221124,09:35:44,18455.00,150,7955900
20221124,09:35:45,18455.00,100,7955900
20221124,09:35:46,18455.45,250,7955900
20221124,09:35:47,18455.20,350,7955900
20221124,09:35:48,18455.00,600,7993150
20221124,09:35:49,18455.00,500,7993150
20221124,09:35:50,18455.00,150,7993150
20221124,09:35:51,18455.30,2550,7993150
20221124,09:35:52,18455.70,350,7993150
20221124,09:35:53,18455.95,200,7993150
20221124,09:35:54,18455.95,500,7993150
20221124,09:35:55,18455.75,100,7993150
20221124,09:35:56,18455.65,500,7993150
20221124,09:35:58,18455.95,400,7993150
20221124,09:35:59,18454.15,200,7993150
20221124,09:36:00,18454.30,50,7993150
20221124,09:36:01,18454.30,400,7993150
20221124,09:36:02,18454.85,800,7993150
20221124,09:36:03,18454.85,100,7993150
20221124,09:36:04,18454.75,350,7993150
20221124,09:36:05,18454.30,100,7993150
20221124,09:36:06,18454.75,50,7993150
20221124,09:36:09,18454.10,1050,7993150
20221124,09:36:11,18455.00,1750,7993150
20221124,09:36:12,18454.90,800,7993150
20221124,09:36:13,18455.00,100,7993150
20221124,09:36:15,18454.15,400,7993150
20221124,09:36:17,18454.10,450,7993150
20221124,09:36:18,18454.10,350,7993150
20221124,09:36:19,18454.25,250,7993150
20221124,09:36:20,18454.45,150,7993150
20221124,09:36:21,18454.45,200,7993150
20221124,09:36:22,18454.30,250,7993150
20221124,09:36:23,18454.50,2150,7993150
20221124,09:36:24,18454.00,500,7993150
20221124,09:36:25,18453.75,300,7993150
20221124,09:36:27,18453.75,150,7993150
20221124,09:36:28,18453.40,250,7993150
20221124,09:36:29,18453.35,700,7993150
20221124,09:36:30,18453.25,250,7993150
20221124,09:36:31,18453.60,300,7993150
20221124,09:36:32,18453.95,400,7993150
20221124,09:36:33,18453.25,200,7993150
20221124,09:36:34,18453.55,400,7993150
20221124,09:36:35,18453.40,250,7993150
20221124,09:36:36,18453.40,650,7993150
20221124,09:36:37,18454.05,650,7993150
20221124,09:36:38,18453.40,950,7993150
20221124,09:36:39,18454.55,650,7993150
20221124,09:36:40,18455.25,3800,7993150
20221124,09:36:41,18456.00,1100,7993150
20221124,09:36:42,18455.50,700,7993150
20221124,09:36:43,18454.10,1250,7993150
20221124,09:36:44,18455.45,200,7993150
20221124,09:36:45,18456.00,2650,7993150
20221124,09:36:46,18455.75,550,7993150
20221124,09:36:47,18453.95,400,7993150
20221124,09:36:48,18454.00,400,7993150
20221124,09:36:49,18455.50,300,7993150
20221124,09:36:50,18454.60,50,7993150
20221124,09:36:51,18455.15,950,7993150
20221124,09:36:52,18455.15,200,7993150
20221124,09:36:53,18453.20,950,7993150
20221124,09:36:54,18453.45,200,7993150
20221124,09:36:55,18453.20,300,7993150
20221124,09:36:57,18454.30,250,7993150
20221124,09:36:58,18453.85,550,7993150
20221124,09:36:59,18453.85,100,7993150
20221124,09:37:00,18454.55,150,7993150
20221124,09:37:01,18454.30,300,7993150
20221124,09:37:02,18453.75,200,7993150
20221124,09:37:04,18453.60,450,7993150
20221124,09:37:05,18453.85,250,7993150
20221124,09:37:06,18453.85,400,7993150
20221124,09:37:07,18453.65,250,7993150
20221124,09:37:09,18453.85,100,7993150
20221124,09:37:10,18453.85,300,7993150
20221124,09:37:11,18454.00,650,7993150
20221124,09:37:12,18453.50,400,7993150
20221124,09:37:13,18454.00,250,7993150
20221124,09:37:15,18453.60,900,7993150
20221124,09:37:16,18453.10,850,7993150
20221124,09:37:17,18453.10,1150,7993150
20221124,09:37:18,18453.65,250,7993150
20221124,09:37:19,18453.70,250,7993150
20221124,09:37:21,18452.90,650,7993150
20221124,09:37:22,18453.85,800,7993150
20221124,09:37:23,18454.05,250,7993150
20221124,09:37:24,18454.00,700,7993150
20221124,09:37:25,18454.95,1100,7993150
20221124,09:37:27,18454.75,2600,7993150
20221124,09:37:27,18454.60,350,7993150
20221124,09:37:28,18454.95,700,7993150
20221124,09:37:29,18455.95,650,7993150
20221124,09:37:30,18455.40,1350,7993150
20221124,09:37:31,18455.15,1300,7993150
20221124,09:37:33,18455.15,100,7993150
20221124,09:37:33,18455.10,200,7993150
20221124,09:37:34,18455.05,50,7993150
20221124,09:37:35,18455.75,300,7993150
20221124,09:37:36,18455.70,300,7993150
20221124,09:37:37,18455.25,1400,7993150
20221124,09:37:38,18455.95,1500,7993150
20221124,09:37:40,18456.95,650,7993150
20221124,09:37:41,18457.95,4350,7993150
20221124,09:37:41,18457.70,900,7993150
20221124,09:37:42,18458.95,2300,7993150
20221124,09:37:43,18458.60,600,7993150
20221124,09:37:44,18458.90,500,7993150
20221124,09:37:45,18459.00,900,7993150
20221124,09:37:46,18460.00,2450,7993150
20221124,09:37:47,18460.05,2250,7993150
20221124,09:37:49,18463.00,5700,7993150
20221124,09:37:49,18463.05,900,7993150
20221124,09:37:50,18463.35,1250,7993150
20221124,09:37:51,18463.35,350,7993150
20221124,09:37:52,18463.75,850,7993150
20221124,09:37:53,18463.75,500,7993150
20221124,09:37:55,18463.85,550,7993150
20221124,09:37:55,18464.10,1600,7993150
20221124,09:37:56,18464.15,600,7993150
20221124,09:37:57,18464.15,400,7993150
20221124,09:37:58,18464.25,400,7993150
20221124,09:38:00,18464.25,1700,7993150
20221124,09:38:00,18463.80,150,7993150
20221124,09:38:01,18464.05,500,7993150
20221124,09:38:02,18464.50,700,7993150
20221124,09:38:03,18465.00,900,7993150
20221124,09:38:04,18465.00,400,7993150
20221124,09:38:05,18465.00,1150,7993150
20221124,09:38:07,18464.45,450,7993150
20221124,09:38:07,18465.00,750,7993150
20221124,09:38:08,18465.90,1400,7993150
20221124,09:38:09,18465.25,600,7993150
20221124,09:38:10,18465.50,600,7993150
20221124,09:38:11,18466.65,2600,7993150
20221124,09:38:12,18466.25,300,7993150
20221124,09:38:13,18466.20,850,7993150
20221124,09:38:14,18466.55,100,7993150
20221124,09:38:15,18466.25,1350,7993150
20221124,09:38:16,18466.65,400,7993150
20221124,09:38:17,18466.65,500,7993150
20221124,09:38:18,18468.00,1400,7993150
20221124,09:38:19,18465.50,2000,7993150
20221124,09:38:20,18466.95,50,7993150
20221124,09:38:21,18465.90,300,7993150
20221124,09:38:22,18467.25,400,7993150
20221124,09:38:23,18466.30,300,7993150
20221124,09:38:24,18467.70,50,7993150
20221124,09:38:25,18467.00,550,7993150
20221124,09:38:27,18466.50,250,7993150
20221124,09:38:27,18466.50,150,7993150
20221124,09:38:28,18466.25,150,7993150
20221124,09:38:29,18466.20,200,7993150
20221124,09:38:30,18466.00,600,7993150
20221124,09:38:32,18465.65,550,7993150
20221124,09:38:32,18465.95,100,7993150
20221124,09:38:33,18465.85,200,7993150
20221124,09:38:34,18466.25,1000,7993150
20221124,09:38:35,18466.05,1200,7993150
20221124,09:38:36,18466.40,1250,7993150
20221124,09:38:37,18467.20,750,7993150
20221124,09:38:38,18467.15,700,7993150
20221124,09:38:39,18466.40,650,7993150
20221124,09:38:40,18466.35,300,7993150
20221124,09:38:41,18467.25,150,7993150
20221124,09:38:42,18467.25,3000,7993150
20221124,09:38:43,18466.90,150,7993150
20221124,09:38:44,18467.85,850,7993150
20221124,09:38:45,18466.90,450,7993150
20221124,09:38:46,18466.90,650,7993150
20221124,09:38:47,18467.35,250,7993150
20221124,09:38:48,18466.90,1450,7993150
20221124,09:38:49,18466.00,200,7993150
20221124,09:38:50,18466.65,100,8057200
20221124,09:38:53,18466.35,800,8057200
20221124,09:38:54,18466.40,250,8057200
20221124,09:38:55,18467.00,1350,8057200
20221124,09:38:56,18467.00,1050,8057200
20221124,09:38:57,18467.00,2000,8057200
20221124,09:38:57,18467.00,350,8057200
20221124,09:38:58,18469.00,2500,8057200
20221124,09:38:59,18466.85,750,8057200
20221124,09:39:00,18467.40,300,8057200
20221124,09:39:01,18468.75,900,8057200
20221124,09:39:02,18470.45,5050,8057200
20221124,09:39:03,18471.00,2100,8057200
20221124,09:39:04,18469.55,750,8057200
20221124,09:39:05,18469.35,350,8057200
20221124,09:39:06,18471.05,1200,8057200
20221124,09:39:07,18471.00,200,8057200
20221124,09:39:08,18471.05,500,8057200
20221124,09:39:09,18470.35,250,8057200
20221124,09:39:10,18469.90,650,8057200
20221124,09:39:11,18472.80,4550,8057200
20221124,09:39:12,18471.35,1150,8057200
20221124,09:39:13,18471.00,500,8057200
20221124,09:39:14,18470.85,500,8057200
20221124,09:39:15,18470.50,2400,8057200
20221124,09:39:16,18470.90,550,8057200
20221124,09:39:17,18471.05,900,8057200
20221124,09:39:18,18471.55,700,8057200
20221124,09:39:19,18470.00,350,8057200
20221124,09:39:20,18470.90,600,8057200
20221124,09:39:21,18470.90,1150,8057200
20221124,09:39:22,18470.75,350,8057200
20221124,09:39:23,18470.85,1950,8057200
20221124,09:39:24,18470.85,50,8057200
20221124,09:39:26,18470.85,1000,8057200
20221124,09:39:27,18470.80,1450,8057200
20221124,09:39:27,18470.85,300,8057200
20221124,09:39:29,18470.00,1000,8057200
20221124,09:39:30,18470.55,150,8057200
20221124,09:39:31,18470.50,300,8057200
20221124,09:39:32,18471.00,3350,8057200
20221124,09:39:33,18471.00,900,8057200
20221124,09:39:34,18471.00,200,8057200
20221124,09:39:35,18471.25,400,8057200
20221124,09:39:36,18471.45,100,8057200
20221124,09:39:37,18471.45,450,8057200
20221124,09:39:38,18471.75,2200,8057200
20221124,09:39:39,18471.50,450,8057200
20221124,09:39:40,18470.80,1100,8057200
20221124,09:39:41,18470.80,150,8057200
20221124,09:39:42,18470.55,1100,8057200
20221124,09:39:43,18470.55,100,8057200
20221124,09:39:44,18470.40,200,8057200
20221124,09:39:45,18470.35,650,8057200
20221124,09:39:46,18468.85,2750,8057200
20221124,09:39:47,18470.40,500,8057200
20221124,09:39:48,18469.95,900,8057200
20221124,09:39:49,18469.95,1350,8057200
20221124,09:39:50,18474.00,5250,8057200
20221124,09:39:51,18470.40,750,8057200
20221124,09:39:52,18470.40,100,8057200
20221124,09:39:53,18471.30,200,8057200
20221124,09:39:54,18469.50,200,8057200
20221124,09:39:55,18469.25,1200,8057200
20221124,09:39:56,18471.40,400,8057200
20221124,09:39:56,18471.80,150,8057200
20221124,09:39:57,18470.40,200,8057200
20221124,09:39:58,18470.25,400,8057200
20221124,09:39:59,18470.45,650,8057200
20221124,09:40:01,18472.00,450,8057200
20221124,09:40:01,18470.20,1050,8057200
20221124,09:40:02,18472.50,750,8057200
20221124,09:40:03,18473.10,700,8057200
20221124,09:40:04,18473.10,400,8057200
20221124,09:40:05,18473.10,100,8057200
20221124,09:40:07,18472.30,800,8057200
20221124,09:40:08,18471.40,100,8057200
20221124,09:40:09,18471.50,100,8057200
20221124,09:40:10,18471.85,700,8057200
20221124,09:40:12,18471.50,400,8057200
20221124,09:40:13,18473.70,1600,8057200
20221124,09:40:14,18472.95,700,8057200
20221124,09:40:15,18472.50,1000,8057200
20221124,09:40:15,18470.60,250,8057200
20221124,09:40:17,18471.50,450,8057200
20221124,09:40:18,18472.00,150,8057200
20221124,09:40:19,18470.60,500,8057200
20221124,09:40:20,18471.45,50,8057200
20221124,09:40:21,18471.25,250,8057200
20221124,09:40:21,18471.70,1500,8057200
20221124,09:40:22,18470.60,1250,8057200
20221124,09:40:23,18470.50,400,8057200
20221124,09:40:24,18471.55,450,8057200
20221124,09:40:26,18470.60,50,8057200
20221124,09:40:27,18470.50,750,8057200
20221124,09:40:28,18470.50,800,8057200
20221124,09:40:29,18471.75,1000,8057200
20221124,09:40:30,18470.00,650,8057200
20221124,09:40:31,18470.00,500,8057200
20221124,09:40:33,18470.50,650,8057200
20221124,09:40:33,18470.10,50,8057200
20221124,09:40:34,18470.50,250,8057200
20221124,09:40:36,18472.00,1650,8057200
20221124,09:40:36,18470.00,300,8057200
20221124,09:40:37,18471.05,50,8057200
20221124,09:40:38,18471.05,50,8057200
20221124,09:40:39,18471.40,50,8057200
20221124,09:40:40,18471.05,1200,8057200
20221124,09:40:41,18471.15,150,8057200
20221124,09:40:43,18471.45,200,8057200
20221124,09:40:44,18472.85,550,8057200
20221124,09:40:46,18471.25,400,8057200
20221124,09:40:47,18472.25,900,8057200
20221124,09:40:48,18471.50,250,8057200
20221124,09:40:49,18472.00,300,8057200
20221124,09:40:51,18473.00,850,8057200
20221124,09:40:52,18472.00,100,8057200
20221124,09:40:53,18472.00,300,8057200
20221124,09:40:54,18471.45,1250,8057200
20221124,09:40:54,18471.45,200,8057200
20221124,09:40:55,18471.00,100,8057200
20221124,09:40:56,18471.45,150,8057200
20221124,09:40:57,18471.45,200,8057200
20221124,09:40:59,18471.05,200,8057200
20221124,09:41:00,18471.45,300,8057200
20221124,09:41:01,18471.00,150,8057200
20221124,09:41:02,18471.45,750,8057200
20221124,09:41:03,18472.75,4150,8057200
20221124,09:41:05,18471.10,350,8057200
20221124,09:41:06,18471.10,1750,8057200
20221124,09:41:07,18471.45,800,8057200
20221124,09:41:08,18471.10,500,8057200
20221124,09:41:09,18471.00,1000,8057200
20221124,09:41:10,18471.45,500,8057200
20221124,09:41:11,18471.25,200,8057200
20221124,09:41:11,18471.40,50,8057200
20221124,09:41:12,18471.30,400,8057200
20221124,09:41:13,18471.45,1150,8057200
20221124,09:41:14,18471.45,400,8057200
20221124,09:41:15,18471.40,1300,8057200
20221124,09:41:17,18471.30,2050,8057200
20221124,09:41:18,18471.45,1750,8057200
20221124,09:41:19,18473.25,1750,8057200
20221124,09:41:20,18471.45,250,8057200
20221124,09:41:21,18472.25,350,8057200
20221124,09:41:22,18471.00,1000,8057200
20221124,09:41:24,18472.20,550,8057200
20221124,09:41:25,18470.30,250,8057200
20221124,09:41:26,18472.55,200,8057200
20221124,09:41:27,18472.95,350,8057200
20221124,09:41:28,18472.20,850,8057200
20221124,09:41:30,18472.00,300,8057200
20221124,09:41:31,18472.35,750,8057200
20221124,09:41:31,18472.70,350,8057200
20221124,09:41:32,18472.50,150,8057200
20221124,09:41:33,18471.20,950,8057200
20221124,09:41:34,18472.25,450,8057200
20221124,09:41:36,18472.05,2350,8057200
20221124,09:41:37,18472.40,900,8057200
20221124,09:41:38,18472.20,100,8057200
20221124,09:41:39,18472.05,850,8057200
20221124,09:41:40,18472.45,2800,8057200
20221124,09:41:41,18472.40,300,8057200
20221124,09:41:42,18472.05,600,8057200
20221124,09:41:43,18472.00,1350,8057200
20221124,09:41:43,18472.00,300,8057200
20221124,09:41:44,18471.60,1700,8057200
20221124,09:41:45,18472.05,900,8057200
20221124,09:41:47,18470.05,1150,8057200
20221124,09:41:48,18471.05,200,8057200
20221124,09:41:49,18470.00,1750,8057200
20221124,09:41:50,18469.30,100,8057200
20221124,09:41:51,18470.00,300,8130600
20221124,09:41:52,18470.00,150,8130600
20221124,09:41:53,18470.00,250,8130600
20221124,09:41:54,18471.45,500,8130600
20221124,09:41:55,18469.95,400,8130600
20221124,09:41:56,18470.45,500,8130600
20221124,09:41:57,18471.90,200,8130600
20221124,09:41:58,18471.95,1750,8130600
20221124,09:41:59,18470.15,150,8130600
20221124,09:42:00,18470.00,300,8130600
20221124,09:42:01,18471.00,200,8130600
20221124,09:42:02,18471.80,2550,8130600
20221124,09:42:03,18472.00,350,8130600
20221124,09:42:04,18472.05,1550,8130600
20221124,09:42:05,18471.70,3250,8130600
20221124,09:42:06,18473.20,350,8130600
20221124,09:42:07,18472.95,50,8130600
20221124,09:42:08,18472.95,50,8130600
20221124,09:42:09,18472.00,450,8130600
20221124,09:42:10,18471.55,50,8130600
20221124,09:42:11,18470.75,600,8130600
20221124,09:42:12,18472.35,550,8130600
20221124,09:42:13,18472.15,800,8130600
20221124,09:42:14,18471.45,600,8130600
20221124,09:42:15,18471.80,350,8130600
20221124,09:42:17,18470.10,250,8130600
20221124,09:42:18,18470.75,800,8130600
20221124,09:42:19,18470.30,250,8130600
20221124,09:42:20,18470.10,250,8130600
20221124,09:42:21,18470.45,900,8130600
20221124,09:42:22,18469.95,50,8130600
20221124,09:42:23,18470.40,450,8130600
20221124,09:42:24,18470.95,50,8130600
20221124,09:42:25,18471.20,1150,8130600
20221124,09:42:26,18470.40,50,8130600
20221124,09:42:27,18470.35,200,8130600
20221124,09:42:28,18469.40,300,8130600
20221124,09:42:29,18470.70,1000,8130600
20221124,09:42:31,18470.65,350,8130600
20221124,09:42:32,18470.20,400,8130600
20221124,09:42:33,18470.65,150,8130600
20221124,09:42:33,18470.75,400,8130600
20221124,09:42:36,18469.60,250,8130600
20221124,09:42:37,18470.95,450,8130600
20221124,09:42:38,18470.20,50,8130600
20221124,09:42:39,18470.40,450,8130600
20221124,09:42:39,18470.50,1150,8130600
20221124,09:42:40,18470.75,3050,8130600
20221124,09:42:42,18471.60,700,8130600
20221124,09:42:43,18472.00,1250,8130600
20221124,09:42:44,18471.00,300,8130600
20221124,09:42:45,18471.75,300,8130600
20221124,09:42:45,18471.00,50,8130600
20221124,09:42:46,18471.95,550,8130600
20221124,09:42:48,18472.25,2150,8130600
20221124,09:42:49,18471.80,400,8130600
20221124,09:42:50,18471.75,150,8130600
20221124,09:42:50,18471.75,100,8130600
20221124,09:42:51,18471.95,200,8130600
20221124,09:42:52,18471.55,450,8130600
20221124,09:42:55,18471.40,1200,8130600
20221124,09:42:56,18470.50,100,8130600
20221124,09:42:57,18471.35,200,8130600
20221124,09:42:58,18471.35,100,8130600
20221124,09:42:59,18471.75,400,8130600
20221124,09:43:01,18471.05,400,8130600
20221124,09:43:02,18472.15,650,8130600
20221124,09:43:03,18472.00,250,8130600
20221124,09:43:03,18471.75,100,8130600
20221124,09:43:04,18471.85,150,8130600
20221124,09:43:05,18471.65,400,8130600
20221124,09:43:07,18470.90,650,8130600
20221124,09:43:08,18471.45,200,8130600
20221124,09:43:09,18471.45,200,8130600
20221124,09:43:10,18471.40,400,8130600
20221124,09:43:11,18471.15,300,8130600
20221124,09:43:13,18472.50,2400,8130600
20221124,09:43:14,18472.50,1750,8130600
20221124,09:43:15,18472.35,200,8130600
20221124,09:43:16,18473.90,3350,8130600
20221124,09:43:16,18473.05,50,8130600
20221124,09:43:17,18474.25,2300,8130600
20221124,09:43:19,18474.30,1000,8130600
20221124,09:43:20,18472.55,200,8130600
20221124,09:43:21,18474.35,900,8130600
20221124,09:43:22,18474.85,650,8130600
20221124,09:43:22,18473.05,50,8130600
20221124,09:43:23,18474.90,1950,8130600
20221124,09:43:25,18475.00,500,8130600
20221124,09:43:26,18475.00,5600,8130600
20221124,09:43:27,18475.00,1400,8130600
20221124,09:43:28,18475.05,700,8130600
20221124,09:43:29,18475.50,700,8130600
20221124,09:43:29,18475.65,1100,8130600
20221124,09:43:30,18475.65,1350,8130600
20221124,09:43:31,18475.00,700,8130600
20221124,09:43:33,18474.05,600,8130600
20221124,09:43:34,18475.40,1800,8130600
20221124,09:43:35,18475.00,250,8130600
20221124,09:43:36,18475.00,800,8130600
20221124,09:43:36,18475.00,100,8130600
20221124,09:43:37,18475.00,700,8130600
20221124,09:43:38,18475.90,2450,8130600
20221124,09:43:39,18475.90,400,8130600
20221124,09:43:40,18475.00,300,8130600
20221124,09:43:42,18475.65,100,8130600
20221124,09:43:43,18475.90,900,8130600
20221124,09:43:44,18475.70,350,8130600
20221124,09:43:45,18475.50,1300,8130600
20221124,09:43:46,18475.00,950,8130600
20221124,09:43:46,18475.00,500,8130600
20221124,09:43:47,18475.00,450,8130600
20221124,09:43:48,18473.25,500,8130600
20221124,09:43:50,18475.25,750,8130600
20221124,09:43:51,18474.85,400,8130600
20221124,09:43:52,18474.85,500,8130600
20221124,09:43:52,18474.85,100,8130600
20221124,09:43:53,18475.15,800,8130600
20221124,09:43:54,18474.80,350,8130600
20221124,09:43:56,18475.50,1000,8130600
20221124,09:43:57,18475.00,350,8130600
20221124,09:43:58,18476.45,2950,8130600
20221124,09:43:59,18476.55,850,8130600
20221124,09:44:00,18478.30,8350,8130600
20221124,09:44:01,18475.00,650,8130600
20221124,09:44:02,18478.65,3500,8130600
20221124,09:44:04,18479.40,5550,8130600
20221124,09:44:05,18475.90,400,8130600
20221124,09:44:06,18479.80,1150,8130600
20221124,09:44:06,18479.80,300,8130600
20221124,09:44:07,18478.50,650,8130600
20221124,09:44:09,18478.75,300,8130600
20221124,09:44:10,18479.00,300,8130600
20221124,09:44:11,18479.55,650,8130600
20221124,09:44:12,18479.80,200,8130600
20221124,09:44:13,18479.80,500,8130600
20221124,09:44:15,18480.00,1800,8130600
20221124,09:44:16,18480.00,400,8130600
20221124,09:44:17,18480.00,1450,8130600
20221124,09:44:18,18480.40,1400,8130600
20221124,09:44:19,18480.40,1950,8130600
20221124,09:44:21,18481.00,1100,8130600
20221124,09:44:22,18479.80,1300,8130600
20221124,09:44:23,18483.40,3000,8130600
20221124,09:44:24,18483.80,4100,8130600
20221124,09:44:24,18482.65,900,8130600
20221124,09:44:26,18483.85,1950,8130600
20221124,09:44:27,18480.50,1050,8130600
20221124,09:44:28,18482.15,600,8130600
20221124,09:44:29,18482.45,300,8130600
20221124,09:44:31,18482.95,1000,8130600
20221124,09:44:32,18483.70,950,8130600
20221124,09:44:33,18483.55,900,8130600
20221124,09:44:34,18481.20,850,8130600
20221124,09:44:35,18482.00,2200,8130600
20221124,09:44:35,18482.95,50,8130600
20221124,09:44:37,18481.05,1400,8130600
20221124,09:44:38,18482.10,650,8130600
20221124,09:44:39,18483.10,1300,8130600
20221124,09:44:40,18483.25,100,8130600
20221124,09:44:41,18481.70,1050,8130600
20221124,09:44:42,18482.25,300,8130600
20221124,09:44:43,18482.50,350,8130600
20221124,09:44:44,18482.20,350,8130600
20221124,09:44:45,18482.70,1100,8130600
20221124,09:44:46,18481.35,550,8130600
20221124,09:44:47,18481.20,50,8130600
20221124,09:44:48,18480.95,850,8130600
20221124,09:44:50,18480.75,100,8130600
20221124,09:44:51,18481.80,800,8130600
20221124,09:44:52,18481.70,800,8130600
20221124,09:44:53,18481.20,800,8227900
20221124,09:44:54,18481.45,500,8227900
20221124,09:44:54,18481.45,100,8227900
20221124,09:44:56,18481.00,100,8227900
20221124,09:44:57,18482.20,600,8227900
20221124,09:44:58,18482.30,150,8227900
20221124,09:44:59,18481.30,1100,8227900
20221124,09:44:59,18483.30,500,8227900
20221124,09:45:01,18484.30,4450,8227900
20221124,09:45:02,18484.75,3150,8227900
20221124,09:45:03,18484.20,3550,8227900
20221124,09:45:04,18483.75,1450,8227900
20221124,09:45:04,18484.25,250,8227900
20221124,09:45:06,18484.10,400,8227900
20221124,09:45:07,18484.35,1300,8227900
20221124,09:45:08,18484.85,1350,8227900
20221124,09:45:09,18485.00,7400,8227900
20221124,09:45:09,18484.25,100,8227900
20221124,09:45:11,18483.05,600,8227900
20221124,09:45:12,18483.75,550,8227900
20221124,09:45:13,18484.05,500,8227900
20221124,09:45:14,18483.55,900,8227900
20221124,09:45:14,18482.00,200,8227900
20221124,09:45:16,18483.55,2800,8227900
20221124,09:45:17,18482.95,850,8227900
20221124,09:45:18,18482.10,1100,8227900
20221124,09:45:19,18483.35,400,8227900
20221124,09:45:19,18483.35,50,8227900
20221124,09:45:21,18483.00,3600,8227900
20221124,09:45:22,18483.70,350,8227900
20221124,09:45:23,18483.00,4550,8227900
20221124,09:45:24,18483.00,900,8227900
20221124,09:45:25,18484.30,3550,8227900
20221124,09:45:26,18482.90,150,8227900
20221124,09:45:27,18483.80,650,8227900
20221124,09:45:28,18484.05,350,8227900
20221124,09:45:29,18484.35,650,8227900
20221124,09:45:30,18483.85,850,8227900
20221124,09:45:31,18485.20,1250,8227900
20221124,09:45:32,18483.85,650,8227900
20221124,09:45:33,18484.90,2450,8227900
20221124,09:45:34,18483.90,400,8227900
20221124,09:45:35,18483.90,200,8227900
20221124,09:45:36,18483.90,2350,8227900
20221124,09:45:36,18483.85,400,8227900
20221124,09:45:37,18484.70,150,8227900
20221124,09:45:39,18484.85,450,8227900
20221124,09:45:40,18484.80,2300,8227900
20221124,09:45:41,18484.95,800,8227900
20221124,09:45:42,18485.00,250,8227900
20221124,09:45:43,18484.70,300,8227900
20221124,09:45:44,18484.85,150,8227900
20221124,09:45:45,18486.00,3450,8227900
20221124,09:45:46,18486.00,1550,8227900
20221124,09:45:47,18486.65,2400,8227900
20221124,09:45:48,18486.65,50,8227900
20221124,09:45:49,18485.60,400,8227900
20221124,09:45:50,18484.90,900,8227900
20221124,09:45:51,18485.75,650,8227900
20221124,09:45:52,18485.75,550,8227900
20221124,09:45:53,18484.85,450,8227900
20221124,09:45:54,18484.70,550,8227900
20221124,09:45:55,18484.65,2250,8227900
20221124,09:45:56,18484.10,950,8227900
20221124,09:45:57,18484.65,950,8227900
20221124,09:45:58,18483.90,450,8227900
20221124,09:45:59,18483.90,2950,8227900
20221124,09:46:00,18483.70,100,8227900
20221124,09:46:01,18484.10,1150,8227900
20221124,09:46:02,18484.10,1850,8227900
20221124,09:46:02,18484.00,150,8227900
20221124,09:46:03,18483.10,400,8227900
20221124,09:46:04,18483.80,200,8227900
20221124,09:46:05,18483.90,350,8227900
20221124,09:46:06,18484.45,1250,8227900
20221124,09:46:07,18483.25,600,8227900
20221124,09:46:08,18483.85,500,8227900
20221124,09:46:09,18483.30,3000,8227900
20221124,09:46:10,18483.30,2750,8227900
20221124,09:46:11,18482.80,200,8227900
20221124,09:46:13,18483.20,250,8227900
20221124,09:46:14,18482.35,150,8227900
20221124,09:46:15,18483.25,300,8227900
20221124,09:46:16,18483.25,400,8227900
20221124,09:46:17,18482.80,100,8227900
20221124,09:46:18,18482.85,25750,8227900
20221124,09:46:19,18482.40,1150,8227900
20221124,09:46:20,18483.00,1850,8227900
20221124,09:46:21,18483.45,600,8227900
20221124,09:46:22,18482.80,300,8227900
20221124,09:46:23,18482.80,450,8227900
20221124,09:46:24,18483.90,700,8227900
20221124,09:46:25,18483.80,2050,8227900
20221124,09:46:26,18483.25,2200,8227900
20221124,09:46:27,18483.40,500,8227900
20221124,09:46:28,18485.00,1150,8227900
20221124,09:46:29,18483.95,400,8227900
20221124,09:46:30,18484.45,550,8227900
20221124,09:46:31,18484.50,500,8227900
20221124,09:46:32,18485.25,1350,8227900
20221124,09:46:33,18484.40,600,8227900
20221124,09:46:34,18484.40,2500,8227900
20221124,09:46:35,18485.60,1900,8227900
20221124,09:46:36,18484.20,1100,8227900
20221124,09:46:37,18483.60,700,8227900
20221124,09:46:38,18483.35,150,8227900
20221124,09:46:39,18483.95,500,8227900
20221124,09:46:40,18484.15,600,8227900
20221124,09:46:41,18483.20,150,8227900
20221124,09:46:42,18483.35,50,8227900
20221124,09:46:43,18482.90,1450,8227900
20221124,09:46:44,18483.80,250,8227900
20221124,09:46:45,18484.00,350,8227900
20221124,09:46:46,18484.30,150,8227900
20221124,09:46:47,18483.40,150,8227900
20221124,09:46:48,18483.40,200,8227900
20221124,09:46:49,18484.50,1750,8227900
20221124,09:46:50,18483.90,450,8227900
20221124,09:46:51,18483.80,800,8227900
20221124,09:46:52,18483.60,750,8227900
20221124,09:46:53,18483.00,1600,8227900
20221124,09:46:54,18483.30,450,8227900
20221124,09:46:55,18482.45,400,8227900
20221124,09:46:56,18482.15,2350,8227900
20221124,09:46:57,18483.05,350,8227900
20221124,09:46:58,18483.40,850,8227900
20221124,09:46:59,18483.20,1900,8227900
20221124,09:47:00,18484.00,1800,8227900
20221124,09:47:01,18484.50,1450,8227900
20221124,09:47:02,18484.90,3350,8227900
20221124,09:47:03,18484.95,1250,8227900
20221124,09:47:04,18484.65,900,8227900
20221124,09:47:05,18484.35,1250,8227900
20221124,09:47:07,18483.60,1000,8227900
20221124,09:47:08,18483.10,950,8227900
20221124,09:47:09,18483.00,500,8227900
20221124,09:47:10,18483.20,650,8227900
20221124,09:47:11,18483.35,700,8227900
20221124,09:47:12,18483.45,100,8227900
20221124,09:47:13,18483.90,1250,8227900
20221124,09:47:14,18483.30,1200,8227900
20221124,09:47:15,18483.10,2150,8227900
20221124,09:47:16,18484.15,100,8227900
20221124,09:47:17,18483.00,250,8227900
20221124,09:47:19,18483.05,450,8227900
20221124,09:47:20,18483.00,1800,8227900
20221124,09:47:21,18482.55,750,8227900
20221124,09:47:22,18482.80,400,8227900
20221124,09:47:23,18482.60,600,8227900
20221124,09:47:24,18482.60,100,8227900
20221124,09:47:25,18483.00,750,8227900
20221124,09:47:26,18482.60,2300,8227900
20221124,09:47:27,18483.75,1400,8227900
20221124,09:47:28,18484.10,550,8227900
20221124,09:47:29,18483.85,1350,8227900
20221124,09:47:30,18483.10,200,8227900
20221124,09:47:31,18482.60,650,8227900
20221124,09:47:32,18482.25,1400,8227900
20221124,09:47:33,18484.00,650,8227900
20221124,09:47:34,18484.00,8100,8227900
20221124,09:47:35,18483.65,150,8227900
20221124,09:47:37,18483.70,950,8227900
20221124,09:47:38,18484.80,1050,8227900
20221124,09:47:39,18484.10,1000,8227900
20221124,09:47:40,18484.00,250,8227900
20221124,09:47:41,18484.00,400,8227900
20221124,09:47:42,18484.00,700,8227900
20221124,09:47:43,18483.65,1450,8227900
20221124,09:47:44,18483.60,650,8227900
20221124,09:47:45,18483.95,300,8227900
20221124,09:47:46,18483.50,800,8227900
20221124,09:47:48,18483.65,1300,8227900
20221124,09:47:49,18484.00,550,8354100
20221124,09:47:50,18483.85,400,8354100
20221124,09:47:51,18484.10,450,8354100
20221124,09:47:52,18483.90,100,8354100
20221124,09:47:53,18483.60,250,8354100
20221124,09:47:54,18483.70,300,8354100
20221124,09:47:55,18483.75,400,8354100
20221124,09:47:56,18485.00,1500,8354100
20221124,09:47:57,18487.50,6250,8354100
20221124,09:47:58,18484.05,1850,8354100
20221124,09:47:59,18487.20,650,8354100
20221124,09:48:00,18484.60,850,8354100
20221124,09:48:01,18485.60,700,8354100
20221124,09:48:02,18485.60,50,8354100
20221124,09:48:03,18485.10,1000,8354100
20221124,09:48:04,18486.00,1050,8354100
20221124,09:48:05,18485.35,500,8354100
20221124,09:48:06,18485.75,350,8354100
20221124,09:48:07,18486.00,550,8354100
20221124,09:48:08,18485.60,300,8354100
20221124,09:48:09,18485.60,150,8354100
20221124,09:48:10,18484.15,350,8354100
20221124,09:48:11,18486.70,150,8354100
20221124,09:48:12,18485.55,650,8354100
20221124,09:48:13,18485.50,450,8354100
20221124,09:48:14,18487.50,350,8354100
20221124,09:48:15,18485.70,750,8354100
20221124,09:48:16,18486.00,400,8354100
20221124,09:48:17,18486.70,1350,8354100
20221124,09:48:18,18485.60,150,8354100
20221124,09:48:19,18486.30,1950,8354100
20221124,09:48:20,18486.00,400,8354100
20221124,09:48:21,18487.95,600,8354100
20221124,09:48:22,18487.95,600,8354100
20221124,09:48:23,18488.00,3250,8354100
20221124,09:48:24,18486.00,1400,8354100
20221124,09:48:25,18487.20,1150,8354100
20221124,09:48:26,18488.00,1850,8354100
20221124,09:48:27,18486.10,50,8354100
20221124,09:48:28,18488.05,1400,8354100
20221124,09:48:29,18490.15,8300,8354100
20221124,09:48:30,18487.60,250,8354100
20221124,09:48:31,18488.95,2850,8354100
20221124,09:48:32,18487.60,200,8354100
20221124,09:48:33,18487.60,50,8354100
20221124,09:48:34,18486.00,3350,8354100
20221124,09:48:35,18487.90,500,8354100
20221124,09:48:36,18486.60,150,8354100
20221124,09:48:37,18488.25,150,8354100
20221124,09:48:38,18487.25,50,8354100
20221124,09:48:39,18488.10,1050,8354100
20221124,09:48:40,18487.95,600,8354100
20221124,09:48:41,18487.25,700,8354100
20221124,09:48:43,18487.05,50,8354100
20221124,09:48:44,18487.00,250,8354100
20221124,09:48:45,18486.95,150,8354100
20221124,09:48:46,18485.00,800,8354100
20221124,09:48:47,18485.60,850,8354100
20221124,09:48:48,18486.40,250,8354100
20221124,09:48:49,18486.00,600,8354100
20221124,09:48:50,18485.30,1000,8354100
20221124,09:48:51,18484.50,1750,8354100
20221124,09:48:52,18485.50,1550,8354100
20221124,09:48:53,18485.00,500,8354100
20221124,09:48:54,18484.60,850,8354100
20221124,09:48:55,18484.65,250,8354100
20221124,09:48:56,18485.60,1700,8354100
20221124,09:48:58,18485.95,300,8354100
20221124,09:48:59,18485.40,150,8354100
20221124,09:49:00,18485.60,1850,8354100
20221124,09:49:01,18486.55,700,8354100
20221124,09:49:02,18486.60,700,8354100
20221124,09:49:04,18486.95,250,8354100
20221124,09:49:05,18486.55,1400,8354100
20221124,09:49:06,18486.50,300,8354100
20221124,09:49:07,18486.45,200,8354100
20221124,09:49:08,18486.50,200,8354100
20221124,09:49:10,18486.50,250,8354100
20221124,09:49:10,18486.45,50,8354100
20221124,09:49:11,18486.50,450,8354100
20221124,09:49:12,18486.65,850,8354100
20221124,09:49:13,18487.00,250,8354100
20221124,09:49:14,18486.60,400,8354100
20221124,09:49:16,18486.95,150,8354100
20221124,09:49:16,18486.65,150,8354100
20221124,09:49:17,18486.95,850,8354100
20221124,09:49:18,18487.00,500,8354100
20221124,09:49:19,18486.90,500,8354100
20221124,09:49:20,18486.60,50,8354100
20221124,09:49:22,18486.70,700,8354100
20221124,09:49:22,18486.60,50,8354100
20221124,09:49:23,18486.25,400,8354100
20221124,09:49:24,18486.25,450,8354100
20221124,09:49:25,18486.10,150,8354100
20221124,09:49:27,18485.60,2400,8354100
20221124,09:49:27,18485.50,50,8354100
20221124,09:49:28,18485.50,250,8354100
20221124,09:49:29,18485.10,250,8354100
20221124,09:49:30,18485.10,800,8354100
20221124,09:49:31,18486.00,900,8354100
20221124,09:49:32,18486.10,1300,8354100
20221124,09:49:34,18486.15,300,8354100
20221124,09:49:35,18486.10,300,8354100
20221124,09:49:36,18485.10,600,8354100
20221124,09:49:37,18485.80,1050,8354100
20221124,09:49:38,18485.50,1900,8354100
20221124,09:49:40,18485.10,350,8354100
20221124,09:49:40,18485.00,1650,8354100
20221124,09:49:41,18484.30,350,8354100
20221124,09:49:42,18483.00,850,8354100
20221124,09:49:43,18483.60,750,8354100
20221124,09:49:44,18484.85,1000,8354100
20221124,09:49:46,18484.10,400,8354100
20221124,09:49:46,18484.10,100,8354100
20221124,09:49:47,18483.60,400,8354100
20221124,09:49:48,18483.10,650,8354100
20221124,09:49:49,18483.10,450,8354100
20221124,09:49:51,18483.00,250,8354100
20221124,09:49:51,18482.10,100,8354100
20221124,09:49:52,18483.00,150,8354100
20221124,09:49:53,18482.00,1000,8354100
20221124,09:49:54,18482.85,350,8354100
20221124,09:49:55,18482.10,1200,8354100
20221124,09:49:56,18482.10,400,8354100
20221124,09:49:58,18481.40,600,8354100
20221124,09:49:58,18481.35,50,8354100
20221124,09:49:59,18481.45,400,8354100
20221124,09:50:00,18481.70,350,8354100
20221124,09:50:01,18481.95,950,8354100
20221124,09:50:03,18481.60,1000,8354100
20221124,09:50:03,18482.00,150,8354100
20221124,09:50:04,18482.85,800,8354100
20221124,09:50:05,18482.90,650,8354100
20221124,09:50:06,18483.90,950,8354100
20221124,09:50:07,18483.10,750,8354100
20221124,09:50:09,18483.90,900,8354100
20221124,09:50:09,18483.60,100,8354100
20221124,09:50:10,18484.00,1000,8354100
20221124,09:50:11,18484.00,1100,8354100
20221124,09:50:12,18484.00,1050,8354100
20221124,09:50:13,18484.00,350,8354100
20221124,09:50:15,18483.95,300,8354100
20221124,09:50:15,18483.90,1400,8354100
20221124,09:50:16,18483.10,1650,8354100
20221124,09:50:17,18483.75,500,8354100
20221124,09:50:18,18484.40,3750,8354100
20221124,09:50:19,18483.80,50,8354100
20221124,09:50:21,18483.00,1300,8354100
20221124,09:50:22,18484.00,550,8354100
20221124,09:50:23,18483.60,500,8354100
20221124,09:50:24,18483.60,300,8354100
20221124,09:50:25,18482.85,1350,8354100
20221124,09:50:27,18482.80,1200,8354100
20221124,09:50:27,18482.10,150,8354100
20221124,09:50:28,18482.05,1200,8354100
20221124,09:50:29,18482.65,600,8354100
20221124,09:50:30,18482.10,850,8354100
20221124,09:50:33,18481.95,1100,8354100
20221124,09:50:33,18481.95,50,8354100
20221124,09:50:34,18480.90,2350,8354100
20221124,09:50:35,18480.65,1950,8354100
20221124,09:50:36,18481.10,450,8354100
20221124,09:50:37,18481.10,350,8354100
20221124,09:50:39,18481.10,200,8354100
20221124,09:50:39,18481.40,250,8354100
20221124,09:50:40,18482.20,250,8354100
20221124,09:50:41,18482.20,150,8354100
20221124,09:50:42,18481.60,250,8354100
20221124,09:50:43,18481.95,550,8354100
20221124,09:50:44,18481.10,100,8354100
20221124,09:50:46,18481.80,100,8354100
20221124,09:50:47,18481.95,1450,8354100
20221124,09:50:48,18483.05,3100,8354100
20221124,09:50:49,18483.05,950,8354100
20221124,09:50:51,18483.10,500,8426200
20221124,09:50:51,18483.10,200,8426200
20221124,09:50:52,18482.00,450,8426200
20221124,09:50:53,18483.00,50,8426200
20221124,09:50:54,18483.10,2200,8426200
20221124,09:50:55,18482.75,200,8426200
20221124,09:50:58,18482.80,100,8426200
20221124,09:50:59,18482.15,200,8426200
20221124,09:50:59,18482.75,100,8426200
20221124,09:51:00,18484.45,1050,8426200
20221124,09:51:01,18484.10,300,8426200
20221124,09:51:02,18484.65,200,8426200
20221124,09:51:04,18484.95,2350,8426200
20221124,09:51:05,18483.60,200,8426200
20221124,09:51:05,18483.60,100,8426200
20221124,09:51:06,18483.60,200,8426200
20221124,09:51:07,18483.55,700,8426200
20221124,09:51:08,18484.40,350,8426200
20221124,09:51:09,18484.00,150,8426200
20221124,09:51:11,18483.10,1050,8426200
20221124,09:51:12,18483.55,2050,8426200
20221124,09:51:13,18484.05,1700,8426200
20221124,09:51:14,18482.00,700,8426200
20221124,09:51:15,18482.60,350,8426200
20221124,09:51:16,18483.05,650,8426200
20221124,09:51:17,18481.40,950,8426200
20221124,09:51:19,18482.20,350,8426200
20221124,09:51:20,18481.60,600,8426200
20221124,09:51:20,18482.50,400,8426200
20221124,09:51:22,18482.00,500,8426200
20221124,09:51:23,18482.05,250,8426200
20221124,09:51:25,18483.15,500,8426200
20221124,09:51:26,18482.70,350,8426200
20221124,09:51:27,18482.05,1850,8426200
20221124,09:51:27,18482.05,50,8426200
20221124,09:51:28,18481.60,250,8426200
20221124,09:51:29,18482.20,600,8426200
20221124,09:51:30,18482.55,300,8426200
20221124,09:51:32,18481.50,400,8426200
20221124,09:51:33,18482.95,750,8426200
20221124,09:51:33,18483.55,250,8426200
20221124,09:51:34,18483.20,300,8426200
20221124,09:51:35,18483.20,500,8426200
20221124,09:51:37,18482.85,950,8426200
20221124,09:51:38,18483.35,1450,8426200
20221124,09:51:38,18484.05,200,8426200
20221124,09:51:39,18483.05,1950,8426200
20221124,09:51:40,18483.65,550,8426200
20221124,09:51:42,18483.05,600,8426200
20221124,09:51:43,18484.20,850,8426200
20221124,09:51:44,18484.10,700,8426200
20221124,09:51:45,18484.15,250,8426200
20221124,09:51:46,18484.05,1550,8426200
20221124,09:51:47,18483.60,2000,8426200
20221124,09:51:49,18481.45,400,8426200
20221124,09:51:50,18483.20,550,8426200
20221124,09:51:51,18483.60,650,8426200
20221124,09:51:52,18483.60,350,8426200
20221124,09:51:53,18483.75,100,8426200
20221124,09:51:55,18483.75,200,8426200
20221124,09:51:56,18483.05,1600,8426200
20221124,09:51:57,18483.90,150,8426200
20221124,09:51:58,18484.00,550,8426200
20221124,09:51:59,18484.00,150,8426200
20221124,09:52:01,18483.90,900,8426200
20221124,09:52:02,18484.20,800,8426200
20221124,09:52:02,18484.65,800,8426200
20221124,09:52:03,18485.00,2750,8426200
20221124,09:52:04,18485.20,2700,8426200
20221124,09:52:05,18485.55,2050,8426200
20221124,09:52:07,18486.55,1800,8426200
20221124,09:52:08,18486.35,700,8426200
20221124,09:52:08,18486.25,1000,8426200
20221124,09:52:09,18486.25,550,8426200
20221124,09:52:10,18486.30,300,8426200
20221124,09:52:11,18487.00,2250,8426200
20221124,09:52:12,18486.75,450,8426200
20221124,09:52:14,18486.65,500,8426200
20221124,09:52:15,18487.10,1450,8426200
20221124,09:52:15,18486.90,200,8426200
20221124,09:52:16,18486.45,150,8426200
20221124,09:52:17,18486.80,300,8426200
20221124,09:52:18,18487.10,300,8426200
20221124,09:52:20,18487.30,600,8426200
20221124,09:52:21,18486.80,3000,8426200
20221124,09:52:22,18486.70,2500,8426200
20221124,09:52:22,18486.90,200,8426200
20221124,09:52:23,18487.10,350,8426200
20221124,09:52:24,18486.75,450,8426200
20221124,09:52:25,18487.00,750,8426200
20221124,09:52:27,18487.15,450,8426200
20221124,09:52:28,18486.95,800,8426200
20221124,09:52:29,18486.90,550,8426200
20221124,09:52:29,18486.95,50,8426200
20221124,09:52:30,18487.40,800,8426200
20221124,09:52:31,18487.05,800,8426200
20221124,09:52:33,18487.05,800,8426200
20221124,09:52:35,18486.85,300,8426200
20221124,09:52:36,18487.15,550,8426200
20221124,09:52:36,18487.00,600,8426200
20221124,09:52:37,18486.45,1750,8426200
20221124,09:52:38,18485.70,650,8426200
20221124,09:52:39,18486.65,450,8426200
20221124,09:52:40,18487.00,2000,8426200
20221124,09:52:42,18487.20,3000,8426200
20221124,09:52:43,18486.25,1150,8426200
20221124,09:52:44,18487.00,2050,8426200
20221124,09:52:45,18487.25,3100,8426200
20221124,09:52:47,18486.25,1250,8426200
20221124,09:52:48,18486.95,2350,8426200
20221124,09:52:49,18487.25,1350,8426200
20221124,09:52:50,18487.25,1800,8426200
20221124,09:52:51,18487.85,2350,8426200
20221124,09:52:53,18487.00,2000,8426200
20221124,09:52:54,18487.70,500,8426200
20221124,09:52:54,18487.15,400,8426200
20221124,09:52:55,18487.00,500,8426200
20221124,09:52:56,18487.10,1150,8426200
20221124,09:52:57,18486.95,650,8426200
20221124,09:52:58,18486.95,3550,8426200
20221124,09:53:00,18487.50,1350,8426200
20221124,09:53:01,18487.20,1000,8426200
20221124,09:53:01,18486.95,200,8426200
20221124,09:53:02,18486.00,750,8426200
20221124,09:53:03,18486.25,450,8426200
20221124,09:53:05,18486.50,1350,8426200
20221124,09:53:06,18486.80,150,8426200
20221124,09:53:06,18486.75,150,8426200
20221124,09:53:07,18485.85,1400,8426200
20221124,09:53:08,18487.70,2650,8426200
20221124,09:53:10,18487.10,1100,8426200
20221124,09:53:11,18487.50,1550,8426200
20221124,09:53:12,18487.90,1200,8426200
20221124,09:53:13,18488.15,850,8426200
20221124,09:53:14,18487.60,150,8426200
20221124,09:53:15,18488.25,1150,8426200
20221124,09:53:17,18486.80,750,8426200
20221124,09:53:18,18486.85,600,8426200
20221124,09:53:18,18487.25,250,8426200
20221124,09:53:19,18485.95,600,8426200
20221124,09:53:21,18485.75,150,8426200
20221124,09:53:22,18486.40,350,8426200
20221124,09:53:23,18486.10,50,8426200
20221124,09:53:23,18485.95,250,8426200
20221124,09:53:24,18485.55,250,8426200
20221124,09:53:25,18485.40,300,8426200
20221124,09:53:27,18486.10,400,8426200
20221124,09:53:28,18485.85,600,8426200
20221124,09:53:29,18486.20,400,8426200
20221124,09:53:30,18486.95,150,8426200
20221124,09:53:31,18487.25,300,8426200
20221124,09:53:33,18486.30,50,8426200
20221124,09:53:34,18487.60,500,8426200
20221124,09:53:35,18486.50,600,8426200
20221124,09:53:35,18486.30,50,8426200
20221124,09:53:36,18486.30,450,8426200
20221124,09:53:37,18486.50,450,8426200
20221124,09:53:39,18485.95,750,8426200
20221124,09:53:40,18486.00,150,8426200
20221124,09:53:41,18486.25,750,8426200
20221124,09:53:43,18485.85,2400,8426200
20221124,09:53:44,18486.05,300,8426200
20221124,09:53:45,18485.85,300,8426200
20221124,09:53:46,18485.55,250,8426200
20221124,09:53:47,18485.60,50,8426200
20221124,09:53:48,18485.60,250,8426200
20221124,09:53:50,18485.95,800,8426200
20221124,09:53:51,18486.30,600,8506650
20221124,09:53:52,18486.00,650,8506650
20221124,09:53:53,18486.25,100,8506650
20221124,09:53:54,18486.45,650,8506650
20221124,09:53:56,18486.30,1400,8506650
20221124,09:53:57,18486.40,400,8506650
20221124,09:53:58,18486.25,1350,8506650
20221124,09:53:59,18486.80,1200,8506650
20221124,09:53:59,18486.05,350,8506650
20221124,09:54:00,18487.55,1200,8506650
20221124,09:54:02,18487.10,1000,8506650
20221124,09:54:03,18486.90,2550,8506650
20221124,09:54:04,18487.75,1950,8506650
20221124,09:54:05,18486.50,1350,8506650
20221124,09:54:06,18488.00,1000,8506650
20221124,09:54:07,18488.15,500,8506650
20221124,09:54:09,18488.15,1000,8506650
20221124,09:54:10,18487.80,2200,8506650
20221124,09:54:11,18487.65,50,8506650
20221124,09:54:11,18487.65,100,8506650
20221124,09:54:12,18487.70,700,8506650
20221124,09:54:13,18487.00,400,8506650
20221124,09:54:15,18488.00,1650,8506650
20221124,09:54:16,18488.40,2650,8506650
20221124,09:54:17,18488.20,1250,8506650
20221124,09:54:18,18488.00,900,8506650
20221124,09:54:18,18488.00,50,8506650
20221124,09:54:19,18488.35,1200,8506650
20221124,09:54:21,18488.35,600,8506650
20221124,09:54:22,18488.00,250,8506650
20221124,09:54:23,18488.45,950,8506650
20221124,09:54:24,18488.05,400,8506650
20221124,09:54:25,18488.15,950,8506650
20221124,09:54:26,18488.05,700,8506650
20221124,09:54:28,18488.50,1450,8506650
20221124,09:54:29,18488.05,150,8506650
20221124,09:54:30,18488.00,1200,8506650
20221124,09:54:31,18488.15,600,8506650
20221124,09:54:31,18487.50,200,8506650
20221124,09:54:32,18487.85,450,8506650
20221124,09:54:33,18487.45,1250,8506650
20221124,09:54:35,18487.40,100,8506650
20221124,09:54:36,18487.05,200,8506650
20221124,09:54:37,18487.00,1750,8506650
20221124,09:54:37,18487.10,50,8506650
20221124,09:54:38,18487.00,50,8506650
20221124,09:54:39,18487.10,100,8506650
20221124,09:54:40,18487.75,1150,8506650
20221124,09:54:42,18488.15,250,8506650
20221124,09:54:43,18487.10,900,8506650
20221124,09:54:44,18486.50,100,8506650
20221124,09:54:45,18487.50,650,8506650
20221124,09:54:45,18487.65,250,8506650
20221124,09:54:46,18488.20,650,8506650
20221124,09:54:48,18487.65,450,8506650
20221124,09:54:49,18487.70,150,8506650
20221124,09:54:50,18488.00,250,8506650
20221124,09:54:51,18486.50,200,8506650
20221124,09:54:52,18487.85,150,8506650
20221124,09:54:54,18486.65,100,8506650
20221124,09:54:55,18488.00,650,8506650
20221124,09:54:56,18488.00,350,8506650
20221124,09:54:57,18489.00,150,8506650
20221124,09:55:00,18488.00,2050,8506650
20221124,09:55:01,18490.00,850,8506650
20221124,09:55:02,18489.00,2700,8506650
20221124,09:55:03,18489.95,1050,8506650
20221124,09:55:05,18491.00,2150,8506650
20221124,09:55:06,18491.00,400,8506650
20221124,09:55:07,18490.15,450,8506650
20221124,09:55:07,18489.80,100,8506650
20221124,09:55:08,18489.90,750,8506650
20221124,09:55:10,18490.30,350,8506650
20221124,09:55:11,18490.25,850,8506650
20221124,09:55:12,18490.15,350,8506650
20221124,09:55:13,18489.80,200,8506650
20221124,09:55:13,18490.30,1050,8506650
20221124,09:55:14,18490.00,850,8506650
20221124,09:55:16,18490.50,1250,8506650
20221124,09:55:17,18489.80,600,8506650
20221124,09:55:18,18489.95,850,8506650
20221124,09:55:19,18488.50,400,8506650
20221124,09:55:21,18488.20,700,8506650
20221124,09:55:22,18489.60,350,8506650
20221124,09:55:23,18489.95,850,8506650
20221124,09:55:24,18490.05,500,8506650
20221124,09:55:25,18489.85,250,8506650
20221124,09:55:27,18489.80,100,8506650
20221124,09:55:28,18490.05,100,8506650
20221124,09:55:29,18488.65,3300,8506650
20221124,09:55:31,18488.80,1100,8506650
20221124,09:55:32,18489.80,1100,8506650
20221124,09:55:33,18490.00,950,8506650
20221124,09:55:34,18490.00,1100,8506650
20221124,09:55:36,18488.75,600,8506650
20221124,09:55:37,18489.85,200,8506650
20221124,09:55:38,18488.95,200,8506650
20221124,09:55:39,18489.05,2000,8506650
20221124,09:55:40,18489.20,100,8506650
20221124,09:55:40,18489.45,100,8506650
20221124,09:55:42,18489.70,600,8506650
20221124,09:55:43,18489.90,150,8506650
20221124,09:55:44,18490.00,500,8506650
20221124,09:55:45,18489.95,700,8506650
20221124,09:55:45,18489.00,200,8506650
20221124,09:55:46,18490.05,1250,8506650
20221124,09:55:48,18490.25,150,8506650
20221124,09:55:49,18490.00,950,8506650
20221124,09:55:50,18490.70,150,8506650
20221124,09:55:51,18490.70,350,8506650
20221124,09:55:51,18490.95,150,8506650
20221124,09:55:52,18490.95,350,8506650
20221124,09:55:54,18491.00,700,8506650
20221124,09:55:55,18491.00,1650,8506650
20221124,09:55:56,18491.20,200,8506650
20221124,09:55:57,18491.35,250,8506650
20221124,09:55:58,18491.30,200,8506650
20221124,09:55:58,18491.35,50,8506650
20221124,09:56:00,18491.40,550,8506650
20221124,09:56:01,18491.90,700,8506650
20221124,09:56:02,18491.90,450,8506650
20221124,09:56:03,18492.00,550,8506650
20221124,09:56:04,18492.80,1000,8506650
20221124,09:56:05,18492.95,100,8506650
20221124,09:56:06,18493.25,550,8506650
20221124,09:56:07,18493.25,350,8506650
20221124,09:56:08,18493.25,400,8506650
20221124,09:56:09,18493.25,650,8506650
20221124,09:56:10,18494.00,750,8506650
20221124,09:56:11,18493.30,350,8506650
20221124,09:56:12,18494.00,5250,8506650
20221124,09:56:13,18493.50,150,8506650
20221124,09:56:14,18494.20,1300,8506650
20221124,09:56:15,18494.20,750,8506650
20221124,09:56:16,18492.65,100,8506650
20221124,09:56:17,18492.70,700,8506650
20221124,09:56:18,18493.70,450,8506650
20221124,09:56:19,18493.25,50,8506650
20221124,09:56:20,18493.50,900,8506650
20221124,09:56:21,18493.95,250,8506650
20221124,09:56:22,18493.05,200,8506650
20221124,09:56:23,18493.05,650,8506650
20221124,09:56:23,18493.05,150,8506650
20221124,09:56:24,18494.00,400,8506650
20221124,09:56:26,18494.45,450,8506650
20221124,09:56:27,18494.45,1650,8506650
20221124,09:56:28,18493.05,1250,8506650
20221124,09:56:29,18493.50,200,8506650
20221124,09:56:29,18493.00,100,8506650
20221124,09:56:30,18494.05,1450,8506650
20221124,09:56:32,18494.30,1850,8506650
20221124,09:56:33,18492.25,350,8506650
20221124,09:56:34,18493.25,450,8506650
20221124,09:56:35,18494.00,600,8506650
20221124,09:56:36,18493.95,850,8506650
20221124,09:56:37,18493.55,300,8506650
20221124,09:56:38,18493.60,450,8506650
20221124,09:56:38,18493.95,100,8506650
20221124,09:56:39,18493.00,2150,8506650
20221124,09:56:41,18493.95,1400,8506650
20221124,09:56:42,18494.00,450,8506650
20221124,09:56:43,18494.00,900,8506650
20221124,09:56:44,18494.05,600,8506650
20221124,09:56:45,18493.10,500,8506650
20221124,09:56:46,18494.05,350,8506650
20221124,09:56:46,18493.25,1600,8506650
20221124,09:56:48,18493.95,200,8506650
20221124,09:56:49,18494.05,350,8506650
20221124,09:56:51,18493.90,1150,8569000
20221124,09:56:52,18494.25,650,8569000
20221124,09:56:53,18493.95,900,8569000
20221124,09:56:54,18494.00,2150,8569000
20221124,09:56:54,18494.60,800,8569000
20221124,09:56:55,18494.60,100,8569000
20221124,09:56:57,18494.10,950,8569000
20221124,09:56:58,18494.70,1250,8569000
20221124,09:56:59,18494.65,1050,8569000
20221124,09:57:00,18494.65,100,8569000
20221124,09:57:01,18494.50,400,8569000
20221124,09:57:01,18494.55,250,8569000
20221124,09:57:02,18494.05,350,8569000
20221124,09:57:04,18494.50,400,8569000
20221124,09:57:05,18494.50,350,8569000
20221124,09:57:06,18494.55,500,8569000
20221124,09:57:07,18494.55,150,8569000
20221124,09:57:08,18494.55,400,8569000
20221124,09:57:09,18494.05,50,8569000
20221124,09:57:10,18494.65,500,8569000
20221124,09:57:12,18494.65,450,8569000
20221124,09:57:13,18494.25,1400,8569000
20221124,09:57:14,18494.25,850,8569000
20221124,09:57:15,18494.00,150,8569000
20221124,09:57:16,18494.25,250,8569000
20221124,09:57:17,18494.55,600,8569000
20221124,09:57:17,18494.05,50,8569000
20221124,09:57:18,18494.55,300,8569000
20221124,09:57:20,18494.65,200,8569000
20221124,09:57:21,18494.70,250,8569000
20221124,09:57:22,18494.80,350,8569000
20221124,09:57:23,18494.95,350,8569000
20221124,09:57:24,18494.95,1100,8569000
20221124,09:57:25,18494.60,350,8569000
20221124,09:57:26,18493.70,2100,8569000
20221124,09:57:26,18494.25,150,8569000
20221124,09:57:27,18494.20,300,8569000
20221124,09:57:29,18493.90,1950,8569000
20221124,09:57:30,18494.05,3300,8569000
20221124,09:57:31,18493.20,800,8569000
20221124,09:57:32,18493.25,550,8569000
20221124,09:57:33,18494.45,650,8569000
20221124,09:57:34,18493.25,1750,8569000
20221124,09:57:35,18493.20,350,8569000
20221124,09:57:35,18493.60,350,8569000
20221124,09:57:36,18494.00,600,8569000
20221124,09:57:38,18493.70,700,8569000
20221124,09:57:39,18494.20,1000,8569000
20221124,09:57:40,18494.20,500,8569000
20221124,09:57:41,18494.90,250,8569000
20221124,09:57:42,18495.00,4300,8569000
20221124,09:57:43,18494.95,750,8569000
20221124,09:57:43,18494.95,150,8569000
20221124,09:57:45,18494.90,2000,8569000
20221124,09:57:46,18494.90,550,8569000
20221124,09:57:47,18494.95,650,8569000
20221124,09:57:48,18495.00,150,8569000
20221124,09:57:49,18495.00,400,8569000
20221124,09:57:50,18495.20,150,8569000
20221124,09:57:51,18495.20,300,8569000
20221124,09:57:52,18494.70,150,8569000
20221124,09:57:53,18494.70,300,8569000
20221124,09:57:55,18494.60,750,8569000
20221124,09:57:56,18495.00,1000,8569000
20221124,09:57:57,18494.20,550,8569000
20221124,09:57:58,18494.70,350,8569000
20221124,09:57:59,18495.80,3550,8569000
20221124,09:58:00,18495.80,250,8569000
20221124,09:58:01,18495.50,600,8569000
20221124,09:58:02,18495.10,750,8569000
20221124,09:58:03,18495.80,2600,8569000
20221124,09:58:04,18494.65,400,8569000
20221124,09:58:05,18495.60,300,8569000
20221124,09:58:06,18495.00,350,8569000
20221124,09:58:07,18495.70,1000,8569000
20221124,09:58:08,18494.60,800,8569000
20221124,09:58:10,18495.70,550,8569000
20221124,09:58:11,18495.05,600,8569000
20221124,09:58:12,18495.15,150,8569000
20221124,09:58:13,18495.00,500,8569000
20221124,09:58:14,18495.00,1450,8569000
20221124,09:58:15,18494.95,200,8569000
20221124,09:58:16,18494.85,550,8569000
20221124,09:58:17,18494.50,700,8569000
20221124,09:58:18,18494.00,1250,8569000
20221124,09:58:19,18494.95,1750,8569000
20221124,09:58:20,18494.65,250,8569000
20221124,09:58:21,18494.80,450,8569000
20221124,09:58:22,18494.60,700,8569000
20221124,09:58:23,18494.70,150,8569000
20221124,09:58:24,18494.60,1150,8569000
20221124,09:58:25,18494.60,1250,8569000
20221124,09:58:26,18494.60,800,8569000
20221124,09:58:27,18494.75,300,8569000
20221124,09:58:28,18494.70,300,8569000
20221124,09:58:29,18494.60,300,8569000
20221124,09:58:30,18494.70,600,8569000
20221124,09:58:31,18494.75,100,8569000
20221124,09:58:32,18494.60,950,8569000
20221124,09:58:33,18495.35,1500,8569000
20221124,09:58:34,18494.50,1300,8569000
20221124,09:58:35,18494.50,650,8569000
20221124,09:58:36,18494.75,150,8569000
20221124,09:58:37,18494.70,1800,8569000
20221124,09:58:38,18494.00,50,8569000
20221124,09:58:39,18493.80,350,8569000
20221124,09:58:40,18493.80,350,8569000
20221124,09:58:41,18493.80,100,8569000
20221124,09:58:42,18493.55,400,8569000
20221124,09:58:43,18494.25,350,8569000
20221124,09:58:44,18493.30,650,8569000
20221124,09:58:45,18493.80,300,8569000
20221124,09:58:46,18494.45,250,8569000
20221124,09:58:48,18494.00,800,8569000
20221124,09:58:49,18494.00,250,8569000
20221124,09:58:50,18493.75,200,8569000
20221124,09:58:51,18494.40,300,8569000
20221124,09:58:52,18494.30,350,8569000
20221124,09:58:53,18493.25,350,8569000
20221124,09:58:54,18493.55,250,8569000
20221124,09:58:56,18493.50,1300,8569000
20221124,09:58:57,18493.50,200,8569000
20221124,09:58:58,18493.80,550,8569000
20221124,09:58:59,18493.50,500,8569000
20221124,09:59:00,18493.55,150,8569000
20221124,09:59:01,18493.50,200,8569000
20221124,09:59:02,18493.50,1500,8569000
20221124,09:59:03,18492.60,300,8569000
20221124,09:59:04,18493.55,800,8569000
20221124,09:59:05,18492.70,850,8569000
20221124,09:59:06,18493.60,550,8569000
20221124,09:59:07,18493.50,100,8569000
20221124,09:59:09,18493.00,150,8569000
20221124,09:59:10,18493.70,50,8569000
20221124,09:59:11,18493.00,1250,8569000
20221124,09:59:12,18493.30,150,8569000
20221124,09:59:13,18493.25,1200,8569000
20221124,09:59:15,18493.20,2000,8569000
20221124,09:59:16,18493.65,1450,8569000
20221124,09:59:17,18492.95,1000,8569000
20221124,09:59:18,18493.60,1100,8569000
20221124,09:59:19,18493.15,200,8569000
20221124,09:59:20,18493.70,1550,8569000
20221124,09:59:21,18493.50,850,8569000
20221124,09:59:22,18493.55,1300,8569000
20221124,09:59:23,18493.00,100,8569000
20221124,09:59:24,18493.25,1200,8569000
20221124,09:59:25,18493.30,1150,8569000
20221124,09:59:26,18493.55,200,8569000
20221124,09:59:27,18493.80,1600,8569000
20221124,09:59:28,18493.65,1200,8569000
20221124,09:59:30,18493.90,300,8569000
20221124,09:59:31,18493.65,200,8569000
20221124,09:59:32,18493.45,1200,8569000
20221124,09:59:33,18493.30,150,8569000
