20221124,09:15:00,18310.00,1,5755550
20221124,09:15:00,18324.35,1,5755550
20221124,09:15:00,18308.40,1,5755550
20221124,09:15:00,18319.40,550,5755550
20221124,09:15:00,18320.00,1750,5755550
20221124,09:15:01,18320.00,200,5755550
20221124,09:15:02,18311.90,3600,5755550
20221124,09:15:03,18312.50,300,5755550
20221124,09:15:04,18311.85,700,5755550
20221124,09:15:05,18306.90,1850,5755550
20221124,09:15:06,18306.15,2350,5755550
20221124,09:15:07,18308.05,4000,5755550
20221124,09:15:08,18306.00,6150,5755550
20221124,09:15:10,18306.05,4750,5755550
20221124,09:15:10,18302.65,1550,5755550
20221124,09:15:11,18302.60,4300,5755550
20221124,09:15:12,18298.00,2250,5755550
20221124,09:15:13,18297.15,3500,5755550
20221124,09:15:14,18299.00,2750,5755550
20221124,09:15:16,18302.65,3500,5755550
20221124,09:15:16,18302.65,600,5755550
20221124,09:15:17,18303.05,2300,5755550
20221124,09:15:18,18305.05,1550,5755550
20221124,09:15:19,18309.05,400,5755550
20221124,09:15:20,18305.60,1700,5755550
20221124,09:15:22,18307.00,550,5755550
20221124,09:15:22,18305.60,50,5755550
20221124,09:15:23,18305.00,1650,5755550
20221124,09:15:24,18305.60,900,5755550
20221124,09:15:25,18307.00,4000,5755550
20221124,09:15:26,18307.00,1650,5755550
20221124,09:15:28,18305.20,1650,5755550
20221124,09:15:29,18307.00,600,5755550
20221124,09:15:30,18309.00,1250,5755550
20221124,09:15:31,18308.55,1000,5755550
20221124,09:15:33,18305.60,1350,5755550
20221124,09:15:33,18304.90,100,5755550
20221124,09:15:34,18305.05,600,5755550
20221124,09:15:35,18308.80,1000,5755550
20221124,09:15:36,18308.85,1300,5755550
20221124,09:15:37,18309.35,3450,5755550
20221124,09:15:39,18307.00,200,5755550
20221124,09:15:39,18306.05,50,5755550
20221124,09:15:40,18305.90,100,5755550
20221124,09:15:41,18305.70,1450,5755550
20221124,09:15:42,18304.85,300,5755550
20221124,09:15:43,18301.00,350,5755550
20221124,09:15:45,18304.55,1050,5755550
20221124,09:15:45,18301.40,100,5755550
20221124,09:15:46,18304.90,450,5755550
20221124,09:15:47,18305.90,900,5755550
20221124,09:15:48,18302.90,900,5755550
20221124,09:15:49,18303.60,650,5755550
20221124,09:15:51,18301.70,250,5755550
20221124,09:15:52,18304.90,600,5755550
20221124,09:15:53,18301.90,1000,5755550
20221124,09:15:54,18305.00,800,5755550
20221124,09:15:56,18301.45,400,5755550
20221124,09:15:56,18301.45,150,5755550
20221124,09:15:57,18301.95,750,5755550
20221124,09:15:58,18302.85,550,5755550
20221124,09:15:59,18302.00,50,5755550
20221124,09:16:00,18302.25,100,5755550
20221124,09:16:02,18302.85,200,5755550
20221124,09:16:02,18302.30,150,5755550
20221124,09:16:03,18303.00,300,5755550
20221124,09:16:04,18305.00,1350,5755550
20221124,09:16:05,18303.45,1650,5755550
20221124,09:16:06,18305.00,250,5755550
20221124,09:16:08,18304.20,850,5755550
20221124,09:16:08,18305.00,100,5755550
20221124,09:16:09,18305.00,150,5755550
20221124,09:16:10,18305.60,2400,5755550
20221124,09:16:11,18305.75,300,5755550
20221124,09:16:12,18305.65,700,5755550
20221124,09:16:14,18307.80,200,5755550
20221124,09:16:14,18307.80,50,5755550
20221124,09:16:15,18309.65,1750,5755550
20221124,09:16:16,18306.85,1150,5755550
20221124,09:16:17,18308.50,150,5755550
20221124,09:16:18,18310.00,650,5755550
20221124,09:16:20,18307.05,100,5755550
20221124,09:16:20,18307.10,100,5755550
20221124,09:16:21,18310.00,850,5755550
20221124,09:16:22,18307.10,1000,5755550
20221124,09:16:23,18309.95,150,5755550
20221124,09:16:24,18307.10,150,5755550
20221124,09:16:26,18310.00,400,5755550
20221124,09:16:27,18308.10,400,5755550
20221124,09:16:28,18310.00,150,5755550
20221124,09:16:29,18308.45,350,5755550
20221124,09:16:30,18310.00,400,5755550
20221124,09:16:32,18310.00,1300,5755550
20221124,09:16:32,18309.30,100,5755550
20221124,09:16:33,18309.65,500,5755550
20221124,09:16:34,18309.75,800,5755550
20221124,09:16:35,18308.30,550,5755550
20221124,09:16:37,18309.20,3200,5755550
20221124,09:16:38,18310.00,1650,5755550
20221124,09:16:38,18309.80,850,5755550
20221124,09:16:39,18310.40,500,5755550
20221124,09:16:40,18310.20,250,5755550
20221124,09:16:41,18312.00,1950,5755550
20221124,09:16:43,18312.00,950,5755550
20221124,09:16:44,18312.00,350,5755550
20221124,09:16:44,18310.25,50,5755550
20221124,09:16:45,18312.00,450,5755550
20221124,09:16:46,18313.00,2850,5755550
20221124,09:16:47,18313.70,300,5755550
20221124,09:16:49,18312.10,150,5755550
20221124,09:16:50,18313.15,250,5755550
20221124,09:16:50,18312.05,50,5755550
20221124,09:16:51,18311.00,1600,5755550
20221124,09:16:52,18310.00,200,5755550
20221124,09:16:54,18309.05,1200,5755550
20221124,09:16:55,18309.90,2000,5755550
20221124,09:16:56,18310.05,350,5755550
20221124,09:16:57,18310.00,250,5755550
20221124,09:16:58,18309.00,250,5755550
20221124,09:16:59,18308.40,250,5755550
20221124,09:17:01,18310.00,250,5755550
20221124,09:17:02,18310.00,250,5755550
20221124,09:17:03,18308.00,300,5755550
20221124,09:17:04,18308.00,700,5755550
20221124,09:17:06,18310.00,650,5755550
20221124,09:17:07,18308.00,100,5755550
20221124,09:17:08,18308.05,200,5755550
20221124,09:17:09,18308.25,1300,5755550
20221124,09:17:10,18309.00,100,5755550
20221124,09:17:11,18307.10,150,5755550
20221124,09:17:13,18307.00,550,5755550
20221124,09:17:14,18307.10,700,5755550
20221124,09:17:14,18307.10,750,5755550
20221124,09:17:15,18306.10,150,5755550
20221124,09:17:16,18307.10,450,5755550
20221124,09:17:17,18307.10,2050,5755550
20221124,09:17:19,18307.10,100,5755550
20221124,09:17:20,18307.85,250,5755550
20221124,09:17:20,18306.15,450,5755550
20221124,09:17:21,18306.10,50,5755550
20221124,09:17:22,18307.00,100,5755550
20221124,09:17:23,18307.00,850,5755550
20221124,09:17:25,18307.00,50,5755550
20221124,09:17:26,18306.00,1100,5755550
20221124,09:17:26,18307.00,100,5755550
20221124,09:17:27,18307.85,250,5755550
20221124,09:17:28,18308.15,100,5755550
20221124,09:17:29,18306.00,100,5755550
20221124,09:17:31,18306.00,400,5755550
20221124,09:17:32,18306.00,450,5755550
20221124,09:17:33,18306.95,300,5755550
20221124,09:17:33,18306.00,350,5755550
20221124,09:17:34,18303.30,1600,5725450
20221124,09:17:35,18306.35,50,5725450
20221124,09:17:36,18304.30,600,5725450
20221124,09:17:39,18304.55,150,5725450
20221124,09:17:40,18303.90,550,5725450
20221124,09:17:41,18304.40,1950,5725450
20221124,09:17:42,18304.50,200,5725450
20221124,09:17:44,18307.00,550,5725450
20221124,09:17:45,18305.60,150,5725450
20221124,09:17:46,18305.05,200,5725450
20221124,09:17:47,18304.60,300,5725450
20221124,09:17:48,18306.85,450,5725450
20221124,09:17:49,18305.00,50,5725450
20221124,09:17:51,18305.00,150,5725450
20221124,09:17:52,18305.00,50,5725450
20221124,09:17:52,18306.35,300,5725450
20221124,09:17:53,18306.85,650,5725450
20221124,09:17:54,18304.00,800,5725450
20221124,09:17:55,18304.00,400,5725450
20221124,09:17:56,18304.00,150,5725450
20221124,09:17:58,18304.00,550,5725450
20221124,09:17:59,18304.05,650,5725450
20221124,09:18:00,18302.25,500,5725450
20221124,09:18:01,18302.75,450,5725450
20221124,09:18:02,18305.90,550,5725450
20221124,09:18:03,18306.35,650,5725450
20221124,09:18:06,18302.35,700,5725450
20221124,09:18:07,18304.05,100,5725450
20221124,09:18:08,18304.05,550,5725450
20221124,09:18:09,18305.00,700,5725450
20221124,09:18:11,18303.50,50,5725450
20221124,09:18:12,18305.00,100,5725450
20221124,09:18:13,18303.05,100,5725450
20221124,09:18:13,18303.25,50,5725450
20221124,09:18:14,18303.00,250,5725450
20221124,09:18:15,18303.00,2350,5725450
20221124,09:18:16,18303.00,200,5725450
20221124,09:18:18,18302.65,550,5725450
20221124,09:18:19,18304.90,650,5725450
20221124,09:18:20,18303.20,200,5725450
20221124,09:18:21,18305.00,150,5725450
20221124,09:18:22,18304.20,350,5725450
20221124,09:18:23,18305.00,1050,5725450
20221124,09:18:25,18305.60,350,5725450
20221124,09:18:27,18305.00,450,5725450
20221124,09:18:28,18303.70,650,5725450
20221124,09:18:29,18305.00,200,5725450
20221124,09:18:30,18303.20,1500,5725450
20221124,09:18:32,18303.40,450,5725450
20221124,09:18:33,18305.00,100,5725450
20221124,09:18:34,18305.00,100,5725450
20221124,09:18:34,18305.00,50,5725450
20221124,09:18:35,18305.00,850,5725450
20221124,09:18:36,18302.20,450,5725450
20221124,09:18:39,18302.00,350,5725450
20221124,09:18:39,18303.70,50,5725450
20221124,09:18:40,18302.00,100,5725450
20221124,09:18:41,18302.00,550,5725450
20221124,09:18:42,18301.15,1700,5725450
20221124,09:18:44,18302.20,350,5725450
20221124,09:18:45,18303.00,300,5725450
20221124,09:18:47,18303.40,550,5725450
20221124,09:18:48,18301.50,50,5725450
20221124,09:18:49,18304.50,500,5725450
20221124,09:18:50,18304.50,50,5725450
20221124,09:18:52,18302.25,1200,5725450
20221124,09:18:53,18302.75,200,5725450
20221124,09:18:56,18304.50,500,5725450
20221124,09:18:56,18304.00,100,5725450
20221124,09:18:58,18303.55,50,5725450
20221124,09:18:59,18302.10,1000,5725450
20221124,09:19:00,18301.40,300,5725450
20221124,09:19:02,18302.75,300,5725450
20221124,09:19:03,18302.90,600,5725450
20221124,09:19:04,18301.20,50,5725450
20221124,09:19:05,18302.00,50,5725450
20221124,09:19:07,18301.20,300,5725450
20221124,09:19:08,18300.35,1250,5725450
20221124,09:19:10,18301.10,150,5725450
20221124,09:19:10,18301.10,250,5725450
20221124,09:19:12,18301.10,350,5725450
20221124,09:19:14,18301.25,500,5725450
20221124,09:19:15,18301.25,150,5725450
20221124,09:19:16,18303.40,450,5725450
20221124,09:19:17,18301.65,550,5725450
20221124,09:19:18,18301.95,300,5725450
20221124,09:19:19,18301.75,50,5725450
20221124,09:19:21,18301.35,150,5725450
20221124,09:19:23,18301.75,400,5725450
20221124,09:19:25,18302.00,50,5725450
20221124,09:19:26,18301.25,200,5725450
20221124,09:19:27,18301.20,50,5725450
20221124,09:19:29,18301.45,300,5725450
20221124,09:19:30,18303.95,450,5725450
20221124,09:19:31,18301.75,100,5725450
20221124,09:19:33,18301.65,100,5725450
20221124,09:19:34,18304.00,100,5725450
20221124,09:19:36,18301.65,100,5725450
20221124,09:19:38,18302.00,400,5725450
20221124,09:19:40,18304.00,200,5725450
20221124,09:19:41,18302.05,1250,5725450
20221124,09:19:42,18302.00,100,5725450
20221124,09:19:43,18301.20,700,5725450
20221124,09:19:44,18303.50,100,5725450
20221124,09:19:46,18301.20,50,5725450
20221124,09:19:47,18301.20,350,5725450
20221124,09:19:48,18301.20,150,5725450
20221124,09:19:49,18301.20,100,5725450
20221124,09:19:50,18303.00,50,5725450
20221124,09:19:51,18301.50,350,5725450
20221124,09:19:53,18301.65,150,5725450
20221124,09:19:54,18301.20,50,5725450
20221124,09:19:55,18303.00,450,5725450
20221124,09:19:56,18301.20,150,5725450
20221124,09:19:58,18301.15,200,5725450
20221124,09:19:59,18301.00,250,5725450
20221124,09:20:00,18302.05,1400,5725450
20221124,09:20:00,18303.00,1250,5725450
20221124,09:20:01,18303.00,500,5725450
20221124,09:20:02,18303.35,500,5725450
20221124,09:20:04,18303.00,650,5725450
20221124,09:20:05,18302.55,450,5725450
20221124,09:20:06,18302.25,1350,5725450
20221124,09:20:07,18302.05,150,5725450
20221124,09:20:09,18301.00,100,5725450
20221124,09:20:10,18301.75,800,5725450
20221124,09:20:11,18301.65,50,5725450
20221124,09:20:11,18301.00,150,5725450
20221124,09:20:12,18301.25,300,5725450
20221124,09:20:13,18301.00,100,5725450
20221124,09:20:15,18300.10,200,5725450
20221124,09:20:16,18301.00,200,5725450
20221124,09:20:17,18301.00,1250,5725450
20221124,09:20:17,18301.00,100,5725450
20221124,09:20:19,18300.10,4250,5725450
20221124,09:20:20,18300.10,150,5725450
20221124,09:20:21,18299.00,250,5725450
20221124,09:20:22,18299.00,150,5725450
20221124,09:20:24,18300.00,150,5725450
20221124,09:20:25,18299.00,200,5725450
20221124,09:20:26,18300.00,800,5725450
20221124,09:20:28,18299.00,2100,5725450
20221124,09:20:29,18298.90,250,5725450
20221124,09:20:30,18299.50,50,5725450
20221124,09:20:32,18299.00,350,5725450
20221124,09:20:33,18299.00,1400,5725450
20221124,09:20:34,18299.00,350,5725450
20221124,09:20:35,18300.00,100,5708550
20221124,09:20:36,18300.00,50,5708550
20221124,09:20:37,18299.45,250,5708550
20221124,09:20:39,18299.00,300,5708550
20221124,09:20:40,18300.00,750,5708550
20221124,09:20:42,18299.05,50,5708550
20221124,09:20:43,18299.05,350,5708550
20221124,09:20:44,18302.00,2950,5708550
20221124,09:20:45,18301.85,450,5708550
20221124,09:20:45,18299.65,200,5708550
20221124,09:20:46,18299.25,300,5708550
20221124,09:20:48,18300.35,1550,5708550
20221124,09:20:49,18300.25,100,5708550
20221124,09:20:51,18303.55,1300,5708550
20221124,09:20:51,18300.95,50,5708550
20221124,09:20:52,18300.35,150,5708550
20221124,09:20:55,18302.00,300,5708550
20221124,09:20:56,18301.00,50,5708550
20221124,09:20:57,18301.00,50,5708550
20221124,09:20:58,18300.35,400,5708550
20221124,09:21:00,18300.35,50,5708550
20221124,09:21:01,18302.00,250,5708550
20221124,09:21:02,18300.00,300,5708550
20221124,09:21:03,18302.20,250,5708550
20221124,09:21:03,18300.35,100,5708550
20221124,09:21:04,18300.00,650,5708550
20221124,09:21:05,18300.35,1250,5708550
20221124,09:21:07,18300.00,950,5708550
20221124,09:21:08,18299.95,2250,5708550
20221124,09:21:09,18301.50,850,5708550
20221124,09:21:10,18303.60,1550,5708550
20221124,09:21:11,18303.40,650,5708550
20221124,09:21:12,18304.00,700,5708550
20221124,09:21:13,18301.45,750,5708550
20221124,09:21:14,18304.00,100,5708550
20221124,09:21:16,18302.15,750,5708550
20221124,09:21:17,18302.05,150,5708550
20221124,09:21:18,18305.00,1400,5708550
20221124,09:21:19,18304.95,700,5708550
20221124,09:21:20,18305.00,300,5708550
20221124,09:21:21,18304.90,850,5708550
20221124,09:21:23,18301.50,350,5708550
20221124,09:21:23,18302.00,200,5708550
20221124,09:21:25,18304.00,200,5708550
20221124,09:21:26,18304.00,200,5708550
20221124,09:21:27,18301.60,1300,5708550
20221124,09:21:28,18303.95,100,5708550
20221124,09:21:29,18303.65,50,5708550
20221124,09:21:29,18302.00,50,5708550
20221124,09:21:31,18300.55,250,5708550
20221124,09:21:32,18303.45,1250,5708550
20221124,09:21:33,18301.15,200,5708550
20221124,09:21:34,18302.00,50,5708550
20221124,09:21:35,18301.90,100,5708550
20221124,09:21:35,18300.45,50,5708550
20221124,09:21:36,18300.45,100,5708550
20221124,09:21:38,18301.90,650,5708550
20221124,09:21:39,18301.90,200,5708550
20221124,09:21:39,18300.50,400,5708550
20221124,09:21:41,18301.00,200,5708550
20221124,09:21:42,18303.00,150,5708550
20221124,09:21:44,18302.00,150,5708550
20221124,09:21:45,18301.90,200,5708550
20221124,09:21:46,18302.00,50,5708550
20221124,09:21:48,18301.10,50,5708550
20221124,09:21:49,18302.25,250,5708550
20221124,09:21:50,18301.00,200,5708550
20221124,09:21:51,18301.00,300,5708550
20221124,09:21:52,18301.75,600,5708550
20221124,09:21:53,18302.45,450,5708550
20221124,09:21:54,18301.75,50,5708550
20221124,09:21:55,18302.05,100,5708550
20221124,09:21:56,18302.05,350,5708550
20221124,09:21:57,18302.05,50,5708550
20221124,09:22:00,18302.05,1100,5708550
20221124,09:22:01,18302.75,100,5708550
20221124,09:22:02,18302.70,300,5708550
20221124,09:22:03,18302.60,150,5708550
20221124,09:22:06,18302.60,50,5708550
20221124,09:22:08,18302.00,300,5708550
20221124,09:22:10,18302.30,150,5708550
20221124,09:22:11,18302.00,150,5708550
20221124,09:22:13,18303.35,500,5708550
20221124,09:22:16,18302.75,200,5708550
20221124,09:22:17,18301.75,150,5708550
20221124,09:22:18,18302.60,1350,5708550
20221124,09:22:19,18303.40,150,5708550
20221124,09:22:20,18301.05,2250,5708550
20221124,09:22:21,18302.50,650,5708550
20221124,09:22:23,18303.95,1400,5708550
20221124,09:22:24,18304.65,750,5708550
20221124,09:22:25,18305.10,3150,5708550
20221124,09:22:26,18305.10,900,5708550
20221124,09:22:28,18304.90,50,5708550
20221124,09:22:28,18305.60,50,5708550
20221124,09:22:30,18305.75,150,5708550
20221124,09:22:31,18305.10,250,5708550
20221124,09:22:32,18304.05,50,5708550
20221124,09:22:33,18304.10,50,5708550
20221124,09:22:34,18303.60,300,5708550
20221124,09:22:35,18304.85,400,5708550
20221124,09:22:37,18304.60,50,5708550
20221124,09:22:38,18304.80,150,5708550
20221124,09:22:40,18304.90,300,5708550
20221124,09:22:40,18304.85,50,5708550
20221124,09:22:41,18304.75,200,5708550
20221124,09:22:42,18304.50,650,5708550
20221124,09:22:44,18304.10,450,5708550
20221124,09:22:44,18304.25,1500,5708550
20221124,09:22:46,18304.50,7100,5708550
20221124,09:22:46,18304.80,2350,5708550
20221124,09:22:47,18303.80,1300,5708550
20221124,09:22:49,18303.65,2350,5708550
20221124,09:22:50,18303.75,2000,5708550
20221124,09:22:51,18304.25,1000,5708550
20221124,09:22:52,18304.35,2450,5708550
20221124,09:22:53,18304.25,1750,5708550
20221124,09:22:53,18305.00,100,5708550
20221124,09:22:54,18304.45,1450,5708550
20221124,09:22:55,18304.55,100,5708550
20221124,09:22:57,18303.75,100,5708550
20221124,09:22:59,18303.75,100,5708550
20221124,09:23:00,18303.75,50,5708550
20221124,09:23:01,18304.60,1300,5708550
20221124,09:23:02,18305.40,950,5708550
20221124,09:23:03,18305.30,3450,5708550
20221124,09:23:04,18305.20,550,5708550
20221124,09:23:05,18306.00,1950,5708550
20221124,09:23:07,18306.95,1300,5708550
20221124,09:23:07,18306.00,1200,5708550
20221124,09:23:09,18306.00,600,5708550
20221124,09:23:10,18306.00,100,5708550
20221124,09:23:11,18306.00,400,5708550
20221124,09:23:12,18306.00,750,5708550
20221124,09:23:13,18305.30,400,5708550
20221124,09:23:14,18305.30,50,5708550
20221124,09:23:14,18305.30,100,5708550
20221124,09:23:16,18305.20,100,5708550
20221124,09:23:17,18305.30,250,5708550
20221124,09:23:18,18305.20,1450,5708550
20221124,09:23:19,18305.20,500,5708550
20221124,09:23:20,18306.35,1050,5708550
20221124,09:23:20,18306.00,300,5708550
20221124,09:23:22,18305.70,50,5708550
20221124,09:23:23,18305.50,50,5708550
20221124,09:23:24,18305.70,200,5708550
20221124,09:23:25,18305.60,50,5708550
20221124,09:23:26,18306.00,100,5708550
20221124,09:23:28,18305.85,750,5708550
20221124,09:23:29,18306.45,450,5708550
20221124,09:23:30,18306.20,1150,5708550
20221124,09:23:31,18306.10,500,5708550
20221124,09:23:32,18306.30,550,5708550
20221124,09:23:34,18306.30,500,5708550
20221124,09:23:35,18306.50,350,5671550
20221124,09:23:36,18307.15,2150,5671550
20221124,09:23:37,18307.15,150,5671550
20221124,09:23:38,18307.65,650,5671550
20221124,09:23:39,18307.85,1550,5671550
20221124,09:23:40,18308.15,1200,5671550
20221124,09:23:41,18308.15,350,5671550
20221124,09:23:42,18308.45,800,5671550
20221124,09:23:44,18307.75,850,5671550
20221124,09:23:45,18308.15,500,5671550
20221124,09:23:46,18308.15,450,5671550
20221124,09:23:47,18308.00,150,5671550
20221124,09:23:48,18308.35,250,5671550
20221124,09:23:49,18308.35,50,5671550
20221124,09:23:50,18308.35,400,5671550
20221124,09:23:51,18308.60,2200,5671550
20221124,09:23:52,18310.00,4650,5671550
20221124,09:23:53,18310.00,2200,5671550
20221124,09:23:54,18309.60,2450,5671550
20221124,09:23:55,18309.60,500,5671550
20221124,09:23:56,18310.40,900,5671550
20221124,09:23:57,18310.55,450,5671550
20221124,09:23:58,18310.00,850,5671550
20221124,09:23:59,18310.00,50,5671550
20221124,09:24:00,18309.30,650,5671550
20221124,09:24:01,18309.75,3750,5671550
20221124,09:24:02,18310.10,1150,5671550
20221124,09:24:03,18310.45,550,5671550
20221124,09:24:04,18310.50,250,5671550
20221124,09:24:05,18310.50,50,5671550
20221124,09:24:06,18310.50,2350,5671550
20221124,09:24:07,18311.00,450,5671550
20221124,09:24:08,18310.95,600,5671550
20221124,09:24:09,18310.50,350,5671550
20221124,09:24:10,18310.30,500,5671550
20221124,09:24:11,18310.60,800,5671550
20221124,09:24:12,18310.70,1050,5671550
20221124,09:24:13,18310.60,650,5671550
20221124,09:24:14,18310.80,3250,5671550
20221124,09:24:15,18311.50,1950,5671550
20221124,09:24:16,18311.75,350,5671550
20221124,09:24:17,18311.70,600,5671550
20221124,09:24:19,18311.55,750,5671550
20221124,09:24:20,18311.15,500,5671550
20221124,09:24:22,18311.00,150,5671550
20221124,09:24:24,18310.90,250,5671550
20221124,09:24:25,18310.20,200,5671550
20221124,09:24:28,18309.80,700,5671550
20221124,09:24:29,18309.65,850,5671550
20221124,09:24:30,18309.65,100,5671550
20221124,09:24:31,18309.15,50,5671550
20221124,09:24:32,18309.15,350,5671550
20221124,09:24:33,18309.55,300,5671550
20221124,09:24:35,18309.70,1400,5671550
20221124,09:24:36,18310.55,1800,5671550
20221124,09:24:37,18310.50,400,5671550
20221124,09:24:38,18309.60,150,5671550
20221124,09:24:39,18310.50,250,5671550
20221124,09:24:40,18310.40,100,5671550
20221124,09:24:41,18310.55,150,5671550
20221124,09:24:42,18310.20,650,5671550
20221124,09:24:43,18310.15,1300,5671550
20221124,09:24:45,18310.05,150,5671550
20221124,09:24:46,18310.70,2900,5671550
20221124,09:24:47,18311.30,1500,5671550
20221124,09:24:48,18311.30,50,5671550
20221124,09:24:49,18310.85,5700,5671550
20221124,09:24:50,18310.65,4450,5671550
20221124,09:24:51,18310.15,3150,5671550
20221124,09:24:52,18311.20,3850,5671550
20221124,09:24:53,18311.80,1150,5671550
20221124,09:24:54,18311.10,1400,5671550
20221124,09:24:55,18311.65,300,5671550
20221124,09:24:56,18311.50,150,5671550
20221124,09:24:57,18311.40,700,5671550
20221124,09:24:58,18311.95,50,5671550
20221124,09:24:59,18311.40,1450,5671550
20221124,09:25:00,18311.90,1350,5671550
20221124,09:25:01,18311.85,50,5671550
20221124,09:25:02,18312.00,150,5671550
20221124,09:25:03,18312.10,550,5671550
20221124,09:25:05,18312.45,150,5671550
20221124,09:25:06,18312.10,200,5671550
20221124,09:25:07,18312.90,450,5671550
20221124,09:25:08,18312.80,600,5671550
20221124,09:25:09,18313.35,2400,5671550
20221124,09:25:10,18312.75,300,5671550
20221124,09:25:11,18313.00,1400,5671550
20221124,09:25:12,18312.35,100,5671550
20221124,09:25:13,18312.35,200,5671550
20221124,09:25:14,18312.35,150,5671550
20221124,09:25:15,18312.45,1900,5671550
20221124,09:25:16,18313.00,700,5671550
20221124,09:25:17,18313.00,50,5671550
20221124,09:25:18,18313.05,550,5671550
20221124,09:25:19,18312.95,1750,5671550
20221124,09:25:20,18312.65,1050,5671550
20221124,09:25:21,18313.65,450,5671550
20221124,09:25:22,18313.65,100,5671550
20221124,09:25:23,18313.75,450,5671550
20221124,09:25:24,18313.25,1250,5671550
20221124,09:25:25,18313.70,100,5671550
20221124,09:25:26,18312.80,200,5671550
20221124,09:25:27,18312.10,100,5671550
20221124,09:25:28,18312.20,100,5671550
20221124,09:25:29,18312.30,250,5671550
20221124,09:25:30,18311.80,350,5671550
20221124,09:25:32,18311.65,200,5671550
20221124,09:25:33,18311.00,950,5671550
20221124,09:25:34,18311.20,250,5671550
20221124,09:25:35,18310.15,1650,5671550
20221124,09:25:36,18309.95,300,5671550
20221124,09:25:38,18309.15,650,5671550
20221124,09:25:39,18309.05,550,5671550
20221124,09:25:40,18309.45,250,5671550
20221124,09:25:41,18309.85,550,5671550
20221124,09:25:42,18309.70,1250,5671550
20221124,09:25:43,18309.75,2050,5671550
20221124,09:25:44,18309.65,250,5671550
20221124,09:25:45,18309.05,350,5671550
20221124,09:25:47,18309.80,1850,5671550
20221124,09:25:48,18309.95,1850,5671550
20221124,09:25:49,18309.05,50,5671550
20221124,09:25:51,18310.35,2250,5671550
20221124,09:25:52,18310.40,550,5671550
20221124,09:25:53,18309.95,1100,5671550
20221124,09:25:54,18309.85,550,5671550
20221124,09:25:55,18309.35,150,5671550
20221124,09:25:56,18309.25,250,5671550
20221124,09:25:57,18309.95,1050,5671550
20221124,09:25:58,18309.95,50,5671550
20221124,09:25:59,18309.75,150,5671550
20221124,09:26:00,18308.70,100,5671550
20221124,09:26:01,18309.40,500,5671550
20221124,09:26:02,18308.90,50,5671550
20221124,09:26:04,18308.70,650,5671550
20221124,09:26:05,18307.20,50,5671550
20221124,09:26:06,18307.00,100,5671550
20221124,09:26:07,18306.40,1000,5671550
20221124,09:26:08,18306.00,1000,5671550
20221124,09:26:09,18306.00,50,5671550
20221124,09:26:10,18306.00,700,5671550
20221124,09:26:11,18307.60,1150,5671550
20221124,09:26:12,18307.05,2450,5671550
20221124,09:26:13,18306.45,500,5671550
20221124,09:26:14,18306.05,300,5671550
20221124,09:26:16,18305.60,100,5671550
20221124,09:26:17,18305.65,1750,5671550
20221124,09:26:18,18304.40,100,5671550
20221124,09:26:19,18304.40,50,5671550
20221124,09:26:20,18305.60,150,5671550
20221124,09:26:21,18304.50,100,5671550
20221124,09:26:23,18304.80,600,5671550
20221124,09:26:25,18303.55,850,5671550
20221124,09:26:26,18303.00,550,5671550
20221124,09:26:27,18302.40,200,5671550
20221124,09:26:28,18302.40,100,5671550
20221124,09:26:29,18302.20,1150,5671550
20221124,09:26:30,18302.20,100,5671550
20221124,09:26:31,18300.70,2700,5671550
20221124,09:26:32,18302.20,50,5671550
20221124,09:26:33,18303.70,1850,5671550
20221124,09:26:34,18303.80,500,5671550
20221124,09:26:35,18304.05,150,5666250
20221124,09:26:36,18305.15,2250,5666250
20221124,09:26:37,18305.95,200,5666250
20221124,09:26:38,18304.95,250,5666250
20221124,09:26:39,18304.95,600,5666250
20221124,09:26:40,18305.05,150,5666250
20221124,09:26:42,18305.05,100,5666250
20221124,09:26:43,18306.65,750,5666250
20221124,09:26:45,18306.75,50,5666250
20221124,09:26:46,18306.75,1550,5666250
20221124,09:26:47,18306.35,1000,5666250
20221124,09:26:48,18306.55,750,5666250
20221124,09:26:49,18306.75,1200,5666250
20221124,09:26:50,18307.55,1450,5666250
20221124,09:26:52,18307.55,550,5666250
20221124,09:26:53,18308.00,2100,5666250
20221124,09:26:54,18309.55,4550,5666250
20221124,09:26:55,18310.00,1150,5666250
20221124,09:26:56,18310.00,400,5666250
20221124,09:26:57,18309.95,350,5666250
20221124,09:26:58,18310.70,200,5666250
20221124,09:27:00,18311.00,1100,5666250
20221124,09:27:01,18310.00,100,5666250
20221124,09:27:02,18310.45,750,5666250
20221124,09:27:03,18311.05,1150,5666250
20221124,09:27:04,18311.35,1150,5666250
20221124,09:27:05,18311.15,700,5666250
20221124,09:27:07,18311.35,1550,5666250
20221124,09:27:07,18311.70,200,5666250
20221124,09:27:08,18312.05,650,5666250
20221124,09:27:10,18311.55,800,5666250
20221124,09:27:11,18311.25,600,5666250
20221124,09:27:12,18312.45,700,5666250
20221124,09:27:13,18310.85,200,5666250
20221124,09:27:14,18308.95,850,5666250
20221124,09:27:15,18310.05,200,5666250
20221124,09:27:19,18309.85,50,5666250
20221124,09:27:20,18308.85,750,5666250
20221124,09:27:21,18309.90,1900,5666250
20221124,09:27:22,18309.00,50,5666250
20221124,09:27:24,18309.60,250,5666250
20221124,09:27:25,18310.05,1300,5666250
20221124,09:27:26,18309.90,650,5666250
20221124,09:27:27,18309.30,150,5666250
20221124,09:27:28,18310.10,100,5666250
20221124,09:27:29,18310.00,1100,5666250
20221124,09:27:31,18309.50,1000,5666250
20221124,09:27:32,18309.45,600,5666250
20221124,09:27:33,18309.45,450,5666250
20221124,09:27:34,18308.00,650,5666250
20221124,09:27:35,18308.00,650,5666250
20221124,09:27:36,18308.00,100,5666250
20221124,09:27:37,18307.85,500,5666250
20221124,09:27:38,18308.25,1450,5666250
20221124,09:27:40,18308.85,500,5666250
20221124,09:27:41,18308.30,100,5666250
20221124,09:27:42,18307.45,200,5666250
20221124,09:27:43,18307.95,50,5666250
20221124,09:27:44,18307.45,400,5666250
20221124,09:27:45,18308.25,550,5666250
20221124,09:27:47,18307.35,250,5666250
20221124,09:27:48,18307.30,850,5666250
20221124,09:27:49,18306.05,150,5666250
20221124,09:27:50,18306.40,550,5666250
20221124,09:27:51,18307.55,350,5666250
20221124,09:27:52,18308.00,400,5666250
20221124,09:27:53,18306.85,600,5666250
20221124,09:27:54,18308.30,1100,5666250
20221124,09:27:55,18307.35,450,5666250
20221124,09:27:56,18308.30,1800,5666250
20221124,09:27:57,18309.05,100,5666250
20221124,09:27:58,18308.95,200,5666250
20221124,09:27:59,18308.75,50,5666250
20221124,09:28:00,18309.40,300,5666250
20221124,09:28:01,18308.35,250,5666250
20221124,09:28:02,18309.45,200,5666250
20221124,09:28:04,18308.35,100,5666250
20221124,09:28:05,18306.85,1100,5666250
20221124,09:28:06,18308.90,150,5666250
20221124,09:28:06,18309.10,50,5666250
20221124,09:28:07,18308.85,200,5666250
20221124,09:28:08,18308.85,150,5666250
20221124,09:28:09,18308.75,50,5666250
20221124,09:28:11,18308.85,100,5666250
20221124,09:28:12,18308.85,450,5666250
20221124,09:28:14,18308.30,150,5666250
20221124,09:28:15,18308.00,400,5666250
20221124,09:28:17,18308.30,100,5666250
20221124,09:28:18,18309.00,1200,5666250
20221124,09:28:19,18309.40,1400,5666250
20221124,09:28:21,18309.35,400,5666250
20221124,09:28:23,18309.45,900,5666250
20221124,09:28:24,18309.20,1050,5666250
20221124,09:28:25,18309.20,950,5666250
20221124,09:28:26,18308.90,350,5666250
20221124,09:28:28,18309.60,1200,5666250
20221124,09:28:29,18310.00,450,5666250
20221124,09:28:29,18310.00,550,5666250
20221124,09:28:30,18308.60,2250,5666250
20221124,09:28:31,18309.40,650,5666250
20221124,09:28:33,18309.10,50,5666250
20221124,09:28:34,18308.70,950,5666250
20221124,09:28:35,18309.90,1200,5666250
20221124,09:28:36,18308.45,450,5666250
20221124,09:28:37,18308.70,150,5666250
20221124,09:28:39,18309.20,400,5666250
20221124,09:28:39,18308.55,50,5666250
20221124,09:28:40,18309.25,100,5666250
20221124,09:28:41,18308.95,700,5666250
20221124,09:28:43,18308.95,100,5666250
20221124,09:28:44,18309.90,950,5666250
20221124,09:28:45,18310.00,450,5666250
20221124,09:28:46,18309.50,100,5666250
20221124,09:28:47,18309.35,250,5666250
20221124,09:28:48,18309.90,700,5666250
20221124,09:28:50,18310.45,800,5666250
20221124,09:28:51,18310.45,200,5666250
20221124,09:28:51,18310.00,50,5666250
20221124,09:28:52,18309.35,650,5666250
20221124,09:28:53,18309.95,900,5666250
20221124,09:28:55,18310.25,500,5666250
20221124,09:28:56,18309.25,400,5666250
20221124,09:28:58,18309.90,1550,5666250
20221124,09:28:59,18309.90,250,5666250
20221124,09:29:01,18309.65,500,5666250
20221124,09:29:02,18310.00,450,5666250
20221124,09:29:03,18309.30,200,5666250
20221124,09:29:04,18310.25,650,5666250
20221124,09:29:05,18309.35,300,5666250
20221124,09:29:07,18309.00,400,5666250
20221124,09:29:08,18309.35,550,5666250
20221124,09:29:08,18309.35,150,5666250
20221124,09:29:09,18309.35,100,5666250
20221124,09:29:10,18308.20,400,5666250
20221124,09:29:11,18310.00,350,5666250
20221124,09:29:12,18310.00,350,5666250
20221124,09:29:14,18310.20,200,5666250
20221124,09:29:15,18309.80,200,5666250
20221124,09:29:16,18309.65,50,5666250
20221124,09:29:17,18309.90,300,5666250
20221124,09:29:19,18309.45,500,5666250
20221124,09:29:20,18309.00,350,5666250
20221124,09:29:20,18309.50,200,5666250
20221124,09:29:21,18309.65,400,5666250
20221124,09:29:22,18309.40,1250,5666250
20221124,09:29:23,18310.00,300,5666250
20221124,09:29:25,18310.20,100,5666250
20221124,09:29:26,18310.35,100,5666250
20221124,09:29:27,18310.35,650,5666250
20221124,09:29:28,18309.00,250,5666250
20221124,09:29:29,18308.10,50,5666250
20221124,09:29:31,18309.95,400,5666250
20221124,09:29:32,18309.65,250,5666250
20221124,09:29:33,18308.50,250,5666250
20221124,09:29:34,18308.40,700,5666250
20221124,09:29:35,18309.00,250,5666250
20221124,09:29:38,18309.00,350,5661600
20221124,09:29:39,18309.00,300,5661600
20221124,09:29:41,18308.20,150,5661600
20221124,09:29:42,18308.50,450,5661600
20221124,09:29:43,18309.30,50,5661600
20221124,09:29:45,18309.00,50,5661600
20221124,09:29:46,18308.80,500,5661600
20221124,09:29:46,18309.00,50,5661600
20221124,09:29:47,18309.60,150,5661600
20221124,09:29:48,18309.00,450,5661600
20221124,09:29:49,18309.10,200,5661600
20221124,09:29:51,18308.00,700,5661600
20221124,09:29:52,18308.00,100,5661600
20221124,09:29:53,18309.20,1300,5661600
20221124,09:29:53,18308.00,100,5661600
20221124,09:29:54,18309.45,550,5661600
20221124,09:29:55,18308.60,750,5661600
20221124,09:29:57,18309.30,150,5661600
20221124,09:29:58,18308.40,100,5661600
20221124,09:29:59,18309.70,350,5661600
20221124,09:30:00,18309.30,500,5661600
20221124,09:30:01,18310.90,2350,5661600
20221124,09:30:03,18311.15,800,5661600
20221124,09:30:04,18309.85,200,5661600
20221124,09:30:05,18310.75,850,5661600
20221124,09:30:06,18310.55,250,5661600
20221124,09:30:07,18309.95,1250,5661600
20221124,09:30:08,18309.80,550,5661600
20221124,09:30:10,18310.30,750,5661600
20221124,09:30:11,18309.95,100,5661600
20221124,09:30:12,18310.60,1450,5661600
20221124,09:30:12,18310.20,50,5661600
20221124,09:30:13,18310.15,100,5661600
20221124,09:30:14,18309.20,550,5661600
20221124,09:30:16,18309.75,650,5661600
20221124,09:30:16,18309.25,300,5661600
20221124,09:30:18,18310.05,1800,5661600
20221124,09:30:19,18309.25,350,5661600
20221124,09:30:20,18310.40,1100,5661600
20221124,09:30:21,18309.45,50,5661600
20221124,09:30:22,18309.45,400,5661600
20221124,09:30:23,18309.45,750,5661600
20221124,09:30:25,18309.85,400,5661600
20221124,09:30:26,18310.20,450,5661600
20221124,09:30:27,18310.20,250,5661600
20221124,09:30:28,18309.45,500,5661600
20221124,09:30:29,18309.85,450,5661600
20221124,09:30:30,18309.85,200,5661600
20221124,09:30:32,18309.35,400,5661600
20221124,09:30:33,18309.00,150,5661600
20221124,09:30:34,18309.70,550,5661600
20221124,09:30:35,18309.70,700,5661600
20221124,09:30:36,18309.15,200,5661600
20221124,09:30:36,18309.05,200,5661600
20221124,09:30:37,18309.85,1800,5661600
20221124,09:30:39,18309.70,350,5661600
20221124,09:30:40,18310.30,600,5661600
20221124,09:30:41,18310.95,250,5661600
20221124,09:30:42,18310.40,350,5661600
20221124,09:30:43,18310.80,200,5661600
20221124,09:30:44,18311.10,950,5661600
20221124,09:30:45,18311.90,1900,5661600
20221124,09:30:47,18312.00,200,5661600
20221124,09:30:48,18312.40,1200,5661600
20221124,09:30:49,18313.00,100,5661600
20221124,09:30:50,18312.55,1100,5661600
20221124,09:30:51,18313.90,2350,5661600
20221124,09:30:53,18313.00,250,5661600
20221124,09:30:54,18312.15,200,5661600
20221124,09:30:55,18312.15,200,5661600
20221124,09:30:56,18312.05,300,5661600
20221124,09:30:57,18312.55,300,5661600
20221124,09:30:58,18313.00,100,5661600
20221124,09:31:00,18312.95,100,5661600
20221124,09:31:01,18313.15,850,5661600
20221124,09:31:02,18313.90,150,5661600
20221124,09:31:03,18313.95,400,5661600
20221124,09:31:03,18313.80,50,5661600
20221124,09:31:04,18313.95,400,5661600
20221124,09:31:05,18312.25,150,5661600
20221124,09:31:07,18313.05,1950,5661600
20221124,09:31:08,18313.45,650,5661600
20221124,09:31:09,18313.45,250,5661600
20221124,09:31:10,18313.95,300,5661600
20221124,09:31:11,18314.20,3000,5661600
20221124,09:31:12,18315.75,4150,5661600
20221124,09:31:14,18315.80,250,5661600
20221124,09:31:15,18316.00,550,5661600
20221124,09:31:16,18315.55,350,5661600
20221124,09:31:17,18315.90,1400,5661600
20221124,09:31:17,18315.95,200,5661600
20221124,09:31:18,18317.00,300,5661600
20221124,09:31:20,18317.00,200,5661600
20221124,09:31:21,18316.55,750,5661600
20221124,09:31:22,18316.50,50,5661600
20221124,09:31:22,18317.00,50,5661600
20221124,09:31:23,18317.00,50,5661600
20221124,09:31:24,18317.00,150,5661600
20221124,09:31:26,18317.00,1900,5661600
20221124,09:31:27,18317.00,300,5661600
20221124,09:31:28,18316.50,250,5661600
20221124,09:31:28,18316.65,1850,5661600
20221124,09:31:29,18316.10,100,5661600
20221124,09:31:31,18316.00,200,5661600
20221124,09:31:32,18316.35,3850,5661600
20221124,09:31:33,18316.35,900,5661600
20221124,09:31:34,18316.30,150,5661600
20221124,09:31:35,18315.60,250,5661600
20221124,09:31:38,18317.00,2200,5661600
20221124,09:31:40,18317.00,350,5661600
20221124,09:31:42,18316.60,100,5661600
20221124,09:31:43,18320.00,7400,5661600
20221124,09:31:44,18320.00,550,5661600
20221124,09:31:45,18320.00,200,5661600
20221124,09:31:46,18318.55,50,5661600
20221124,09:31:47,18320.00,2900,5661600
20221124,09:31:48,18320.50,3250,5661600
20221124,09:31:49,18322.45,5800,5661600
20221124,09:31:50,18321.65,1450,5661600
20221124,09:31:51,18325.05,13550,5661600
20221124,09:31:52,18323.25,750,5661600
20221124,09:31:53,18322.75,1700,5661600
20221124,09:31:54,18329.35,12500,5661600
20221124,09:31:55,18327.00,850,5661600
20221124,09:31:56,18326.85,650,5661600
20221124,09:31:57,18326.15,1450,5661600
20221124,09:31:58,18327.05,1700,5661600
20221124,09:31:59,18326.80,2400,5661600
20221124,09:32:00,18326.00,850,5661600
20221124,09:32:01,18325.00,500,5661600
20221124,09:32:02,18325.00,1200,5661600
20221124,09:32:03,18324.60,250,5661600
20221124,09:32:04,18324.70,2450,5661600
20221124,09:32:06,18325.60,750,5661600
20221124,09:32:07,18326.40,400,5661600
20221124,09:32:08,18327.00,450,5661600
20221124,09:32:09,18325.60,350,5661600
20221124,09:32:10,18327.45,300,5661600
20221124,09:32:11,18327.65,500,5661600
20221124,09:32:12,18326.40,100,5661600
20221124,09:32:13,18326.45,1050,5661600
20221124,09:32:14,18326.45,400,5661600
20221124,09:32:15,18325.20,700,5661600
20221124,09:32:17,18325.20,750,5661600
20221124,09:32:18,18325.25,950,5661600
20221124,09:32:19,18325.55,350,5661600
20221124,09:32:19,18325.00,100,5661600
20221124,09:32:20,18325.30,700,5661600
20221124,09:32:22,18324.65,1300,5661600
20221124,09:32:23,18323.80,1400,5661600
20221124,09:32:24,18323.25,350,5661600
20221124,09:32:25,18324.20,200,5661600
20221124,09:32:25,18323.65,100,5661600
20221124,09:32:26,18323.25,350,5661600
20221124,09:32:28,18322.80,1450,5661600
20221124,09:32:29,18323.80,1000,5661600
20221124,09:32:30,18323.80,300,5661600
20221124,09:32:30,18323.65,50,5661600
20221124,09:32:31,18323.45,100,5661600
20221124,09:32:32,18322.00,550,5661600
20221124,09:32:34,18321.90,350,5661600
20221124,09:32:36,18322.00,550,5657350
20221124,09:32:37,18322.00,350,5657350
20221124,09:32:39,18321.50,1450,5657350
20221124,09:32:40,18323.00,300,5657350
20221124,09:32:40,18322.80,50,5657350
20221124,09:32:42,18323.30,1000,5657350
20221124,09:32:43,18323.60,1150,5657350
20221124,09:32:44,18323.80,1950,5657350
20221124,09:32:45,18324.00,250,5657350
20221124,09:32:46,18325.20,1550,5657350
20221124,09:32:46,18325.00,750,5657350
20221124,09:32:48,18325.20,100,5657350
20221124,09:32:49,18325.20,600,5657350
20221124,09:32:50,18325.30,400,5657350
20221124,09:32:51,18325.00,1100,5657350
20221124,09:32:52,18325.00,750,5657350
20221124,09:32:53,18323.90,600,5657350
20221124,09:32:55,18325.00,400,5657350
20221124,09:32:56,18325.10,500,5657350
20221124,09:32:57,18323.85,600,5657350
20221124,09:32:58,18324.00,300,5657350
20221124,09:32:59,18325.50,400,5657350
20221124,09:33:02,18325.65,250,5657350
20221124,09:33:03,18325.10,1000,5657350
20221124,09:33:04,18325.10,4250,5657350
20221124,09:33:04,18325.15,100,5657350
20221124,09:33:05,18326.40,250,5657350
20221124,09:33:07,18326.00,100,5657350
20221124,09:33:08,18324.85,450,5657350
20221124,09:33:09,18327.15,1300,5657350
20221124,09:33:10,18327.00,1150,5657350
20221124,09:33:11,18328.00,850,5657350
20221124,09:33:13,18328.30,1500,5657350
20221124,09:33:14,18329.65,600,5657350
20221124,09:33:15,18328.90,350,5657350
20221124,09:33:16,18328.75,450,5657350
20221124,09:33:18,18329.80,350,5657350
20221124,09:33:19,18329.80,800,5657350
20221124,09:33:20,18329.75,700,5657350
20221124,09:33:21,18329.60,150,5657350
20221124,09:33:22,18327.50,300,5657350
20221124,09:33:23,18329.80,400,5657350
20221124,09:33:23,18329.70,50,5657350
20221124,09:33:24,18329.15,200,5657350
20221124,09:33:26,18328.00,200,5657350
20221124,09:33:27,18327.30,900,5657350
20221124,09:33:28,18329.75,550,5657350
20221124,09:33:29,18329.90,1250,5657350
20221124,09:33:31,18328.00,100,5657350
20221124,09:33:32,18329.15,700,5657350
20221124,09:33:33,18328.75,100,5657350
20221124,09:33:34,18327.00,200,5657350
20221124,09:33:35,18327.35,1450,5657350
20221124,09:33:37,18328.15,1450,5657350
20221124,09:33:38,18326.80,400,5657350
20221124,09:33:39,18329.10,850,5657350
20221124,09:33:40,18326.20,50,5657350
20221124,09:33:41,18328.00,300,5657350
20221124,09:33:42,18326.15,450,5657350
20221124,09:33:43,18328.10,600,5657350
20221124,09:33:45,18328.30,150,5657350
20221124,09:33:46,18328.30,650,5657350
20221124,09:33:47,18328.10,850,5657350
20221124,09:33:48,18328.00,200,5657350
20221124,09:33:49,18328.05,100,5657350
20221124,09:33:49,18328.00,50,5657350
20221124,09:33:50,18326.15,250,5657350
20221124,09:33:52,18328.00,150,5657350
20221124,09:33:53,18326.05,200,5657350
20221124,09:33:54,18327.00,250,5657350
20221124,09:33:55,18326.05,800,5657350
20221124,09:33:56,18326.00,400,5657350
20221124,09:33:58,18327.40,550,5657350
20221124,09:33:59,18326.70,150,5657350
20221124,09:34:00,18326.00,200,5657350
20221124,09:34:01,18327.55,2050,5657350
20221124,09:34:02,18327.25,750,5657350
20221124,09:34:02,18325.00,800,5657350
20221124,09:34:03,18326.70,50,5657350
20221124,09:34:05,18325.80,500,5657350
20221124,09:34:06,18326.00,850,5657350
20221124,09:34:07,18325.00,450,5657350
20221124,09:34:08,18325.40,50,5657350
20221124,09:34:09,18325.40,1550,5657350
20221124,09:34:10,18325.40,600,5657350
20221124,09:34:11,18326.00,200,5657350
20221124,09:34:12,18325.85,250,5657350
20221124,09:34:13,18325.40,1500,5657350
20221124,09:34:14,18323.80,2250,5657350
20221124,09:34:15,18325.20,1600,5657350
20221124,09:34:15,18323.80,50,5657350
20221124,09:34:16,18325.00,750,5657350
20221124,09:34:18,18324.80,750,5657350
20221124,09:34:19,18322.75,550,5657350
20221124,09:34:20,18325.45,500,5657350
20221124,09:34:21,18323.10,3350,5657350
20221124,09:34:22,18326.30,3500,5657350
20221124,09:34:22,18326.30,1000,5657350
20221124,09:34:23,18326.05,350,5657350
20221124,09:34:25,18325.95,1050,5657350
20221124,09:34:26,18325.35,550,5657350
20221124,09:34:27,18327.05,650,5657350
20221124,09:34:28,18327.40,350,5657350
20221124,09:34:29,18327.30,200,5657350
20221124,09:34:31,18325.90,400,5657350
20221124,09:34:32,18328.60,650,5657350
20221124,09:34:34,18328.75,1150,5657350
20221124,09:34:35,18328.70,750,5657350
20221124,09:34:36,18328.40,50,5657350
20221124,09:34:38,18328.00,50,5657350
20221124,09:34:39,18326.05,350,5657350
20221124,09:34:40,18327.75,200,5657350
20221124,09:34:41,18326.85,50,5657350
20221124,09:34:42,18325.90,350,5657350
20221124,09:34:43,18327.95,1600,5657350
20221124,09:34:44,18327.65,200,5657350
20221124,09:34:46,18327.65,350,5657350
20221124,09:34:47,18325.10,350,5657350
20221124,09:34:48,18326.80,150,5657350
20221124,09:34:49,18325.95,150,5657350
20221124,09:34:50,18325.95,50,5657350
20221124,09:34:50,18327.00,400,5657350
20221124,09:34:52,18327.55,550,5657350
20221124,09:34:53,18326.00,600,5657350
20221124,09:34:54,18326.00,50,5657350
20221124,09:34:55,18325.95,50,5657350
20221124,09:34:56,18325.00,300,5657350
20221124,09:34:57,18325.15,800,5657350
20221124,09:34:59,18327.70,650,5657350
20221124,09:35:00,18327.65,400,5657350
20221124,09:35:01,18328.00,450,5657350
20221124,09:35:02,18328.00,750,5657350
20221124,09:35:03,18329.85,7200,5657350
20221124,09:35:04,18329.70,1250,5657350
20221124,09:35:05,18329.60,550,5657350
20221124,09:35:06,18329.75,100,5657350
20221124,09:35:07,18328.70,100,5657350
20221124,09:35:08,18329.65,550,5657350
20221124,09:35:10,18328.00,900,5657350
20221124,09:35:11,18328.00,450,5657350
20221124,09:35:12,18328.35,800,5657350
20221124,09:35:13,18327.80,100,5657350
20221124,09:35:14,18327.55,100,5657350
20221124,09:35:15,18329.15,150,5657350
20221124,09:35:16,18328.30,150,5657350
20221124,09:35:17,18328.05,450,5657350
20221124,09:35:18,18328.05,250,5657350
20221124,09:35:19,18328.10,750,5657350
20221124,09:35:20,18328.10,250,5657350
20221124,09:35:21,18327.00,550,5657350
20221124,09:35:22,18327.00,1000,5657350
20221124,09:35:24,18328.45,150,5657350
20221124,09:35:25,18328.65,650,5657350
20221124,09:35:26,18328.70,150,5657350
20221124,09:35:27,18328.25,200,5657350
20221124,09:35:28,18328.15,1050,5657350
20221124,09:35:29,18328.25,700,5657350
20221124,09:35:30,18328.05,400,5657350
20221124,09:35:31,18328.10,50,5657350
20221124,09:35:32,18325.05,2400,5657350
20221124,09:35:33,18328.20,800,5657350
20221124,09:35:35,18327.75,500,5657350
20221124,09:35:36,18327.45,100,5682600
20221124,09:35:37,18327.45,500,5682600
20221124,09:35:38,18324.50,2700,5682600
20221124,09:35:39,18327.20,950,5682600
20221124,09:35:40,18327.20,250,5682600
20221124,09:35:41,18327.00,500,5682600
20221124,09:35:42,18325.60,100,5682600
20221124,09:35:43,18326.85,100,5682600
20221124,09:35:44,18325.00,300,5682600
20221124,09:35:45,18326.70,50,5682600
20221124,09:35:47,18324.10,700,5682600
20221124,09:35:48,18326.60,650,5682600
20221124,09:35:49,18325.90,150,5682600
20221124,09:35:50,18326.80,400,5682600
20221124,09:35:51,18326.70,300,5682600
20221124,09:35:52,18326.60,600,5682600
20221124,09:35:53,18326.85,150,5682600
20221124,09:35:54,18327.00,100,5682600
20221124,09:35:55,18326.85,100,5682600
20221124,09:35:56,18326.70,500,5682600
20221124,09:35:57,18326.55,250,5682600
20221124,09:35:59,18325.00,300,5682600
20221124,09:36:00,18326.00,300,5682600
20221124,09:36:01,18325.05,50,5682600
20221124,09:36:02,18325.00,800,5682600
20221124,09:36:03,18325.75,50,5682600
20221124,09:36:04,18324.80,300,5682600
20221124,09:36:05,18325.05,150,5682600
20221124,09:36:06,18324.50,200,5682600
20221124,09:36:08,18324.85,50,5682600
20221124,09:36:09,18325.20,250,5682600
20221124,09:36:10,18324.05,200,5682600
20221124,09:36:11,18325.05,200,5682600
20221124,09:36:12,18326.35,400,5682600
20221124,09:36:13,18325.70,300,5682600
20221124,09:36:14,18325.75,100,5682600
20221124,09:36:15,18324.05,300,5682600
20221124,09:36:16,18325.00,50,5682600
20221124,09:36:17,18324.90,50,5682600
20221124,09:36:18,18324.05,300,5682600
20221124,09:36:19,18324.50,250,5682600
20221124,09:36:20,18324.00,50,5682600
20221124,09:36:21,18325.05,50,5682600
20221124,09:36:22,18325.00,200,5682600
20221124,09:36:23,18325.30,2600,5682600
20221124,09:36:24,18325.00,100,5682600
20221124,09:36:25,18324.65,550,5682600
20221124,09:36:27,18324.05,200,5682600
20221124,09:36:29,18323.20,450,5682600
20221124,09:36:30,18324.40,350,5682600
20221124,09:36:31,18324.05,450,5682600
20221124,09:36:32,18324.00,350,5682600
20221124,09:36:33,18324.40,350,5682600
20221124,09:36:34,18323.95,900,5682600
20221124,09:36:35,18323.00,300,5682600
20221124,09:36:36,18322.40,50,5682600
20221124,09:36:37,18322.95,100,5682600
20221124,09:36:38,18324.00,450,5682600
20221124,09:36:39,18324.00,200,5682600
20221124,09:36:40,18325.40,450,5682600
20221124,09:36:41,18326.60,500,5682600
20221124,09:36:42,18325.80,100,5682600
20221124,09:36:43,18325.80,750,5682600
20221124,09:36:44,18325.00,50,5682600
20221124,09:36:46,18326.00,650,5682600
20221124,09:36:47,18323.00,200,5682600
20221124,09:36:48,18324.00,500,5682600
20221124,09:36:49,18324.60,300,5682600
20221124,09:36:50,18325.30,50,5682600
20221124,09:36:51,18324.60,100,5682600
20221124,09:36:52,18322.25,1200,5682600
20221124,09:36:53,18322.25,150,5682600
20221124,09:36:54,18324.55,400,5682600
20221124,09:36:55,18325.15,2050,5682600
20221124,09:36:57,18324.20,100,5682600
20221124,09:36:58,18323.05,350,5682600
20221124,09:36:59,18324.55,100,5682600
20221124,09:37:00,18324.45,50,5682600
20221124,09:37:01,18323.65,150,5682600
20221124,09:37:02,18323.65,100,5682600
20221124,09:37:03,18323.00,50,5682600
20221124,09:37:04,18323.60,400,5682600
20221124,09:37:05,18323.60,300,5682600
20221124,09:37:06,18323.50,250,5682600
20221124,09:37:07,18322.80,100,5682600
20221124,09:37:09,18323.70,100,5682600
20221124,09:37:09,18322.20,50,5682600
20221124,09:37:10,18323.70,300,5682600
20221124,09:37:11,18323.70,250,5682600
20221124,09:37:12,18323.60,150,5682600
20221124,09:37:13,18322.50,100,5682600
20221124,09:37:15,18322.40,900,5682600
20221124,09:37:16,18323.85,50,5682600
20221124,09:37:17,18321.90,200,5682600
20221124,09:37:19,18323.60,2250,5682600
20221124,09:37:21,18321.75,50,5682600
20221124,09:37:22,18322.80,150,5682600
20221124,09:37:24,18323.30,250,5682600
20221124,09:37:25,18324.80,350,5682600
20221124,09:37:27,18323.65,650,5682600
20221124,09:37:28,18325.00,300,5682600
20221124,09:37:29,18325.35,600,5682600
20221124,09:37:30,18325.85,1000,5682600
20221124,09:37:31,18325.00,450,5682600
20221124,09:37:33,18325.00,350,5682600
20221124,09:37:33,18325.00,100,5682600
20221124,09:37:35,18325.65,450,5682600
20221124,09:37:36,18325.65,150,5682600
20221124,09:37:37,18325.15,1150,5682600
20221124,09:37:38,18326.00,1500,5682600
20221124,09:37:40,18327.00,1100,5682600
20221124,09:37:41,18327.05,2550,5682600
20221124,09:37:41,18327.55,400,5682600
20221124,09:37:42,18328.85,3400,5682600
20221124,09:37:43,18328.50,500,5682600
20221124,09:37:44,18328.00,100,5682600
20221124,09:37:46,18330.00,2950,5682600
20221124,09:37:47,18329.90,100,5682600
20221124,09:37:49,18333.55,7950,5682600
20221124,09:37:50,18332.00,900,5682600
20221124,09:37:51,18332.60,250,5682600
20221124,09:37:52,18333.00,1700,5682600
20221124,09:37:53,18333.50,50,5682600
20221124,09:37:55,18333.00,400,5682600
20221124,09:37:55,18334.40,2400,5682600
20221124,09:37:56,18333.00,300,5682600
20221124,09:37:57,18333.00,350,5682600
20221124,09:37:58,18333.00,150,5682600
20221124,09:38:00,18333.60,750,5682600
20221124,09:38:01,18333.65,450,5682600
20221124,09:38:02,18333.05,200,5682600
20221124,09:38:03,18334.20,200,5682600
20221124,09:38:04,18333.60,100,5682600
20221124,09:38:05,18334.80,700,5682600
20221124,09:38:07,18334.90,200,5682600
20221124,09:38:08,18335.00,1600,5682600
20221124,09:38:09,18335.00,650,5682600
20221124,09:38:10,18335.00,700,5682600
20221124,09:38:11,18336.00,1450,5682600
20221124,09:38:12,18336.25,300,5682600
20221124,09:38:13,18336.25,1000,5682600
20221124,09:38:14,18336.00,400,5682600
20221124,09:38:15,18336.45,2300,5682600
20221124,09:38:16,18335.05,800,5682600
20221124,09:38:17,18335.05,150,5682600
20221124,09:38:18,18335.85,250,5682600
20221124,09:38:19,18335.45,100,5682600
20221124,09:38:20,18336.25,200,5682600
20221124,09:38:21,18336.00,300,5682600
20221124,09:38:22,18337.55,4200,5682600
20221124,09:38:23,18335.85,100,5682600
20221124,09:38:25,18336.00,100,5682600
20221124,09:38:27,18335.15,450,5682600
20221124,09:38:28,18335.10,300,5682600
20221124,09:38:29,18335.70,500,5682600
20221124,09:38:30,18335.70,100,5682600
20221124,09:38:32,18335.05,350,5682600
20221124,09:38:32,18335.70,250,5682600
20221124,09:38:33,18335.40,100,5682600
20221124,09:38:34,18335.40,250,5682600
20221124,09:38:35,18335.70,300,5682600
20221124,09:38:36,18335.60,1450,5682600
20221124,09:38:37,18335.70,300,5686250
20221124,09:38:38,18336.90,800,5686250
20221124,09:38:39,18335.00,1300,5686250
20221124,09:38:40,18335.95,150,5686250
20221124,09:38:41,18336.85,300,5686250
20221124,09:38:42,18337.05,850,5686250
20221124,09:38:43,18335.05,300,5686250
20221124,09:38:44,18337.70,700,5686250
20221124,09:38:45,18337.70,200,5686250
20221124,09:38:46,18335.00,850,5686250
20221124,09:38:47,18335.00,400,5686250
20221124,09:38:48,18333.80,500,5686250
20221124,09:38:49,18333.90,200,5686250
20221124,09:38:50,18334.00,1150,5686250
20221124,09:38:51,18334.00,250,5686250
20221124,09:38:53,18335.00,950,5686250
20221124,09:38:54,18335.05,1550,5686250
20221124,09:38:55,18336.85,3600,5686250
20221124,09:38:56,18334.90,4850,5686250
20221124,09:38:57,18336.00,1150,5686250
20221124,09:38:58,18336.90,600,5686250
20221124,09:38:59,18337.80,50,5686250
20221124,09:39:00,18337.95,1850,5686250
20221124,09:39:01,18338.95,1450,5686250
20221124,09:39:02,18339.00,1500,5686250
20221124,09:39:03,18339.00,650,5686250
20221124,09:39:04,18339.00,1000,5686250
20221124,09:39:05,18339.00,250,5686250
20221124,09:39:06,18339.95,700,5686250
20221124,09:39:07,18339.95,300,5686250
20221124,09:39:08,18339.95,150,5686250
20221124,09:39:09,18339.60,300,5686250
20221124,09:39:10,18339.55,600,5686250
20221124,09:39:11,18343.20,39700,5686250
20221124,09:39:12,18341.20,750,5686250
20221124,09:39:13,18339.95,700,5686250
20221124,09:39:14,18339.95,500,5686250
20221124,09:39:15,18339.55,2050,5686250
20221124,09:39:16,18339.95,250,5686250
20221124,09:39:17,18341.00,750,5686250
20221124,09:39:18,18341.05,600,5686250
20221124,09:39:19,18340.00,550,5686250
20221124,09:39:20,18339.25,450,5686250
20221124,09:39:21,18340.35,1000,5686250
20221124,09:39:22,18340.35,100,5686250
20221124,09:39:23,18339.00,650,5686250
20221124,09:39:24,18339.95,100,5686250
20221124,09:39:26,18340.35,1100,5686250
20221124,09:39:27,18338.05,200,5686250
20221124,09:39:27,18340.35,100,5686250
20221124,09:39:29,18339.25,400,5686250
20221124,09:39:30,18339.95,200,5686250
20221124,09:39:30,18339.95,450,5686250
20221124,09:39:31,18340.25,2500,5686250
20221124,09:39:32,18340.95,200,5686250
20221124,09:39:33,18340.30,200,5686250
20221124,09:39:34,18339.25,200,5686250
20221124,09:39:35,18338.45,200,5686250
20221124,09:39:36,18340.40,150,5686250
20221124,09:39:37,18340.30,1550,5686250
20221124,09:39:38,18338.10,350,5686250
20221124,09:39:40,18340.30,800,5686250
20221124,09:39:41,18339.20,100,5686250
20221124,09:39:42,18337.60,300,5686250
20221124,09:39:43,18338.50,50,5686250
20221124,09:39:44,18339.70,100,5686250
20221124,09:39:45,18339.95,300,5686250
20221124,09:39:46,18338.50,100,5686250
20221124,09:39:47,18339.40,550,5686250
20221124,09:39:48,18339.40,650,5686250
20221124,09:39:49,18337.90,400,5686250
20221124,09:39:50,18338.55,750,5686250
20221124,09:39:51,18338.55,50,5686250
20221124,09:39:52,18340.00,200,5686250
20221124,09:39:53,18337.80,200,5686250
20221124,09:39:54,18339.80,150,5686250
20221124,09:39:55,18339.00,300,5686250
20221124,09:39:56,18338.30,300,5686250
20221124,09:39:56,18339.40,100,5686250
20221124,09:39:57,18339.60,100,5686250
20221124,09:39:58,18339.65,1750,5686250
20221124,09:39:59,18339.90,250,5686250
20221124,09:40:01,18338.90,1150,5686250
20221124,09:40:01,18339.60,150,5686250
20221124,09:40:02,18341.90,250,5686250
20221124,09:40:03,18340.05,700,5686250
20221124,09:40:04,18342.50,350,5686250
20221124,09:40:05,18342.50,50,5686250
20221124,09:40:07,18340.00,500,5686250
20221124,09:40:07,18340.00,50,5686250
20221124,09:40:08,18340.90,100,5686250
20221124,09:40:09,18341.45,500,5686250
20221124,09:40:10,18341.40,100,5686250
20221124,09:40:12,18341.25,100,5686250
20221124,09:40:13,18341.65,150,5686250
20221124,09:40:14,18340.00,750,5686250
20221124,09:40:15,18340.00,250,5686250
20221124,09:40:15,18340.00,600,5686250
20221124,09:40:17,18339.95,350,5686250
20221124,09:40:19,18340.00,250,5686250
20221124,09:40:20,18340.45,50,5686250
20221124,09:40:21,18339.90,650,5686250
20221124,09:40:22,18340.00,600,5686250
20221124,09:40:23,18340.00,450,5686250
20221124,09:40:24,18339.95,150,5686250
20221124,09:40:26,18339.00,100,5686250
20221124,09:40:27,18339.00,500,5686250
20221124,09:40:28,18339.80,100,5686250
20221124,09:40:29,18339.85,450,5686250
20221124,09:40:30,18339.80,200,5686250
20221124,09:40:31,18339.10,100,5686250
20221124,09:40:33,18339.75,600,5686250
20221124,09:40:33,18339.10,1550,5686250
20221124,09:40:36,18339.80,450,5686250
20221124,09:40:36,18339.10,50,5686250
20221124,09:40:38,18339.80,300,5686250
20221124,09:40:39,18339.80,600,5686250
20221124,09:40:40,18339.00,2300,5686250
20221124,09:40:41,18340.45,150,5686250
20221124,09:40:42,18340.45,550,5686250
20221124,09:40:43,18341.00,400,5686250
20221124,09:40:44,18341.00,150,5686250
20221124,09:40:46,18339.30,300,5686250
20221124,09:40:47,18339.35,600,5686250
20221124,09:40:48,18340.00,150,5686250
20221124,09:40:49,18341.00,150,5686250
20221124,09:40:52,18341.50,750,5686250
20221124,09:40:53,18341.25,50,5686250
20221124,09:40:54,18339.45,50,5686250
20221124,09:40:55,18340.45,50,5686250
20221124,09:40:56,18340.35,100,5686250
20221124,09:40:57,18340.35,50,5686250
20221124,09:40:59,18340.05,100,5686250
20221124,09:41:00,18340.20,250,5686250
20221124,09:41:01,18340.00,150,5686250
20221124,09:41:02,18340.85,950,5686250
20221124,09:41:03,18339.00,1150,5686250
20221124,09:41:05,18339.00,200,5686250
20221124,09:41:06,18339.00,50,5686250
20221124,09:41:07,18339.00,250,5686250
20221124,09:41:08,18339.00,50,5686250
20221124,09:41:09,18339.80,200,5686250
20221124,09:41:10,18339.00,150,5686250
20221124,09:41:11,18338.00,400,5686250
20221124,09:41:11,18339.75,100,5686250
20221124,09:41:12,18338.00,50,5686250
20221124,09:41:13,18339.00,350,5686250
20221124,09:41:15,18339.00,450,5686250
20221124,09:41:18,18339.90,100,5686250
20221124,09:41:19,18340.00,150,5686250
20221124,09:41:20,18339.00,300,5686250
20221124,09:41:21,18339.00,300,5686250
20221124,09:41:22,18340.00,200,5686250
20221124,09:41:24,18338.10,250,5686250
20221124,09:41:25,18339.75,400,5686250
20221124,09:41:26,18340.00,50,5686250
20221124,09:41:26,18340.00,200,5686250
20221124,09:41:27,18338.10,150,5686250
20221124,09:41:28,18340.00,100,5686250
20221124,09:41:30,18338.10,350,5686250
20221124,09:41:31,18338.10,200,5686250
20221124,09:41:32,18340.00,50,5686250
20221124,09:41:33,18338.15,200,5686250
20221124,09:41:34,18338.10,150,5686250
20221124,09:41:37,18339.90,250,5686250
20221124,09:41:38,18338.15,50,5709800
20221124,09:41:39,18338.00,1100,5709800
20221124,09:41:40,18338.05,100,5709800
20221124,09:41:41,18338.00,50,5709800
20221124,09:41:43,18338.05,50,5709800
20221124,09:41:43,18338.05,150,5709800
20221124,09:41:44,18338.05,650,5709800
20221124,09:41:45,18338.05,50,5709800
20221124,09:41:47,18338.00,300,5709800
20221124,09:41:48,18338.10,300,5709800
20221124,09:41:49,18337.90,250,5709800
20221124,09:41:51,18338.00,350,5709800
20221124,09:41:52,18335.45,150,5709800
20221124,09:41:53,18335.45,200,5709800
20221124,09:41:54,18336.10,200,5709800
20221124,09:41:55,18338.00,400,5709800
20221124,09:41:56,18340.00,1750,5709800
20221124,09:41:57,18339.75,250,5709800
20221124,09:41:58,18337.70,50,5709800
20221124,09:41:59,18339.50,250,5709800
20221124,09:42:00,18337.40,150,5709800
20221124,09:42:01,18338.80,100,5709800
20221124,09:42:02,18339.10,250,5709800
20221124,09:42:03,18338.00,200,5709800
20221124,09:42:04,18337.50,2000,5709800
20221124,09:42:05,18338.05,150,5709800
20221124,09:42:06,18337.65,250,5709800
20221124,09:42:07,18337.90,150,5709800
20221124,09:42:08,18337.40,50,5709800
20221124,09:42:09,18338.15,350,5709800
20221124,09:42:10,18339.55,150,5709800
20221124,09:42:11,18336.60,650,5709800
20221124,09:42:12,18337.35,300,5709800
20221124,09:42:13,18337.35,50,5709800
20221124,09:42:14,18337.35,50,5709800
20221124,09:42:15,18337.45,400,5709800
20221124,09:42:16,18338.00,100,5709800
20221124,09:42:18,18337.00,550,5709800
20221124,09:42:19,18337.00,150,5709800
20221124,09:42:20,18337.00,100,5709800
20221124,09:42:21,18337.95,400,5709800
20221124,09:42:22,18337.50,100,5709800
20221124,09:42:23,18337.00,50,5709800
20221124,09:42:25,18337.00,1400,5709800
20221124,09:42:27,18337.00,200,5709800
20221124,09:42:28,18336.00,100,5709800
20221124,09:42:29,18336.00,200,5709800
20221124,09:42:31,18336.80,400,5709800
20221124,09:42:33,18336.55,300,5709800
20221124,09:42:33,18336.00,350,5709800
20221124,09:42:34,18336.40,100,5709800
20221124,09:42:37,18338.55,750,5709800
20221124,09:42:38,18338.60,450,5709800
20221124,09:42:39,18336.25,450,5709800
20221124,09:42:39,18336.55,1150,5709800
20221124,09:42:40,18337.85,1550,5709800
20221124,09:42:42,18336.95,300,5709800
20221124,09:42:43,18338.30,600,5709800
20221124,09:42:44,18337.35,100,5709800
20221124,09:42:45,18337.15,300,5709800
20221124,09:42:46,18338.50,300,5709800
20221124,09:42:48,18338.00,1700,5709800
20221124,09:42:49,18337.60,350,5709800
20221124,09:42:50,18338.75,100,5709800
20221124,09:42:51,18338.20,250,5709800
20221124,09:42:54,18336.05,450,5709800
20221124,09:42:55,18337.95,300,5709800
20221124,09:42:56,18336.25,150,5709800
20221124,09:42:57,18336.15,200,5709800
20221124,09:42:58,18337.05,100,5709800
20221124,09:42:59,18337.00,100,5709800
20221124,09:43:01,18336.20,400,5709800
20221124,09:43:02,18338.25,150,5709800
20221124,09:43:03,18338.00,450,5709800
20221124,09:43:03,18338.00,50,5709800
20221124,09:43:04,18338.00,50,5709800
20221124,09:43:05,18338.00,450,5709800
20221124,09:43:07,18337.95,600,5709800
20221124,09:43:08,18336.30,100,5709800
20221124,09:43:09,18336.30,250,5709800
20221124,09:43:10,18336.05,450,5709800
20221124,09:43:13,18338.00,250,5709800
20221124,09:43:14,18336.80,50,5709800
20221124,09:43:15,18336.65,850,5709800
20221124,09:43:16,18338.35,1350,5709800
20221124,09:43:17,18338.35,300,5709800
20221124,09:43:19,18338.35,1300,5709800
20221124,09:43:20,18338.35,500,5709800
20221124,09:43:21,18339.55,950,5709800
20221124,09:43:22,18338.25,300,5709800
20221124,09:43:23,18340.00,2800,5709800
20221124,09:43:24,18340.00,150,5709800
20221124,09:43:26,18341.30,2050,5709800
20221124,09:43:27,18339.95,200,5709800
20221124,09:43:28,18339.95,100,5709800
20221124,09:43:29,18342.00,250,5709800
20221124,09:43:30,18341.00,650,5709800
20221124,09:43:31,18341.00,400,5709800
20221124,09:43:33,18341.00,50,5709800
20221124,09:43:34,18341.40,1200,5709800
20221124,09:43:35,18339.95,50,5709800
20221124,09:43:36,18341.60,300,5709800
20221124,09:43:37,18341.40,350,5709800
20221124,09:43:38,18340.00,2300,5709800
20221124,09:43:40,18340.00,50,5709800
20221124,09:43:43,18341.00,100,5709800
20221124,09:43:44,18341.80,200,5709800
20221124,09:43:45,18341.50,6150,5709800
20221124,09:43:46,18341.55,650,5709800
20221124,09:43:46,18341.55,500,5709800
20221124,09:43:47,18341.70,250,5709800
20221124,09:43:50,18339.15,650,5709800
20221124,09:43:51,18339.90,200,5709800
20221124,09:43:52,18340.95,650,5709800
20221124,09:43:52,18339.90,150,5709800
20221124,09:43:53,18339.90,250,5709800
20221124,09:43:54,18338.25,250,5709800
20221124,09:43:56,18339.20,250,5709800
20221124,09:43:57,18341.00,250,5709800
20221124,09:43:58,18341.00,850,5709800
20221124,09:43:59,18342.00,250,5709800
20221124,09:44:00,18342.00,600,5709800
20221124,09:44:01,18340.00,250,5709800
20221124,09:44:02,18342.00,1100,5709800
20221124,09:44:04,18340.50,3650,5709800
20221124,09:44:05,18341.50,450,5709800
20221124,09:44:06,18345.00,3850,5709800
20221124,09:44:06,18345.00,100,5709800
20221124,09:44:07,18344.00,350,5709800
20221124,09:44:09,18344.75,900,5709800
20221124,09:44:10,18345.00,750,5709800
20221124,09:44:11,18345.00,1950,5709800
20221124,09:44:12,18344.90,300,5709800
20221124,09:44:13,18345.00,700,5709800
20221124,09:44:13,18345.00,50,5709800
20221124,09:44:15,18345.50,1550,5709800
20221124,09:44:16,18345.70,400,5709800
20221124,09:44:17,18346.10,450,5709800
20221124,09:44:18,18346.35,200,5709800
20221124,09:44:19,18346.35,1650,5709800
20221124,09:44:19,18346.40,50,5709800
20221124,09:44:21,18346.60,550,5709800
20221124,09:44:22,18346.65,800,5709800
20221124,09:44:23,18347.00,800,5709800
20221124,09:44:24,18347.00,550,5709800
20221124,09:44:24,18347.00,500,5709800
20221124,09:44:26,18347.00,350,5709800
20221124,09:44:27,18347.45,200,5709800
20221124,09:44:28,18347.00,250,5709800
20221124,09:44:29,18347.10,1150,5709800
20221124,09:44:29,18347.10,3300,5709800
20221124,09:44:31,18347.10,1450,5709800
20221124,09:44:32,18347.80,400,5709800
20221124,09:44:33,18347.90,1750,5709800
20221124,09:44:34,18345.50,4050,5709800
20221124,09:44:35,18347.10,300,5709800
20221124,09:44:37,18347.95,250,5709800
20221124,09:44:38,18347.05,1250,5709800
20221124,09:44:39,18347.00,300,5701450
20221124,09:44:41,18347.20,150,5701450
20221124,09:44:42,18347.50,500,5701450
20221124,09:44:43,18347.45,400,5701450
20221124,09:44:44,18347.05,1250,5701450
20221124,09:44:45,18346.40,100,5701450
20221124,09:44:46,18345.25,150,5701450
20221124,09:44:47,18346.35,100,5701450
20221124,09:44:48,18345.95,800,5701450
20221124,09:44:50,18345.00,100,5701450
20221124,09:44:51,18346.15,250,5701450
20221124,09:44:52,18346.00,350,5701450
20221124,09:44:53,18345.00,500,5701450
20221124,09:44:54,18345.90,50,5701450
20221124,09:44:56,18345.75,50,5701450
20221124,09:44:57,18346.00,500,5701450
20221124,09:44:58,18346.00,50,5701450
20221124,09:44:59,18346.00,50,5701450
20221124,09:45:01,18346.00,500,5701450
20221124,09:45:02,18348.00,3600,5701450
20221124,09:45:03,18348.00,7950,5701450
20221124,09:45:04,18347.50,6900,5701450
20221124,09:45:04,18347.45,500,5701450
20221124,09:45:06,18347.05,3850,5701450
20221124,09:45:07,18347.05,400,5701450
20221124,09:45:08,18347.20,700,5701450
20221124,09:45:09,18346.40,3500,5701450
20221124,09:45:11,18345.00,150,5701450
20221124,09:45:12,18345.00,300,5701450
20221124,09:45:13,18345.00,50,5701450
20221124,09:45:15,18345.70,2150,5701450
20221124,09:45:15,18345.55,500,5701450
20221124,09:45:17,18345.00,100,5701450
20221124,09:45:18,18345.00,300,5701450
20221124,09:45:19,18345.00,200,5701450
20221124,09:45:20,18345.00,2650,5701450
20221124,09:45:21,18344.00,150,5701450
20221124,09:45:22,18344.00,100,5701450
20221124,09:45:23,18345.45,3450,5701450
20221124,09:45:25,18343.00,2300,5701450
20221124,09:45:26,18345.00,100,5701450
20221124,09:45:28,18345.25,200,5701450
20221124,09:45:29,18345.00,50,5701450
20221124,09:45:30,18343.40,100,5701450
20221124,09:45:31,18346.00,50,5701450
20221124,09:45:32,18345.10,100,5701450
20221124,09:45:33,18345.15,1550,5701450
20221124,09:45:34,18345.15,50,5701450
20221124,09:45:35,18345.20,50,5701450
20221124,09:45:36,18343.70,4900,5701450
20221124,09:45:39,18345.20,450,5701450
20221124,09:45:40,18344.55,4750,5701450
20221124,09:45:41,18345.00,650,5701450
20221124,09:45:42,18345.00,250,5701450
20221124,09:45:44,18345.00,50,5701450
20221124,09:45:45,18345.00,2750,5701450
20221124,09:45:46,18345.00,1550,5701450
20221124,09:45:47,18345.00,950,5701450
20221124,09:45:48,18345.00,50,5701450
20221124,09:45:49,18345.00,2500,5701450
20221124,09:45:50,18345.00,1250,5701450
20221124,09:45:51,18345.00,950,5701450
20221124,09:45:52,18345.00,600,5701450
20221124,09:45:53,18344.45,350,5701450
20221124,09:45:54,18344.00,100,5701450
20221124,09:45:55,18346.00,1850,5701450
20221124,09:45:56,18345.05,650,5701450
20221124,09:45:57,18345.05,50,5701450
20221124,09:45:58,18346.40,50,5701450
20221124,09:45:59,18345.00,1900,5701450
20221124,09:46:00,18345.20,100,5701450
20221124,09:46:01,18346.85,800,5701450
20221124,09:46:02,18346.85,1000,5701450
20221124,09:46:03,18343.50,750,5701450
20221124,09:46:04,18347.00,600,5701450
20221124,09:46:05,18346.20,100,5701450
20221124,09:46:06,18345.15,100,5701450
20221124,09:46:07,18346.35,300,5701450
20221124,09:46:09,18345.00,2650,5701450
20221124,09:46:10,18345.80,3600,5701450
20221124,09:46:12,18345.30,300,5701450
20221124,09:46:15,18345.30,50,5701450
20221124,09:46:16,18345.25,50,5701450
20221124,09:46:17,18345.30,300,5701450
20221124,09:46:18,18345.00,25350,5701450
20221124,09:46:19,18343.00,500,5701450
20221124,09:46:20,18343.00,50,5701450
20221124,09:46:21,18345.30,100,5701450
20221124,09:46:22,18343.70,50,5701450
20221124,09:46:23,18343.70,100,5701450
20221124,09:46:24,18343.70,200,5701450
20221124,09:46:25,18343.70,1850,5701450
20221124,09:46:26,18345.30,150,5701450
20221124,09:46:28,18343.75,250,5701450
20221124,09:46:29,18343.90,100,5701450
20221124,09:46:30,18343.80,350,5701450
20221124,09:46:31,18345.00,100,5701450
20221124,09:46:33,18343.75,50,5701450
20221124,09:46:34,18343.75,200,5701450
20221124,09:46:35,18345.00,200,5701450
20221124,09:46:37,18343.70,50,5701450
20221124,09:46:39,18343.70,50,5701450
20221124,09:46:40,18343.80,50,5701450
20221124,09:46:42,18345.00,100,5701450
20221124,09:46:43,18344.05,50,5701450
20221124,09:46:45,18344.05,400,5701450
20221124,09:46:47,18345.30,300,5701450
20221124,09:46:48,18345.00,50,5701450
20221124,09:46:50,18346.00,150,5701450
20221124,09:46:51,18346.00,350,5701450
20221124,09:46:52,18345.45,250,5701450
20221124,09:46:53,18345.00,1000,5701450
20221124,09:46:54,18345.00,750,5701450
20221124,09:46:55,18345.00,250,5701450
20221124,09:46:56,18345.00,1450,5701450
20221124,09:46:57,18345.00,200,5701450
20221124,09:46:59,18344.95,1650,5701450
20221124,09:47:00,18344.25,200,5701450
20221124,09:47:01,18344.05,250,5701450
20221124,09:47:02,18344.05,1850,5701450
20221124,09:47:03,18344.05,550,5701450
20221124,09:47:04,18345.00,900,5701450
20221124,09:47:05,18345.00,350,5701450
20221124,09:47:07,18345.00,800,5701450
20221124,09:47:09,18344.05,400,5701450
20221124,09:47:10,18342.35,750,5701450
20221124,09:47:11,18343.75,150,5701450
20221124,09:47:13,18342.05,400,5701450
20221124,09:47:14,18342.10,250,5701450
20221124,09:47:15,18343.00,1900,5701450
20221124,09:47:16,18344.05,500,5701450
20221124,09:47:17,18342.00,250,5701450
20221124,09:47:19,18343.35,850,5701450
20221124,09:47:20,18342.15,50,5701450
20221124,09:47:21,18342.15,200,5701450
20221124,09:47:22,18342.10,250,5701450
20221124,09:47:23,18343.10,300,5701450
20221124,09:47:24,18341.60,50,5701450
20221124,09:47:25,18342.00,950,5701450
20221124,09:47:26,18343.25,750,5701450
20221124,09:47:27,18341.30,550,5701450
20221124,09:47:28,18343.00,100,5701450
20221124,09:47:29,18341.15,500,5701450
20221124,09:47:30,18343.40,100,5701450
20221124,09:47:31,18341.60,400,5701450
20221124,09:47:32,18341.60,500,5701450
20221124,09:47:33,18343.00,300,5701450
20221124,09:47:34,18343.00,1100,5701450
20221124,09:47:35,18343.00,100,5701450
20221124,09:47:37,18343.00,700,5701450
20221124,09:47:38,18341.90,350,5701450
20221124,09:47:39,18343.00,950,5732500
20221124,09:47:40,18342.40,850,5732500
20221124,09:47:41,18343.00,450,5732500
20221124,09:47:42,18343.00,600,5732500
20221124,09:47:43,18343.00,500,5732500
20221124,09:47:44,18342.35,1350,5732500
20221124,09:47:45,18342.75,200,5732500
20221124,09:47:46,18343.00,550,5732500
20221124,09:47:48,18343.00,350,5732500
20221124,09:47:49,18342.95,700,5732500
20221124,09:47:50,18342.90,200,5732500
20221124,09:47:51,18343.00,1050,5732500
20221124,09:47:52,18342.90,50,5732500
20221124,09:47:53,18342.60,300,5732500
20221124,09:47:54,18342.70,100,5732500
20221124,09:47:55,18342.70,600,5732500
20221124,09:47:57,18342.50,650,5732500
20221124,09:47:58,18343.00,300,5732500
20221124,09:47:59,18343.00,2150,5732500
20221124,09:48:00,18342.55,200,5732500
20221124,09:48:01,18342.80,150,5732500
20221124,09:48:02,18342.65,450,5732500
20221124,09:48:03,18343.00,550,5732500
20221124,09:48:04,18344.90,3500,5732500
20221124,09:48:05,18344.95,500,5732500
20221124,09:48:06,18343.75,250,5732500
20221124,09:48:07,18345.00,200,5732500
20221124,09:48:09,18343.45,200,5732500
20221124,09:48:10,18345.00,850,5732500
20221124,09:48:12,18344.00,50,5732500
20221124,09:48:13,18343.85,250,5732500
20221124,09:48:14,18345.05,450,5732500
20221124,09:48:15,18345.00,850,5732500
20221124,09:48:16,18344.15,200,5732500
20221124,09:48:17,18346.00,2300,5732500
20221124,09:48:18,18344.15,400,5732500
20221124,09:48:19,18346.50,850,5732500
20221124,09:48:20,18344.15,100,5732500
20221124,09:48:21,18345.00,350,5732500
20221124,09:48:22,18344.35,300,5732500
20221124,09:48:23,18344.40,200,5732500
20221124,09:48:24,18344.15,1500,5732500
20221124,09:48:25,18347.00,600,5732500
20221124,09:48:26,18347.00,50,5732500
20221124,09:48:28,18346.95,850,5732500
20221124,09:48:30,18345.05,200,5732500
20221124,09:48:31,18347.00,800,5732500
20221124,09:48:32,18344.35,450,5732500
20221124,09:48:34,18344.25,200,5732500
20221124,09:48:35,18344.25,450,5732500
20221124,09:48:36,18344.35,50,5732500
20221124,09:48:37,18344.10,150,5732500
20221124,09:48:38,18344.25,650,5732500
20221124,09:48:39,18344.25,150,5732500
20221124,09:48:40,18344.25,650,5732500
20221124,09:48:41,18346.00,250,5732500
20221124,09:48:42,18346.25,50,5732500
20221124,09:48:43,18344.40,50,5732500
20221124,09:48:44,18343.75,100,5732500
20221124,09:48:46,18344.05,350,5732500
20221124,09:48:47,18344.25,550,5732500
20221124,09:48:48,18344.00,50,5732500
20221124,09:48:49,18343.75,150,5732500
20221124,09:48:50,18345.50,600,5732500
20221124,09:48:51,18342.45,1100,5732500
20221124,09:48:52,18344.25,250,5732500
20221124,09:48:53,18342.15,300,5732500
20221124,09:48:54,18344.50,50,5732500
20221124,09:48:55,18342.15,150,5732500
20221124,09:48:56,18342.15,200,5732500
20221124,09:48:58,18343.10,250,5732500
20221124,09:48:58,18344.00,50,5732500
20221124,09:48:59,18343.10,50,5732500
20221124,09:49:00,18343.75,300,5732500
20221124,09:49:01,18346.40,2350,5732500
20221124,09:49:02,18346.75,400,5732500
20221124,09:49:04,18343.45,150,5732500
20221124,09:49:04,18345.00,100,5732500
20221124,09:49:06,18343.55,200,5732500
20221124,09:49:07,18343.50,300,5732500
20221124,09:49:10,18343.10,250,5732500
20221124,09:49:10,18343.50,400,5732500
20221124,09:49:11,18343.00,150,5732500
20221124,09:49:12,18342.60,300,5732500
20221124,09:49:13,18343.10,300,5732500
20221124,09:49:14,18343.10,300,5732500
20221124,09:49:16,18342.80,250,5732500
20221124,09:49:16,18342.80,200,5732500
20221124,09:49:17,18343.10,400,5732500
20221124,09:49:18,18343.10,200,5732500
20221124,09:49:19,18343.50,850,5732500
20221124,09:49:20,18343.50,100,5732500
20221124,09:49:22,18342.30,950,5732500
20221124,09:49:22,18343.50,100,5732500
20221124,09:49:24,18343.50,400,5732500
20221124,09:49:26,18342.30,500,5732500
20221124,09:49:28,18342.10,300,5732500
20221124,09:49:29,18342.00,100,5732500
20221124,09:49:30,18342.00,150,5732500
20221124,09:49:31,18342.75,150,5732500
20221124,09:49:32,18342.00,1050,5732500
20221124,09:49:34,18343.00,50,5732500
20221124,09:49:35,18342.20,250,5732500
20221124,09:49:36,18343.50,300,5732500
20221124,09:49:37,18343.50,100,5732500
20221124,09:49:38,18342.00,1100,5732500
20221124,09:49:40,18341.55,150,5732500
20221124,09:49:41,18340.45,1850,5732500
20221124,09:49:42,18340.30,50,5732500
20221124,09:49:43,18340.40,750,5732500
20221124,09:49:44,18340.10,1050,5732500
20221124,09:49:46,18340.15,250,5732500
20221124,09:49:46,18340.55,50,5732500
20221124,09:49:47,18340.05,250,5732500
20221124,09:49:48,18339.15,1550,5732500
20221124,09:49:49,18341.50,850,5732500
20221124,09:49:50,18340.15,100,5732500
20221124,09:49:52,18338.85,750,5732500
20221124,09:49:53,18338.85,450,5732500
20221124,09:49:54,18339.05,750,5732500
20221124,09:49:55,18339.10,450,5732500
20221124,09:49:56,18339.20,200,5732500
20221124,09:49:58,18338.80,350,5732500
20221124,09:49:59,18338.95,50,5732500
20221124,09:50:00,18338.75,200,5732500
20221124,09:50:01,18338.65,1100,5732500
20221124,09:50:02,18339.25,1400,5732500
20221124,09:50:04,18340.00,350,5732500
20221124,09:50:05,18340.15,3100,5732500
20221124,09:50:06,18340.60,350,5732500
20221124,09:50:07,18341.55,600,5732500
20221124,09:50:09,18341.30,150,5732500
20221124,09:50:10,18340.90,150,5732500
20221124,09:50:11,18340.90,100,5732500
20221124,09:50:12,18340.65,50,5732500
20221124,09:50:13,18340.65,350,5732500
20221124,09:50:15,18340.90,50,5732500
20221124,09:50:16,18340.20,250,5732500
20221124,09:50:17,18340.20,100,5732500
20221124,09:50:18,18340.20,2800,5732500
20221124,09:50:19,18340.20,950,5732500
20221124,09:50:21,18340.20,1100,5732500
20221124,09:50:22,18340.20,500,5732500
20221124,09:50:23,18340.60,500,5732500
20221124,09:50:24,18339.90,50,5732500
20221124,09:50:25,18339.40,200,5732500
20221124,09:50:27,18340.00,250,5732500
20221124,09:50:28,18339.90,600,5732500
20221124,09:50:29,18339.90,300,5732500
20221124,09:50:30,18338.75,650,5732500
20221124,09:50:31,18339.90,600,5732500
20221124,09:50:33,18338.75,150,5732500
20221124,09:50:33,18339.00,50,5732500
20221124,09:50:34,18338.70,100,5732500
20221124,09:50:35,18339.00,150,5732500
20221124,09:50:36,18338.10,200,5732500
20221124,09:50:37,18338.00,250,5732500
20221124,09:50:39,18338.20,700,5719100
20221124,09:50:39,18338.20,950,5719100
20221124,09:50:40,18338.20,800,5719100
20221124,09:50:41,18338.70,100,5719100
20221124,09:50:42,18338.70,50,5719100
20221124,09:50:43,18338.75,700,5719100
20221124,09:50:44,18338.40,400,5719100
20221124,09:50:46,18338.40,10350,5719100
20221124,09:50:47,18337.95,250,5719100
20221124,09:50:48,18338.80,2200,5719100
20221124,09:50:49,18338.85,250,5719100
20221124,09:50:51,18339.00,250,5719100
20221124,09:50:51,18338.85,200,5719100
20221124,09:50:52,18338.80,200,5719100
20221124,09:50:53,18338.40,550,5719100
20221124,09:50:54,18338.85,100,5719100
20221124,09:50:55,18338.70,500,5719100
20221124,09:50:56,18339.05,100,5719100
20221124,09:50:58,18338.50,200,5719100
20221124,09:50:59,18338.45,300,5719100
20221124,09:50:59,18339.30,50,5719100
20221124,09:51:00,18340.65,2700,5719100
20221124,09:51:01,18340.15,1200,5719100
20221124,09:51:02,18340.65,10150,5719100
20221124,09:51:04,18339.90,700,5719100
20221124,09:51:05,18340.00,750,5719100
20221124,09:51:05,18340.00,100,5719100
20221124,09:51:06,18339.15,650,5719100
20221124,09:51:07,18339.20,700,5719100
20221124,09:51:08,18340.00,300,5719100
20221124,09:51:09,18338.85,350,5719100
20221124,09:51:11,18340.00,900,5719100
20221124,09:51:12,18340.00,1850,5719100
20221124,09:51:13,18340.65,200,5719100
20221124,09:51:15,18338.20,150,5719100
20221124,09:51:16,18338.75,150,5719100
20221124,09:51:17,18338.20,750,5719100
20221124,09:51:19,18338.20,350,5719100
20221124,09:51:20,18338.20,50,5719100
20221124,09:51:21,18338.75,100,5719100
20221124,09:51:22,18338.80,250,5719100
20221124,09:51:23,18339.80,400,5719100
20221124,09:51:25,18339.00,200,5719100
20221124,09:51:26,18338.00,950,5719100
20221124,09:51:27,18338.00,250,5719100
20221124,09:51:27,18337.75,100,5719100
20221124,09:51:29,18338.15,350,5719100
20221124,09:51:30,18338.15,50,5719100
20221124,09:51:32,18338.30,250,5719100
20221124,09:51:33,18339.00,1000,5719100
20221124,09:51:35,18339.15,200,5719100
20221124,09:51:37,18338.25,250,5719100
20221124,09:51:38,18339.40,1550,5719100
20221124,09:51:39,18339.05,300,5719100
20221124,09:51:40,18338.90,400,5719100
20221124,09:51:42,18339.10,500,5719100
20221124,09:51:43,18340.00,1050,5719100
20221124,09:51:44,18340.05,700,5719100
20221124,09:51:44,18340.10,50,5719100
20221124,09:51:45,18340.10,350,5719100
20221124,09:51:46,18340.00,1100,5719100
20221124,09:51:47,18340.00,550,5719100
20221124,09:51:49,18338.65,450,5719100
20221124,09:51:50,18338.55,350,5719100
20221124,09:51:51,18339.00,650,5719100
20221124,09:51:52,18339.00,200,5719100
20221124,09:51:53,18339.80,100,5719100
20221124,09:51:55,18339.60,300,5719100
20221124,09:51:56,18339.10,700,5719100
20221124,09:51:58,18340.00,700,5719100
20221124,09:52:01,18339.65,450,5719100
20221124,09:52:02,18340.35,900,5719100
20221124,09:52:03,18340.65,1500,5719100
20221124,09:52:03,18340.65,150,5719100
20221124,09:52:04,18341.50,400,5719100
20221124,09:52:05,18341.50,2300,5719100
20221124,09:52:07,18342.15,6600,5719100
20221124,09:52:08,18342.35,2250,5719100
20221124,09:52:09,18342.25,500,5719100
20221124,09:52:09,18342.45,100,5719100
20221124,09:52:10,18341.80,250,5719100
20221124,09:52:11,18342.10,350,5719100
20221124,09:52:12,18342.55,50,5719100
20221124,09:52:14,18342.70,1200,5719100
20221124,09:52:15,18342.40,550,5719100
20221124,09:52:16,18342.65,2050,5719100
20221124,09:52:17,18342.40,100,5719100
20221124,09:52:18,18343.15,1350,5719100
20221124,09:52:19,18343.10,650,5719100
20221124,09:52:21,18342.80,1400,5719100
20221124,09:52:22,18342.35,1250,5719100
20221124,09:52:23,18344.55,600,5719100
20221124,09:52:24,18343.40,450,5719100
20221124,09:52:25,18343.00,500,5719100
20221124,09:52:27,18343.00,1900,5719100
20221124,09:52:28,18342.95,600,5719100
20221124,09:52:29,18343.00,100,5719100
20221124,09:52:30,18343.05,250,5719100
20221124,09:52:31,18343.10,450,5719100
20221124,09:52:33,18343.20,200,5719100
20221124,09:52:35,18343.00,150,5719100
20221124,09:52:36,18343.85,1400,5719100
20221124,09:52:37,18342.15,850,5719100
20221124,09:52:38,18341.70,3250,5719100
20221124,09:52:39,18342.80,450,5719100
20221124,09:52:40,18341.80,2300,5719100
20221124,09:52:42,18342.00,2500,5719100
20221124,09:52:43,18342.25,1000,5719100
20221124,09:52:44,18342.35,2150,5719100
20221124,09:52:45,18342.20,3350,5719100
20221124,09:52:46,18342.15,1200,5719100
20221124,09:52:48,18341.95,2350,5719100
20221124,09:52:49,18342.25,1400,5719100
20221124,09:52:49,18342.35,500,5719100
20221124,09:52:50,18342.20,2150,5719100
20221124,09:52:51,18342.75,2250,5719100
20221124,09:52:53,18343.00,1200,5719100
20221124,09:52:54,18343.10,300,5719100
20221124,09:52:54,18342.90,500,5719100
20221124,09:52:55,18342.80,500,5719100
20221124,09:52:56,18342.75,500,5719100
20221124,09:52:57,18342.80,450,5719100
20221124,09:52:58,18342.70,2100,5719100
20221124,09:53:00,18343.50,1350,5719100
20221124,09:53:01,18342.70,700,5719100
20221124,09:53:01,18343.05,100,5719100
20221124,09:53:02,18342.00,750,5719100
20221124,09:53:03,18342.00,900,5719100
20221124,09:53:05,18342.65,800,5719100
20221124,09:53:06,18342.40,100,5719100
20221124,09:53:06,18342.20,150,5719100
20221124,09:53:07,18342.25,650,5719100
20221124,09:53:08,18342.70,3700,5719100
20221124,09:53:10,18343.45,1050,5719100
20221124,09:53:11,18343.40,600,5719100
20221124,09:53:13,18344.10,550,5719100
20221124,09:53:15,18343.30,250,5719100
20221124,09:53:17,18342.55,400,5719100
20221124,09:53:18,18342.55,150,5719100
20221124,09:53:18,18342.25,100,5719100
20221124,09:53:19,18341.70,450,5719100
20221124,09:53:21,18341.60,400,5719100
20221124,09:53:22,18340.90,850,5719100
20221124,09:53:23,18341.90,50,5719100
20221124,09:53:24,18341.05,450,5719100
20221124,09:53:25,18341.35,200,5719100
20221124,09:53:27,18340.85,200,5719100
20221124,09:53:28,18341.65,500,5719100
20221124,09:53:29,18342.05,500,5719100
20221124,09:53:29,18342.15,50,5719100
20221124,09:53:30,18342.00,900,5719100
20221124,09:53:31,18342.25,600,5719100
20221124,09:53:33,18342.15,400,5719100
20221124,09:53:34,18341.80,450,5719100
20221124,09:53:35,18342.25,150,5719100
20221124,09:53:35,18341.90,50,5719100
20221124,09:53:37,18342.50,250,5719100
20221124,09:53:39,18341.95,100,5707300
20221124,09:53:40,18341.65,250,5707300
20221124,09:53:41,18342.25,500,5707300
20221124,09:53:43,18342.00,1150,5707300
20221124,09:53:44,18341.55,100,5707300
20221124,09:53:45,18341.85,300,5707300
20221124,09:53:46,18341.15,200,5707300
20221124,09:53:48,18341.45,250,5707300
20221124,09:53:50,18341.65,600,5707300
20221124,09:53:51,18341.95,1100,5707300
20221124,09:53:52,18341.80,650,5707300
20221124,09:53:53,18342.00,150,5707300
20221124,09:53:54,18342.10,250,5707300
20221124,09:53:56,18342.25,1450,5707300
20221124,09:53:57,18342.30,50,5707300
20221124,09:53:58,18342.30,550,5707300
20221124,09:53:59,18342.50,850,5707300
20221124,09:53:59,18342.40,300,5707300
20221124,09:54:00,18342.40,2600,5707300
20221124,09:54:02,18343.10,200,5707300
20221124,09:54:03,18342.00,3050,5707300
20221124,09:54:04,18343.65,1950,5707300
20221124,09:54:05,18344.90,1550,5707300
20221124,09:54:06,18345.00,1400,5707300
20221124,09:54:07,18343.70,250,5707300
20221124,09:54:09,18344.20,1000,5707300
20221124,09:54:10,18342.40,700,5707300
20221124,09:54:11,18343.65,50,5707300
20221124,09:54:11,18343.65,100,5707300
20221124,09:54:12,18341.85,850,5707300
20221124,09:54:13,18342.95,200,5707300
20221124,09:54:15,18344.00,2000,5707300
20221124,09:54:16,18344.35,2400,5707300
20221124,09:54:17,18344.20,1250,5707300
20221124,09:54:18,18344.00,600,5707300
20221124,09:54:19,18344.30,1300,5707300
20221124,09:54:20,18343.45,500,5707300
20221124,09:54:22,18343.85,100,5707300
20221124,09:54:23,18342.10,1300,5707300
20221124,09:54:24,18343.95,50,5707300
20221124,09:54:24,18343.40,50,5707300
20221124,09:54:25,18344.15,450,5707300
20221124,09:54:26,18344.35,350,5707300
20221124,09:54:28,18344.40,1000,5707300
20221124,09:54:29,18344.50,50,5707300
20221124,09:54:30,18343.95,900,5707300
20221124,09:54:31,18343.95,300,5707300
20221124,09:54:32,18343.45,250,5707300
20221124,09:54:33,18342.10,1000,5707300
20221124,09:54:35,18343.40,100,5707300
20221124,09:54:36,18342.00,650,5707300
20221124,09:54:37,18342.10,300,5707300
20221124,09:54:37,18342.10,50,5707300
20221124,09:54:38,18341.60,1350,5707300
20221124,09:54:39,18342.10,100,5707300
20221124,09:54:40,18342.05,750,5707300
20221124,09:54:41,18342.05,50,5707300
20221124,09:54:43,18342.40,950,5707300
20221124,09:54:44,18341.85,1550,5707300
20221124,09:54:45,18343.25,450,5707300
20221124,09:54:45,18342.40,250,5707300
20221124,09:54:46,18343.85,350,5707300
20221124,09:54:48,18343.05,300,5707300
20221124,09:54:49,18343.60,300,5707300
20221124,09:54:50,18341.90,1300,5707300
20221124,09:54:51,18343.75,50,5707300
20221124,09:54:52,18342.20,150,5707300
20221124,09:54:55,18342.75,450,5707300
20221124,09:54:56,18342.85,200,5707300
20221124,09:54:57,18342.80,150,5707300
20221124,09:54:58,18342.85,100,5707300
20221124,09:55:00,18344.00,50,5707300
20221124,09:55:01,18345.00,300,5707300
20221124,09:55:02,18344.10,450,5707300
20221124,09:55:02,18344.25,50,5707300
20221124,09:55:03,18344.30,200,5707300
20221124,09:55:05,18344.35,150,5707300
20221124,09:55:07,18344.45,150,5707300
20221124,09:55:07,18344.25,100,5707300
20221124,09:55:08,18344.85,200,5707300
20221124,09:55:10,18344.85,500,5707300
20221124,09:55:11,18344.45,800,5707300
20221124,09:55:12,18344.75,350,5707300
20221124,09:55:13,18344.80,300,5707300
20221124,09:55:14,18344.95,250,5707300
20221124,09:55:16,18344.95,500,5707300
20221124,09:55:17,18344.45,200,5707300
20221124,09:55:18,18344.45,100,5707300
20221124,09:55:19,18344.45,200,5707300
20221124,09:55:21,18344.10,100,5707300
20221124,09:55:22,18343.80,250,5707300
20221124,09:55:23,18344.45,700,5707300
20221124,09:55:24,18344.55,150,5707300
20221124,09:55:25,18344.55,200,5707300
20221124,09:55:27,18344.95,150,5707300
20221124,09:55:28,18344.95,350,5707300
20221124,09:55:29,18343.60,1900,5707300
20221124,09:55:31,18344.00,1050,5707300
20221124,09:55:32,18344.00,700,5707300
20221124,09:55:33,18344.25,700,5707300
20221124,09:55:34,18343.85,650,5707300
20221124,09:55:36,18343.75,300,5707300
20221124,09:55:37,18343.40,150,5707300
20221124,09:55:38,18343.40,50,5707300
20221124,09:55:39,18343.05,100,5707300
20221124,09:55:40,18343.00,100,5707300
20221124,09:55:42,18344.85,100,5707300
20221124,09:55:43,18343.50,150,5707300
20221124,09:55:44,18343.50,100,5707300
20221124,09:55:45,18344.90,100,5707300
20221124,09:55:46,18344.00,350,5707300
20221124,09:55:49,18344.10,300,5707300
20221124,09:55:50,18344.10,100,5707300
20221124,09:55:51,18344.45,200,5707300
20221124,09:55:52,18344.95,2050,5707300
20221124,09:55:54,18345.15,3150,5707300
20221124,09:55:55,18345.15,700,5707300
20221124,09:55:57,18346.00,50,5707300
20221124,09:55:58,18345.00,150,5707300
20221124,09:56:01,18346.00,400,5707300
20221124,09:56:02,18345.15,250,5707300
20221124,09:56:03,18345.95,100,5707300
20221124,09:56:04,18346.65,750,5707300
20221124,09:56:05,18346.70,150,5707300
20221124,09:56:05,18346.75,400,5707300
20221124,09:56:06,18347.45,1550,5707300
20221124,09:56:07,18347.05,2650,5707300
20221124,09:56:08,18346.85,250,5707300
20221124,09:56:09,18346.80,1250,5707300
20221124,09:56:10,18347.00,200,5707300
20221124,09:56:11,18346.85,200,5707300
20221124,09:56:12,18346.75,250,5707300
20221124,09:56:13,18346.85,250,5707300
20221124,09:56:15,18346.00,150,5707300
20221124,09:56:16,18349.00,4050,5707300
20221124,09:56:17,18346.40,250,5707300
20221124,09:56:18,18346.25,50,5707300
20221124,09:56:20,18345.90,150,5707300
20221124,09:56:22,18345.85,200,5707300
20221124,09:56:23,18348.75,850,5707300
20221124,09:56:23,18345.95,200,5707300
20221124,09:56:24,18346.00,200,5707300
20221124,09:56:26,18347.85,150,5707300
20221124,09:56:27,18347.85,100,5707300
20221124,09:56:28,18348.15,150,5707300
20221124,09:56:29,18345.60,50,5707300
20221124,09:56:30,18346.00,900,5707300
20221124,09:56:32,18348.40,2100,5707300
20221124,09:56:34,18346.00,200,5707300
20221124,09:56:35,18346.10,400,5707300
20221124,09:56:36,18345.90,250,5707300
20221124,09:56:37,18347.00,250,5707300
20221124,09:56:38,18347.75,100,5707300
20221124,09:56:39,18346.00,850,5714850
20221124,09:56:41,18346.45,900,5714850
20221124,09:56:42,18346.40,50,5714850
20221124,09:56:43,18346.15,450,5714850
20221124,09:56:44,18346.40,50,5714850
20221124,09:56:45,18346.95,50,5714850
20221124,09:56:46,18346.10,250,5714850
20221124,09:56:46,18346.10,50,5714850
20221124,09:56:49,18346.20,150,5714850
20221124,09:56:50,18346.85,100,5714850
20221124,09:56:51,18346.85,50,5714850
20221124,09:56:52,18346.25,200,5714850
20221124,09:56:53,18346.85,250,5714850
20221124,09:56:54,18346.85,750,5714850
20221124,09:56:54,18348.90,50,5714850
20221124,09:56:55,18346.50,50,5714850
20221124,09:56:57,18347.10,500,5714850
20221124,09:56:58,18348.95,1100,5714850
20221124,09:56:59,18347.65,450,5714850
20221124,09:57:00,18348.95,50,5714850
20221124,09:57:01,18347.50,200,5714850
20221124,09:57:01,18347.50,100,5714850
20221124,09:57:03,18347.15,200,5714850
20221124,09:57:05,18347.25,150,5714850
20221124,09:57:06,18347.25,250,5714850
20221124,09:57:08,18348.00,1000,5714850
20221124,09:57:10,18349.00,300,5714850
20221124,09:57:13,18347.15,50,5714850
20221124,09:57:14,18346.70,400,5714850
20221124,09:57:15,18348.90,50,5714850
20221124,09:57:16,18348.95,150,5714850
20221124,09:57:17,18347.00,600,5714850
20221124,09:57:18,18347.05,350,5714850
20221124,09:57:19,18347.00,500,5714850
20221124,09:57:21,18348.80,350,5714850
20221124,09:57:22,18349.00,300,5714850
20221124,09:57:23,18347.05,150,5714850
20221124,09:57:24,18348.90,100,5714850
20221124,09:57:25,18347.00,1650,5714850
20221124,09:57:27,18347.00,350,5714850
20221124,09:57:29,18347.00,1350,5714850
20221124,09:57:30,18346.15,3150,5714850
20221124,09:57:31,18346.15,200,5714850
20221124,09:57:32,18346.15,300,5714850
20221124,09:57:33,18346.15,500,5714850
20221124,09:57:34,18347.05,1300,5714850
20221124,09:57:35,18346.50,100,5714850
20221124,09:57:36,18347.05,550,5714850
20221124,09:57:38,18348.45,200,5714850
20221124,09:57:39,18347.00,50,5714850
20221124,09:57:40,18347.00,150,5714850
20221124,09:57:41,18348.65,100,5714850
20221124,09:57:42,18346.45,250,5714850
20221124,09:57:43,18347.25,50,5714850
20221124,09:57:44,18348.90,100,5714850
20221124,09:57:46,18348.00,100,5714850
20221124,09:57:47,18348.90,250,5714850
20221124,09:57:48,18348.85,150,5714850
20221124,09:57:49,18347.10,1500,5714850
20221124,09:57:50,18348.00,300,5714850
20221124,09:57:52,18347.10,150,5714850
20221124,09:57:53,18347.10,50,5714850
20221124,09:57:54,18347.10,150,5714850
20221124,09:57:55,18347.10,50,5714850
20221124,09:57:56,18349.00,550,5714850
20221124,09:57:58,18347.25,100,5714850
20221124,09:57:59,18348.00,200,5714850
20221124,09:58:00,18349.00,200,5714850
20221124,09:58:01,18349.00,600,5714850
20221124,09:58:02,18348.95,600,5714850
20221124,09:58:04,18349.00,350,5714850
20221124,09:58:05,18348.05,100,5714850
20221124,09:58:06,18348.05,400,5714850
20221124,09:58:07,18348.15,50,5714850
20221124,09:58:08,18348.10,350,5714850
20221124,09:58:10,18348.05,600,5714850
20221124,09:58:11,18348.05,200,5714850
20221124,09:58:12,18348.95,300,5714850
20221124,09:58:14,18348.05,1100,5714850
20221124,09:58:15,18347.15,200,5714850
20221124,09:58:16,18348.95,500,5714850
20221124,09:58:18,18347.15,400,5714850
20221124,09:58:19,18348.90,200,5714850
20221124,09:58:20,18347.15,50,5714850
20221124,09:58:21,18347.15,200,5714850
20221124,09:58:22,18347.10,700,5714850
20221124,09:58:24,18347.10,150,5714850
20221124,09:58:25,18347.05,600,5714850
20221124,09:58:26,18348.50,550,5714850
20221124,09:58:27,18347.95,100,5714850
20221124,09:58:28,18347.10,900,5714850
20221124,09:58:29,18347.10,100,5714850
20221124,09:58:30,18347.20,400,5714850
20221124,09:58:31,18348.50,100,5714850
20221124,09:58:32,18347.15,500,5714850
20221124,09:58:33,18347.05,600,5714850
20221124,09:58:34,18347.00,550,5714850
20221124,09:58:35,18346.40,350,5714850
20221124,09:58:37,18347.00,1300,5714850
20221124,09:58:39,18348.95,1250,5714850
20221124,09:58:40,18346.10,300,5714850
20221124,09:58:41,18347.10,50,5714850
20221124,09:58:42,18346.05,150,5714850
20221124,09:58:43,18346.55,200,5714850
20221124,09:58:44,18346.20,350,5714850
20221124,09:58:45,18346.55,350,5714850
20221124,09:58:46,18346.55,100,5714850
20221124,09:58:48,18346.30,250,5714850
20221124,09:58:49,18346.25,50,5714850
20221124,09:58:50,18346.25,50,5714850
20221124,09:58:52,18346.05,150,5714850
20221124,09:58:53,18346.05,50,5714850
20221124,09:58:54,18346.05,300,5714850
20221124,09:58:56,18346.00,1200,5714850
20221124,09:58:57,18346.00,200,5714850
20221124,09:58:58,18346.00,1100,5714850
20221124,09:58:59,18346.00,350,5714850
20221124,09:59:00,18345.25,750,5714850
20221124,09:59:01,18346.95,1450,5714850
20221124,09:59:02,18347.45,250,5714850
20221124,09:59:03,18345.10,250,5714850
20221124,09:59:04,18345.05,650,5714850
20221124,09:59:05,18345.05,250,5714850
20221124,09:59:06,18345.05,450,5714850
20221124,09:59:07,18345.05,250,5714850
20221124,09:59:08,18346.00,50,5714850
20221124,09:59:09,18345.05,400,5714850
20221124,09:59:10,18345.00,300,5714850
20221124,09:59:11,18345.00,250,5714850
20221124,09:59:12,18346.00,400,5714850
20221124,09:59:13,18346.00,1050,5714850
20221124,09:59:14,18346.00,150,5714850
20221124,09:59:15,18345.00,850,5714850
20221124,09:59:16,18345.00,1050,5714850
20221124,09:59:17,18345.00,950,5714850
20221124,09:59:18,18345.15,1050,5714850
20221124,09:59:19,18344.90,200,5714850
20221124,09:59:20,18344.75,1600,5714850
20221124,09:59:21,18344.90,750,5714850
20221124,09:59:22,18345.05,1400,5714850
20221124,09:59:23,18344.80,150,5714850
20221124,09:59:24,18345.00,900,5714850
20221124,09:59:25,18347.20,2100,5714850
20221124,09:59:26,18345.05,200,5714850
20221124,09:59:27,18345.20,1650,5714850
20221124,09:59:28,18344.95,750,5714850
20221124,09:59:30,18345.40,300,5714850
20221124,09:59:31,18345.15,350,5714850
20221124,09:59:32,18344.50,650,5714850
20221124,09:59:33,18344.35,150,5714850
20221124,09:59:34,18344.50,1300,5714850
20221124,09:59:35,18344.25,450,5714850
20221124,09:59:37,18344.35,500,5714850
20221124,09:59:38,18343.70,450,5714850
20221124,09:59:39,18343.60,500,5714850
20221124,09:59:40,18342.40,400,5715250
20221124,09:59:41,18342.45,250,5715250
20221124,09:59:42,18342.55,400,5715250
20221124,09:59:43,18342.50,100,5715250
20221124,09:59:44,18342.35,550,5715250
20221124,09:59:46,18342.25,300,5715250
20221124,09:59:47,18343.10,650,5715250
20221124,09:59:48,18342.50,200,5715250
20221124,09:59:49,18342.65,1350,5715250
20221124,09:59:50,18342.65,450,5715250
20221124,09:59:51,18343.05,950,5715250
20221124,09:59:52,18343.05,1150,5715250
20221124,09:59:53,18343.00,300,5715250
20221124,09:59:54,18342.75,300,5715250
20221124,09:59:55,18343.95,1500,5715250
20221124,09:59:56,18342.90,150,5715250
20221124,09:59:57,18342.70,50,5715250
20221124,09:59:58,18343.00,850,5715250
20221124,09:59:59,18343.00,100,5715250
20221124,10:00:00,18343.00,750,5715250
20221124,10:00:01,18343.10,150,5715250
20221124,10:00:02,18343.00,750,5715250
20221124,10:00:03,18344.75,1050,5715250
20221124,10:00:04,18342.30,1550,5715250
20221124,10:00:05,18342.05,250,5715250
20221124,10:00:06,18341.30,1750,5715250
20221124,10:00:07,18340.80,600,5715250
20221124,10:00:08,18341.00,1250,5715250
20221124,10:00:10,18341.30,100,5715250
20221124,10:00:10,18341.40,300,5715250
20221124,10:00:11,18341.45,400,5715250
20221124,10:00:12,18341.35,1150,5715250
20221124,10:00:13,18341.55,1000,5715250
20221124,10:00:14,18341.90,500,5715250
20221124,10:00:15,18342.60,1200,5715250
20221124,10:00:17,18342.45,700,5715250
20221124,10:00:18,18342.25,150,5715250
20221124,10:00:19,18342.95,750,5715250
20221124,10:00:20,18342.95,150,5715250
20221124,10:00:21,18343.00,100,5715250
20221124,10:00:22,18342.70,550,5715250
20221124,10:00:24,18342.90,250,5715250
20221124,10:00:25,18342.75,50,5715250
20221124,10:00:26,18342.95,150,5715250
20221124,10:00:27,18342.95,300,5715250
20221124,10:00:28,18341.80,300,5715250
20221124,10:00:30,18342.90,850,5715250
20221124,10:00:31,18342.95,650,5715250
20221124,10:00:32,18342.95,50,5715250
20221124,10:00:33,18343.25,150,5715250
20221124,10:00:34,18343.25,300,5715250
20221124,10:00:36,18342.90,100,5715250
20221124,10:00:36,18342.75,100,5715250
20221124,10:00:37,18342.80,50,5715250
20221124,10:00:38,18342.60,600,5715250
20221124,10:00:39,18343.00,150,5715250
20221124,10:00:40,18343.25,500,5715250
20221124,10:00:42,18342.95,650,5715250
20221124,10:00:42,18343.05,50,5715250
20221124,10:00:44,18343.60,1000,5715250
20221124,10:00:45,18343.50,200,5715250
20221124,10:00:46,18343.40,150,5715250
20221124,10:00:47,18343.05,300,5715250
20221124,10:00:50,18343.05,400,5715250
20221124,10:00:50,18344.00,100,5715250
20221124,10:00:51,18343.20,400,5715250
20221124,10:00:52,18343.20,850,5715250
20221124,10:00:53,18343.15,50,5715250
20221124,10:00:54,18343.40,450,5715250
20221124,10:00:56,18344.90,450,5715250
20221124,10:00:56,18342.85,350,5715250
20221124,10:00:57,18342.85,250,5715250
20221124,10:00:58,18343.50,2000,5715250
20221124,10:00:59,18343.70,2000,5715250
20221124,10:01:00,18344.95,150,5715250
20221124,10:01:01,18344.95,450,5715250
20221124,10:01:03,18344.95,1800,5715250
20221124,10:01:03,18344.95,200,5715250
20221124,10:01:04,18345.25,2550,5715250
20221124,10:01:05,18345.95,2100,5715250
20221124,10:01:06,18345.95,1000,5715250
20221124,10:01:08,18345.25,2700,5715250
20221124,10:01:08,18346.35,100,5715250
20221124,10:01:09,18345.40,750,5715250
20221124,10:01:10,18344.55,1250,5715250
20221124,10:01:11,18344.65,500,5715250
20221124,10:01:12,18345.00,850,5715250
20221124,10:01:14,18345.00,100,5715250
20221124,10:01:14,18345.05,50,5715250
20221124,10:01:15,18346.00,300,5715250
20221124,10:01:16,18345.10,150,5715250
20221124,10:01:17,18344.95,650,5715250
20221124,10:01:18,18345.00,250,5715250
20221124,10:01:20,18345.10,950,5715250
20221124,10:01:20,18345.05,850,5715250
20221124,10:01:21,18345.20,100,5715250
20221124,10:01:22,18345.05,150,5715250
20221124,10:01:23,18345.00,100,5715250
20221124,10:01:24,18345.00,250,5715250
20221124,10:01:25,18345.15,300,5715250
20221124,10:01:27,18345.00,950,5715250
20221124,10:01:27,18345.00,200,5715250
20221124,10:01:28,18344.95,1100,5715250
20221124,10:01:29,18344.95,800,5715250
20221124,10:01:30,18345.00,900,5715250
20221124,10:01:31,18345.00,1750,5715250
20221124,10:01:33,18345.00,3250,5715250
20221124,10:01:33,18344.95,50,5715250
20221124,10:01:34,18344.95,700,5715250
20221124,10:01:35,18345.00,1700,5715250
20221124,10:01:36,18345.50,1100,5715250
20221124,10:01:38,18345.45,550,5715250
20221124,10:01:38,18345.95,250,5715250
20221124,10:01:39,18345.25,850,5715250
20221124,10:01:40,18345.50,800,5715250
20221124,10:01:41,18345.80,2950,5715250
20221124,10:01:43,18345.95,950,5715250
20221124,10:01:43,18346.15,300,5715250
20221124,10:01:44,18345.95,1000,5715250
20221124,10:01:45,18347.00,200,5715250
20221124,10:01:46,18345.90,50,5715250
20221124,10:01:47,18346.95,100,5715250
20221124,10:01:48,18346.10,250,5715250
20221124,10:01:50,18346.45,5100,5715250
20221124,10:01:50,18346.40,500,5715250
20221124,10:01:51,18346.80,2150,5715250
20221124,10:01:52,18346.95,1000,5715250
20221124,10:01:53,18346.95,1550,5715250
20221124,10:01:55,18347.00,350,5715250
20221124,10:01:57,18347.00,1000,5715250
20221124,10:01:58,18347.45,250,5715250
20221124,10:02:00,18347.45,400,5715250
20221124,10:02:02,18347.50,1100,5715250
20221124,10:02:03,18347.85,200,5715250
20221124,10:02:04,18347.45,750,5715250
20221124,10:02:05,18347.85,1700,5715250
20221124,10:02:06,18346.35,750,5715250
20221124,10:02:07,18346.10,600,5715250
20221124,10:02:09,18347.60,400,5715250
20221124,10:02:09,18347.45,50,5715250
20221124,10:02:10,18347.30,850,5715250
