20221124,09:15:03,18503.25,1,772200
20221124,09:15:03,18503.25,50,772200
20221124,09:15:04,18520.00,50,772200
20221124,09:15:09,18520.00,150,772200
20221124,09:15:10,18515.25,50,772200
20221124,09:15:11,18514.05,50,772200
20221124,09:15:13,18513.60,50,772200
20221124,09:15:14,18515.45,50,772200
20221124,09:15:15,18515.75,150,772200
20221124,09:15:17,18515.80,200,772200
20221124,09:15:19,18519.75,250,772200
20221124,09:15:25,18519.95,50,772200
20221124,09:15:26,18516.05,50,772200
20221124,09:15:31,18515.75,800,772200
20221124,09:15:33,18516.70,700,772200
20221124,09:15:36,18516.75,150,772200
20221124,09:15:38,18516.75,150,772200
20221124,09:15:39,18513.55,100,772200
20221124,09:15:42,18516.00,50,772200
20221124,09:15:43,18510.25,600,772200
20221124,09:15:44,18513.55,400,772200
20221124,09:15:47,18513.55,150,772200
20221124,09:15:48,18515.00,50,772200
20221124,09:15:49,18516.00,50,772200
20221124,09:15:51,18513.55,50,772200
20221124,09:15:53,18514.30,50,772200
20221124,09:15:55,18510.00,500,772200
20221124,09:15:56,18510.00,850,772200
20221124,09:15:57,18510.10,150,772200
20221124,09:15:59,18510.85,350,772200
20221124,09:16:00,18513.55,150,772200
20221124,09:16:01,18514.00,300,772200
20221124,09:16:02,18517.00,100,772200
20221124,09:16:08,18518.00,50,772200
20221124,09:16:14,18518.00,50,772200
20221124,09:16:15,18518.00,50,772200
20221124,09:16:17,18518.00,50,772200
20221124,09:16:18,18517.05,100,772200
20221124,09:16:20,18517.00,150,772200
20221124,09:16:25,18518.00,50,772200
20221124,09:16:26,18520.00,100,772200
20221124,09:16:28,18520.00,200,772200
20221124,09:16:28,18520.00,50,772200
20221124,09:16:29,18519.15,50,772200
20221124,09:16:33,18522.00,100,772200
20221124,09:16:36,18522.85,100,772200
20221124,09:16:41,18522.95,50,772200
20221124,09:16:42,18522.95,50,772200
20221124,09:16:49,18523.00,50,772200
20221124,09:16:51,18523.00,50,772200
20221124,09:16:53,18524.00,50,772200
20221124,09:16:54,18524.00,100,772200
20221124,09:17:03,18524.40,250,772200
20221124,09:17:04,18524.40,100,772200
20221124,09:17:07,18525.00,800,772200
20221124,09:17:16,18519.05,50,772200
20221124,09:17:17,18519.05,50,772200
20221124,09:17:18,18519.05,50,772200
20221124,09:17:19,18518.00,450,772200
20221124,09:17:22,18521.95,50,772200
20221124,09:17:35,18515.65,100,773850
20221124,09:17:36,18516.95,50,773850
20221124,09:17:41,18516.00,100,773850
20221124,09:17:43,18516.10,50,773850
20221124,09:17:57,18516.00,200,773850
20221124,09:17:59,18513.95,250,773850
20221124,09:18:03,18516.00,50,773850
20221124,09:18:09,18517.15,50,773850
20221124,09:18:09,18518.00,50,773850
20221124,09:18:15,18518.00,100,773850
20221124,09:18:16,18518.00,100,773850
20221124,09:18:17,18518.00,50,773850
20221124,09:18:25,18518.00,50,773850
20221124,09:18:31,18518.00,100,773850
20221124,09:18:33,18517.00,50,773850
20221124,09:18:35,18517.00,50,773850
20221124,09:18:38,18517.00,50,773850
20221124,09:18:39,18517.00,50,773850
20221124,09:18:42,18512.20,100,773850
20221124,09:18:44,18512.15,50,773850
20221124,09:19:02,18517.95,50,773850
20221124,09:19:04,18512.25,50,773850
20221124,09:19:09,18512.20,50,773850
20221124,09:19:13,18514.30,100,773850
20221124,09:19:15,18514.30,50,773850
20221124,09:19:20,18517.90,100,773850
20221124,09:19:24,18517.85,50,773850
20221124,09:19:28,18517.50,50,773850
20221124,09:19:35,18517.00,50,773850
20221124,09:19:39,18517.00,50,773850
20221124,09:19:40,18517.45,50,773850
20221124,09:19:43,18517.00,50,773850
20221124,09:19:43,18517.00,100,773850
20221124,09:19:46,18517.00,50,773850
20221124,09:19:54,18516.35,100,773850
20221124,09:19:55,18517.00,100,773850
20221124,09:19:56,18514.30,50,773850
20221124,09:20:10,18514.00,100,773850
20221124,09:20:25,18512.05,50,773850
20221124,09:20:27,18512.00,50,773850
20221124,09:20:29,18512.00,50,773850
20221124,09:20:38,18510.95,50,773850
20221124,09:20:41,18512.00,50,775050
20221124,09:20:44,18514.00,100,775050
20221124,09:20:50,18514.90,50,775050
20221124,09:20:54,18514.90,50,775050
20221124,09:20:58,18515.00,50,775050
20221124,09:21:01,18514.05,250,775050
20221124,09:21:03,18514.95,150,775050
20221124,09:21:09,18514.00,50,775050
20221124,09:21:18,18514.95,150,775050
20221124,09:21:19,18515.00,100,775050
20221124,09:21:23,18517.00,200,775050
20221124,09:21:29,18516.00,50,775050
20221124,09:21:36,18516.90,50,775050
20221124,09:21:42,18517.00,50,775050
20221124,09:21:44,18517.00,50,775050
20221124,09:21:59,18516.90,50,775050
20221124,09:22:00,18516.00,50,775050
20221124,09:22:07,18517.00,100,775050
20221124,09:22:10,18517.00,50,775050
20221124,09:22:13,18517.00,100,775050
20221124,09:22:15,18517.00,50,775050
20221124,09:22:20,18516.00,50,775050
20221124,09:22:26,18517.00,50,775050
20221124,09:22:29,18517.00,50,775050
20221124,09:22:34,18517.00,50,775050
20221124,09:22:36,18517.00,150,775050
20221124,09:22:39,18517.00,50,775050
20221124,09:22:55,18518.00,200,775050
20221124,09:23:01,18518.00,150,775050
20221124,09:23:03,18518.00,50,775050
20221124,09:23:06,18519.00,950,775050
20221124,09:23:07,18519.00,150,775050
20221124,09:23:08,18519.00,300,775050
20221124,09:23:10,18520.00,200,775050
20221124,09:23:15,18518.50,50,775050
20221124,09:23:16,18519.00,100,775050
20221124,09:23:20,18519.40,50,775050
20221124,09:23:29,18519.90,50,775050
20221124,09:23:32,18520.00,50,775050
20221124,09:23:34,18520.00,50,776550
20221124,09:23:40,18521.55,150,776550
20221124,09:23:41,18522.00,50,776550
20221124,09:23:43,18522.00,50,776550
20221124,09:23:45,18522.40,100,776550
20221124,09:23:56,18525.00,100,776550
20221124,09:24:02,18525.00,50,776550
20221124,09:24:09,18525.00,50,776550
20221124,09:24:13,18525.00,50,776550
20221124,09:24:14,18525.00,100,776550
20221124,09:24:15,18525.00,50,776550
20221124,09:24:16,18526.00,50,776550
20221124,09:24:17,18528.00,500,776550
20221124,09:24:22,18528.00,50,776550
20221124,09:24:23,18526.00,50,776550
20221124,09:24:24,18526.00,50,776550
20221124,09:24:34,18528.00,1000,776550
20221124,09:24:35,18526.00,50,776550
20221124,09:24:45,18528.65,100,776550
20221124,09:24:48,18529.00,50,776550
20221124,09:24:51,18529.00,50,776550
20221124,09:24:58,18526.30,450,776550
20221124,09:25:00,18526.50,150,776550
20221124,09:25:14,18527.00,50,776550
20221124,09:25:35,18529.10,50,776550
20221124,09:25:37,18529.10,50,776550
20221124,09:25:39,18528.95,150,776550
20221124,09:25:49,18526.50,50,776550
20221124,09:25:51,18527.00,50,776550
20221124,09:25:54,18526.50,50,776550
20221124,09:26:04,18526.50,100,776550
20221124,09:26:06,18526.50,250,776550
20221124,09:26:07,18526.00,100,776550
20221124,09:26:08,18521.80,50,776550
20221124,09:26:28,18521.90,50,776550
20221124,09:26:29,18522.00,50,776550
20221124,09:26:38,18522.00,100,778850
20221124,09:26:41,18524.00,50,778850
20221124,09:26:47,18523.00,50,778850
20221124,09:26:48,18523.00,50,778850
20221124,09:26:54,18525.00,950,778850
20221124,09:26:58,18525.10,50,778850
20221124,09:27:07,18527.05,100,778850
20221124,09:27:09,18528.00,50,778850
20221124,09:27:15,18527.90,50,778850
20221124,09:27:22,18526.55,50,778850
20221124,09:27:33,18526.55,50,778850
20221124,09:27:38,18526.90,100,778850
20221124,09:27:50,18525.10,150,778850
20221124,09:27:56,18524.00,50,778850
20221124,09:27:59,18524.00,50,778850
20221124,09:28:03,18524.00,250,778850
20221124,09:28:05,18523.90,50,778850
20221124,09:28:07,18523.65,50,778850
20221124,09:28:23,18525.00,50,778850
20221124,09:28:24,18523.65,50,778850
20221124,09:28:25,18527.70,100,778850
20221124,09:28:33,18527.65,50,778850
20221124,09:28:36,18527.65,50,778850
20221124,09:28:50,18527.00,50,778850
20221124,09:28:56,18529.00,250,778850
20221124,09:29:01,18525.65,200,778850
20221124,09:29:11,18525.65,50,778850
20221124,09:29:15,18525.65,50,778850
20221124,09:29:22,18524.55,50,778850
20221124,09:29:25,18525.65,50,778850
20221124,09:29:36,18525.65,50,780050
20221124,09:29:37,18525.65,200,780050
20221124,09:29:57,18525.65,150,780050
20221124,09:29:59,18525.65,100,780050
20221124,09:30:03,18525.65,50,780050
20221124,09:30:04,18525.65,50,780050
20221124,09:30:05,18525.65,50,780050
20221124,09:30:09,18525.25,100,780050
20221124,09:30:13,18525.65,300,780050
20221124,09:30:20,18525.05,50,780050
20221124,09:30:24,18524.90,50,780050
20221124,09:30:26,18525.65,50,780050
20221124,09:30:35,18525.65,150,780050
20221124,09:30:38,18525.00,150,780050
20221124,09:30:39,18525.65,100,780050
20221124,09:30:42,18525.65,150,780050
20221124,09:30:44,18525.65,250,780050
20221124,09:30:55,18527.85,50,780050
20221124,09:30:58,18527.55,50,780050
20221124,09:31:06,18529.50,50,780050
20221124,09:31:10,18529.50,150,780050
20221124,09:31:11,18530.00,250,780050
20221124,09:31:13,18530.00,50,780050
20221124,09:31:15,18530.00,50,780050
20221124,09:31:16,18532.00,600,780050
20221124,09:31:17,18533.80,150,780050
20221124,09:31:21,18533.80,150,780050
20221124,09:31:26,18533.80,50,780050
20221124,09:31:43,18535.00,250,780050
20221124,09:31:44,18538.60,150,780050
20221124,09:31:48,18538.95,50,780050
20221124,09:31:49,18538.95,50,780050
20221124,09:31:52,18538.60,50,780050
20221124,09:31:53,18537.25,50,780050
20221124,09:31:54,18542.90,700,780050
20221124,09:31:55,18545.00,100,780050
20221124,09:31:57,18539.65,350,780050
20221124,09:31:59,18543.85,50,780050
20221124,09:32:01,18543.80,100,780050
20221124,09:32:08,18543.80,50,780050
20221124,09:32:12,18544.00,50,780050
20221124,09:32:14,18545.35,50,780050
20221124,09:32:15,18545.35,50,780050
20221124,09:32:22,18544.15,50,780050
20221124,09:32:23,18543.80,400,780050
20221124,09:32:34,18543.00,100,782250
20221124,09:32:46,18540.20,150,782250
20221124,09:32:51,18543.00,50,782250
20221124,09:32:54,18541.30,50,782250
20221124,09:33:03,18541.05,100,782250
20221124,09:33:08,18543.00,200,782250
20221124,09:33:09,18542.05,50,782250
20221124,09:33:13,18545.00,650,782250
20221124,09:33:14,18547.50,100,782250
20221124,09:33:18,18548.00,150,782250
20221124,09:33:24,18548.50,50,782250
20221124,09:33:27,18550.00,1250,782250
20221124,09:33:30,18550.00,50,782250
20221124,09:33:34,18549.25,350,782250
20221124,09:33:37,18549.20,50,782250
20221124,09:33:38,18549.35,50,782250
20221124,09:33:40,18545.30,50,782250
20221124,09:33:41,18545.30,50,782250
20221124,09:33:42,18549.25,50,782250
20221124,09:33:45,18549.20,400,782250
20221124,09:33:48,18549.20,50,782250
20221124,09:33:49,18549.35,50,782250
20221124,09:33:53,18549.35,100,782250
20221124,09:33:59,18550.00,150,782250
20221124,09:34:05,18549.00,50,782250
20221124,09:34:07,18549.00,250,782250
20221124,09:34:08,18548.05,50,782250
20221124,09:34:15,18546.00,50,782250
20221124,09:34:34,18547.40,100,782250
20221124,09:34:37,18546.60,50,782250
20221124,09:34:38,18549.00,250,782250
20221124,09:34:52,18546.60,50,782250
20221124,09:34:53,18548.65,50,782250
20221124,09:34:56,18546.00,50,782250
20221124,09:34:58,18546.05,50,782250
20221124,09:35:16,18547.80,50,782250
20221124,09:35:20,18548.95,100,782250
20221124,09:35:30,18548.00,100,782250
20221124,09:35:31,18549.00,50,782250
20221124,09:35:44,18549.00,150,785450
20221124,09:35:46,18549.00,300,785450
20221124,09:35:51,18548.85,50,785450
20221124,09:35:55,18546.40,300,785450
20221124,09:36:01,18546.50,50,785450
20221124,09:36:05,18545.75,200,785450
20221124,09:36:09,18546.85,50,785450
20221124,09:36:11,18546.50,50,785450
20221124,09:36:19,18545.75,250,785450
20221124,09:36:39,18546.10,150,785450
20221124,09:36:42,18547.20,50,785450
20221124,09:36:49,18545.70,50,785450
20221124,09:36:54,18545.05,50,785450
20221124,09:36:57,18546.00,50,785450
20221124,09:37:00,18547.70,50,785450
20221124,09:37:03,18545.55,50,785450
20221124,09:37:05,18547.00,100,785450
20221124,09:37:09,18545.55,50,785450
20221124,09:37:11,18545.55,200,785450
20221124,09:37:26,18547.00,50,785450
20221124,09:37:29,18548.00,100,785450
20221124,09:37:30,18548.00,50,785450
20221124,09:37:37,18548.00,50,785450
20221124,09:37:39,18548.85,50,785450
20221124,09:37:41,18549.50,1900,785450
20221124,09:37:42,18550.00,1550,785450
20221124,09:37:44,18551.00,150,785450
20221124,09:37:45,18550.75,50,785450
20221124,09:37:47,18551.00,100,785450
20221124,09:37:47,18552.10,50,785450
20221124,09:37:49,18554.25,400,785450
20221124,09:37:50,18555.00,200,785450
20221124,09:37:52,18555.00,150,785450
20221124,09:37:54,18555.00,150,785450
20221124,09:37:55,18555.55,50,785450
20221124,09:37:58,18555.55,50,785450
20221124,09:38:00,18556.05,150,785450
20221124,09:38:02,18556.05,50,785450
20221124,09:38:06,18555.80,50,785450
20221124,09:38:07,18556.80,100,785450
20221124,09:38:08,18557.05,300,785450
20221124,09:38:09,18557.05,450,785450
20221124,09:38:10,18558.00,100,785450
20221124,09:38:11,18558.25,1900,785450
20221124,09:38:18,18558.80,150,785450
20221124,09:38:19,18559.95,2100,785450
20221124,09:38:23,18559.95,100,785450
20221124,09:38:24,18559.90,50,785450
20221124,09:38:26,18558.80,50,785450
20221124,09:38:27,18558.30,100,785450
20221124,09:38:38,18559.00,50,790200
20221124,09:38:41,18558.55,50,790200
20221124,09:38:42,18558.55,50,790200
20221124,09:38:44,18560.00,50,790200
20221124,09:38:51,18560.00,150,790200
20221124,09:38:52,18558.15,100,790200
20221124,09:38:53,18558.15,50,790200
20221124,09:38:54,18558.15,50,790200
20221124,09:38:55,18558.70,250,790200
20221124,09:38:57,18560.00,100,790200
20221124,09:38:58,18560.00,200,790200
20221124,09:39:00,18560.00,250,790200
20221124,09:39:01,18562.80,100,790200
20221124,09:39:03,18562.85,50,790200
20221124,09:39:05,18562.85,150,790200
20221124,09:39:09,18564.35,300,790200
20221124,09:39:12,18564.35,50,790200
20221124,09:39:13,18564.35,100,790200
20221124,09:39:14,18564.00,100,790200
20221124,09:39:15,18564.00,300,790200
20221124,09:39:16,18564.00,150,790200
20221124,09:39:17,18564.35,150,790200
20221124,09:39:22,18564.00,100,790200
20221124,09:39:22,18564.85,250,790200
20221124,09:39:24,18564.50,50,790200
20221124,09:39:39,18562.70,100,790200
20221124,09:39:44,18562.20,50,790200
20221124,09:39:46,18564.20,50,790200
20221124,09:39:48,18563.95,100,790200
20221124,09:39:50,18564.50,100,790200
20221124,09:39:51,18565.00,100,790200
20221124,09:39:52,18565.00,50,790200
20221124,09:39:55,18565.00,50,790200
20221124,09:39:56,18562.30,300,790200
20221124,09:39:57,18564.00,50,790200
20221124,09:40:03,18564.20,100,790200
20221124,09:40:07,18565.00,50,790200
20221124,09:40:09,18565.00,50,790200
20221124,09:40:10,18564.00,50,790200
20221124,09:40:13,18565.00,100,790200
20221124,09:40:15,18563.00,100,790200
20221124,09:40:19,18563.00,250,790200
20221124,09:40:20,18563.00,50,790200
20221124,09:40:21,18563.50,350,790200
20221124,09:40:22,18564.05,100,790200
20221124,09:40:28,18562.30,50,790200
20221124,09:40:35,18563.15,100,790200
20221124,09:40:36,18562.60,50,790200
20221124,09:40:39,18564.05,50,790200
20221124,09:40:46,18562.75,100,790200
20221124,09:40:47,18564.00,50,790200
20221124,09:40:50,18562.20,600,790200
20221124,09:40:51,18564.95,50,790200
20221124,09:40:54,18563.80,100,790200
20221124,09:41:09,18563.80,150,790200
20221124,09:41:12,18563.00,50,790200
20221124,09:41:16,18564.95,150,790200
20221124,09:41:17,18563.25,100,790200
20221124,09:41:19,18565.00,250,790200
20221124,09:41:20,18565.00,100,790200
20221124,09:41:24,18564.95,50,790200
20221124,09:41:25,18565.00,50,790200
20221124,09:41:27,18565.00,50,790200
20221124,09:41:30,18565.00,50,790200
20221124,09:41:40,18564.10,50,793750
20221124,09:41:56,18564.90,150,793750
20221124,09:42:04,18564.30,250,793750
20221124,09:42:05,18565.00,250,793750
20221124,09:42:12,18564.85,100,793750
20221124,09:42:16,18564.00,50,793750
20221124,09:42:18,18564.00,50,793750
20221124,09:42:20,18564.00,50,793750
20221124,09:42:32,18564.90,100,793750
20221124,09:42:38,18562.25,150,793750
20221124,09:42:43,18562.95,50,793750
20221124,09:42:46,18564.00,100,793750
20221124,09:42:47,18564.00,100,793750
20221124,09:42:48,18564.00,50,793750
20221124,09:42:59,18563.00,50,793750
20221124,09:43:00,18563.25,50,793750
20221124,09:43:01,18563.95,50,793750
20221124,09:43:13,18564.00,550,793750
20221124,09:43:14,18563.45,450,793750
20221124,09:43:15,18564.10,150,793750
20221124,09:43:17,18565.00,300,793750
20221124,09:43:18,18565.00,450,793750
20221124,09:43:19,18565.00,200,793750
20221124,09:43:21,18565.00,450,793750
20221124,09:43:23,18565.00,550,793750
20221124,09:43:24,18565.75,1200,793750
20221124,09:43:25,18566.00,100,793750
20221124,09:43:26,18566.00,50,793750
20221124,09:43:27,18566.80,50,793750
20221124,09:43:34,18567.00,100,793750
20221124,09:43:37,18567.00,200,793750
20221124,09:43:38,18567.00,200,793750
20221124,09:43:39,18567.00,200,793750
20221124,09:43:40,18567.00,150,793750
20221124,09:43:42,18567.00,150,793750
20221124,09:43:43,18567.00,50,793750
20221124,09:43:45,18567.00,50,793750
20221124,09:43:52,18566.00,50,793750
20221124,09:43:54,18564.90,450,793750
20221124,09:43:58,18567.85,150,793750
20221124,09:43:59,18567.85,250,793750
20221124,09:43:59,18567.95,100,793750
20221124,09:44:00,18568.00,300,793750
20221124,09:44:02,18568.00,1250,793750
20221124,09:44:03,18569.00,700,793750
20221124,09:44:04,18569.90,100,793750
20221124,09:44:07,18571.00,700,793750
20221124,09:44:08,18571.00,50,793750
20221124,09:44:13,18572.00,50,793750
20221124,09:44:15,18572.75,50,793750
20221124,09:44:21,18572.75,50,793750
20221124,09:44:22,18571.30,50,793750
20221124,09:44:23,18574.60,1000,793750
20221124,09:44:23,18574.60,50,793750
20221124,09:44:25,18575.00,850,793750
20221124,09:44:27,18575.00,150,793750
20221124,09:44:28,18573.65,50,793750
20221124,09:44:28,18573.60,50,793750
20221124,09:44:32,18573.90,50,793750
20221124,09:44:35,18573.90,50,793750
20221124,09:44:36,18574.65,200,796750
20221124,09:44:37,18574.80,50,796750
20221124,09:44:38,18574.35,100,796750
20221124,09:44:39,18574.35,200,796750
20221124,09:44:41,18574.70,100,796750
20221124,09:44:44,18574.35,50,796750
20221124,09:44:45,18572.70,50,796750
20221124,09:44:50,18574.70,100,796750
20221124,09:44:53,18574.70,300,796750
20221124,09:44:57,18572.50,50,796750
20221124,09:44:58,18574.80,100,796750
20221124,09:45:00,18575.00,100,796750
20221124,09:45:01,18575.00,950,796750
20221124,09:45:02,18576.00,350,796750
20221124,09:45:03,18575.00,50,796750
20221124,09:45:05,18575.45,50,796750
20221124,09:45:08,18576.20,50,796750
20221124,09:45:10,18576.45,50,796750
20221124,09:45:13,18576.45,50,796750
20221124,09:45:16,18575.00,250,796750
20221124,09:45:17,18578.00,1850,796750
20221124,09:45:18,18574.55,50,796750
20221124,09:45:21,18575.00,150,796750
20221124,09:45:23,18575.00,50,796750
20221124,09:45:27,18575.00,50,796750
20221124,09:45:31,18575.55,150,796750
20221124,09:45:33,18576.40,250,796750
20221124,09:45:35,18578.00,50,796750
20221124,09:45:43,18578.00,50,796750
20221124,09:45:55,18576.40,50,796750
20221124,09:45:56,18578.00,50,796750
20221124,09:46:04,18578.00,500,796750
20221124,09:46:12,18577.50,50,796750
20221124,09:46:19,18575.00,250,796750
20221124,09:46:25,18575.05,150,796750
20221124,09:46:28,18574.00,800,796750
20221124,09:46:34,18576.10,150,796750
20221124,09:46:40,18576.10,250,796750
20221124,09:46:41,18577.00,150,796750
20221124,09:46:43,18575.00,50,796750
20221124,09:46:49,18575.55,200,796750
20221124,09:46:50,18575.65,50,796750
20221124,09:46:52,18577.00,50,796750
20221124,09:46:54,18577.00,700,796750
20221124,09:47:08,18577.00,50,796750
20221124,09:47:13,18577.00,50,796750
20221124,09:47:20,18575.00,50,796750
20221124,09:47:22,18575.00,50,796750
20221124,09:47:36,18576.00,50,801750
20221124,09:47:47,18575.30,50,801750
20221124,09:47:48,18575.45,50,801750
20221124,09:47:51,18576.00,250,801750
20221124,09:47:55,18575.00,800,801750
20221124,09:47:57,18575.10,500,801750
20221124,09:47:58,18576.00,600,801750
20221124,09:48:04,18577.95,50,801750
20221124,09:48:07,18577.45,50,801750
20221124,09:48:10,18577.95,50,801750
20221124,09:48:13,18577.95,100,801750
20221124,09:48:14,18576.25,150,801750
20221124,09:48:18,18577.95,150,801750
20221124,09:48:21,18577.95,350,801750
20221124,09:48:22,18578.00,100,801750
20221124,09:48:23,18579.00,100,801750
20221124,09:48:24,18579.00,250,801750
20221124,09:48:25,18579.25,150,801750
20221124,09:48:26,18579.40,150,801750
20221124,09:48:28,18579.65,100,801750
20221124,09:48:29,18579.70,300,801750
20221124,09:48:30,18580.00,200,801750
20221124,09:48:34,18580.00,50,801750
20221124,09:48:38,18578.95,50,801750
20221124,09:48:48,18577.30,50,801750
20221124,09:48:59,18578.65,50,801750
20221124,09:49:05,18578.30,50,801750
20221124,09:49:22,18579.15,50,801750
20221124,09:49:24,18579.00,50,801750
20221124,09:49:26,18579.00,50,801750
20221124,09:49:27,18578.75,50,801750
20221124,09:49:32,18577.30,50,801750
20221124,09:49:39,18578.05,100,801750
20221124,09:49:40,18576.90,300,801750
20221124,09:49:46,18575.30,50,801750
20221124,09:49:52,18575.15,50,801750
20221124,09:49:53,18575.00,300,801750
20221124,09:49:59,18575.00,100,801750
20221124,09:50:03,18575.00,50,801750
20221124,09:50:05,18575.00,150,801750
20221124,09:50:07,18575.00,50,801750
20221124,09:50:08,18575.00,300,801750
20221124,09:50:09,18574.65,100,801750
20221124,09:50:10,18575.05,100,801750
20221124,09:50:11,18575.70,50,801750
20221124,09:50:19,18575.70,150,801750
20221124,09:50:23,18575.30,50,801750
20221124,09:50:32,18573.30,50,801750
20221124,09:50:35,18574.10,50,801750
20221124,09:50:37,18573.30,50,804600
20221124,09:50:40,18573.30,50,804600
20221124,09:50:47,18573.55,50,804600
20221124,09:50:48,18575.00,100,804600
20221124,09:50:50,18574.75,100,804600
20221124,09:50:51,18575.30,50,804600
20221124,09:50:52,18573.70,100,804600
20221124,09:50:57,18574.00,50,804600
20221124,09:50:59,18574.00,100,804600
20221124,09:51:00,18575.45,200,804600
20221124,09:51:05,18575.30,150,804600
20221124,09:51:06,18577.40,50,804600
20221124,09:51:07,18574.35,100,804600
20221124,09:51:11,18577.00,500,804600
20221124,09:51:14,18575.15,50,804600
20221124,09:51:18,18574.30,50,804600
20221124,09:51:20,18572.00,950,804600
20221124,09:51:24,18573.75,50,804600
20221124,09:51:26,18574.40,50,804600
20221124,09:51:27,18574.40,50,804600
20221124,09:51:32,18573.80,50,804600
20221124,09:51:33,18574.40,700,804600
20221124,09:51:36,18574.75,200,804600
20221124,09:51:37,18575.00,150,804600
20221124,09:51:38,18575.15,50,804600
20221124,09:51:40,18575.70,50,804600
20221124,09:51:42,18574.75,50,804600
20221124,09:51:45,18576.95,150,804600
20221124,09:51:48,18571.15,300,804600
20221124,09:51:50,18576.85,200,804600
20221124,09:51:51,18575.00,50,804600
20221124,09:51:55,18576.00,50,804600
20221124,09:51:57,18576.00,50,804600
20221124,09:52:03,18576.00,200,804600
20221124,09:52:05,18577.00,400,804600
20221124,09:52:06,18577.25,150,804600
20221124,09:52:07,18578.25,100,804600
20221124,09:52:08,18578.25,950,804600
20221124,09:52:09,18579.65,50,804600
20221124,09:52:12,18580.00,1250,804600
20221124,09:52:14,18579.30,1100,804600
20221124,09:52:19,18579.65,50,804600
20221124,09:52:20,18579.00,50,804600
20221124,09:52:21,18578.70,100,804600
20221124,09:52:25,18579.55,50,804600
20221124,09:52:26,18579.15,50,804600
20221124,09:52:28,18578.95,50,804600
20221124,09:52:32,18578.60,450,804600
20221124,09:52:35,18578.55,100,804600
20221124,09:52:39,18577.45,50,804600
20221124,09:52:46,18578.05,400,804600
20221124,09:52:47,18577.95,50,804600
20221124,09:52:48,18577.95,50,804600
20221124,09:52:54,18577.45,850,804600
20221124,09:52:55,18577.45,100,804600
20221124,09:52:56,18577.40,200,804600
20221124,09:52:58,18577.20,100,804600
20221124,09:52:59,18577.45,600,804600
20221124,09:53:00,18577.45,150,804600
20221124,09:53:01,18577.45,150,804600
20221124,09:53:04,18577.95,50,804600
20221124,09:53:06,18579.75,100,804600
20221124,09:53:07,18577.95,900,804600
20221124,09:53:26,18578.00,50,804600
20221124,09:53:28,18577.55,50,804600
20221124,09:53:29,18579.00,50,804600
20221124,09:53:42,18579.00,400,808550
20221124,09:53:51,18579.00,50,808550
20221124,09:53:55,18579.00,100,808550
20221124,09:54:01,18579.00,100,808550
20221124,09:54:02,18579.00,200,808550
20221124,09:54:03,18579.00,150,808550
20221124,09:54:04,18579.00,50,808550
20221124,09:54:06,18579.40,50,808550
20221124,09:54:07,18579.00,50,808550
20221124,09:54:09,18579.80,50,808550
20221124,09:54:15,18579.65,150,808550
20221124,09:54:16,18580.00,50,808550
20221124,09:54:17,18579.80,100,808550
20221124,09:54:19,18579.70,50,808550
20221124,09:54:23,18580.00,200,808550
20221124,09:54:24,18580.00,50,808550
20221124,09:54:26,18579.85,50,808550
20221124,09:54:27,18579.30,1400,808550
20221124,09:54:28,18580.00,50,808550
20221124,09:54:37,18579.95,50,808550
20221124,09:54:42,18579.95,50,808550
20221124,09:54:43,18579.00,50,808550
20221124,09:54:47,18579.45,150,808550
20221124,09:54:51,18579.00,50,808550
20221124,09:54:54,18579.95,100,808550
20221124,09:54:55,18579.95,50,808550
20221124,09:55:00,18580.00,100,808550
20221124,09:55:00,18580.00,400,808550
20221124,09:55:01,18580.00,50,808550
20221124,09:55:02,18582.55,50,808550
20221124,09:55:04,18582.55,50,808550
20221124,09:55:07,18581.15,50,808550
20221124,09:55:11,18580.70,350,808550
20221124,09:55:15,18581.25,50,808550
20221124,09:55:20,18584.00,900,808550
20221124,09:55:21,18580.00,50,808550
20221124,09:55:22,18580.75,300,808550
20221124,09:55:23,18580.75,50,808550
20221124,09:55:26,18583.55,50,808550
20221124,09:55:27,18581.50,50,808550
20221124,09:55:31,18580.75,50,808550
20221124,09:55:32,18582.60,100,808550
20221124,09:55:52,18582.60,100,808550
20221124,09:55:53,18584.00,150,808550
20221124,09:55:56,18582.70,100,808550
20221124,09:55:59,18582.40,50,808550
20221124,09:56:01,18583.55,50,808550
20221124,09:56:04,18584.05,50,808550
20221124,09:56:06,18584.50,100,808550
20221124,09:56:07,18584.50,100,808550
20221124,09:56:08,18584.50,300,808550
20221124,09:56:09,18585.00,450,808550
20221124,09:56:10,18585.00,150,808550
20221124,09:56:12,18585.70,150,808550
20221124,09:56:13,18587.00,100,808550
20221124,09:56:18,18587.00,50,808550
20221124,09:56:32,18587.00,50,808550
20221124,09:56:33,18586.30,100,808550
20221124,09:56:35,18584.50,200,808550
20221124,09:56:36,18586.85,50,808550
20221124,09:56:39,18586.10,100,811900
20221124,09:56:40,18586.95,50,811900
20221124,09:56:42,18585.00,50,811900
20221124,09:56:43,18587.00,100,811900
20221124,09:56:47,18587.00,100,811900
20221124,09:56:49,18587.15,50,811900
20221124,09:56:55,18587.15,250,811900
20221124,09:56:58,18587.15,50,811900
20221124,09:57:04,18586.00,50,811900
20221124,09:57:10,18586.00,50,811900
20221124,09:57:11,18587.00,50,811900
20221124,09:57:15,18586.00,50,811900
20221124,09:57:23,18587.00,50,811900
20221124,09:57:24,18586.00,200,811900
20221124,09:57:26,18586.00,150,811900
20221124,09:57:28,18586.00,50,811900
20221124,09:57:32,18586.00,50,811900
20221124,09:57:35,18583.85,200,811900
20221124,09:57:39,18585.90,50,811900
20221124,09:57:40,18585.95,50,811900
20221124,09:57:45,18586.60,150,811900
20221124,09:57:59,18587.40,250,811900
20221124,09:58:04,18586.35,100,811900
20221124,09:58:05,18586.75,50,811900
20221124,09:58:08,18588.00,50,811900
20221124,09:58:25,18588.00,150,811900
20221124,09:58:30,18587.20,50,811900
20221124,09:58:31,18587.20,100,811900
20221124,09:58:37,18583.75,500,811900
20221124,09:58:40,18587.50,50,811900
20221124,09:58:44,18587.00,50,811900
20221124,09:58:50,18585.45,50,811900
20221124,09:58:57,18585.20,100,811900
20221124,09:58:59,18585.20,50,811900
20221124,09:59:02,18584.60,200,811900
20221124,09:59:12,18585.00,100,811900
20221124,09:59:15,18585.00,50,811900
20221124,09:59:17,18583.00,400,811900
20221124,09:59:19,18586.80,50,811900
20221124,09:59:21,18585.00,100,811900
20221124,09:59:22,18585.00,50,811900
20221124,09:59:26,18586.80,50,811900
20221124,09:59:27,18586.75,50,811900
20221124,09:59:29,18585.35,50,811900
20221124,09:59:36,18585.35,50,811900
20221124,09:59:51,18580.25,400,813750
20221124,09:59:52,18583.70,100,813750
20221124,10:00:09,18583.70,50,813750
20221124,10:00:10,18584.30,50,813750
20221124,10:00:18,18584.90,50,813750
20221124,10:00:19,18584.00,150,813750
20221124,10:00:20,18584.95,50,813750
20221124,10:00:23,18584.60,100,813750
20221124,10:00:24,18584.20,50,813750
20221124,10:00:33,18584.20,50,813750
20221124,10:00:36,18584.50,150,813750
20221124,10:00:40,18584.10,100,813750
20221124,10:00:42,18583.10,50,813750
20221124,10:00:43,18583.30,50,813750
20221124,10:00:45,18583.25,100,813750
20221124,10:00:50,18584.20,50,813750
20221124,10:00:51,18585.00,150,813750
20221124,10:00:52,18583.00,200,813750
20221124,10:00:57,18583.00,50,813750
20221124,10:01:04,18585.00,250,813750
20221124,10:01:05,18585.00,300,813750
20221124,10:01:07,18585.00,100,813750
20221124,10:01:12,18583.60,50,813750
20221124,10:01:13,18583.30,150,813750
20221124,10:01:14,18585.00,100,813750
20221124,10:01:16,18585.00,50,813750
20221124,10:01:18,18585.00,50,813750
20221124,10:01:19,18585.00,200,813750
20221124,10:01:22,18585.00,50,813750
20221124,10:01:24,18583.95,100,813750
20221124,10:01:26,18585.00,400,813750
20221124,10:01:27,18585.00,750,813750
20221124,10:01:28,18585.00,300,813750
20221124,10:01:29,18585.00,50,813750
20221124,10:01:31,18585.00,150,813750
20221124,10:01:31,18585.00,200,813750
20221124,10:01:32,18585.00,350,813750
20221124,10:01:33,18585.00,50,813750
20221124,10:01:36,18585.00,50,813750
20221124,10:01:37,18585.00,650,813750
20221124,10:01:38,18585.00,50,813750
20221124,10:01:40,18585.00,350,813750
20221124,10:01:42,18585.00,1200,813750
20221124,10:01:43,18585.00,150,813750
20221124,10:01:46,18583.40,50,813750
20221124,10:01:49,18585.00,650,813750
20221124,10:01:50,18585.35,600,813750
20221124,10:01:51,18585.35,100,813750
20221124,10:01:55,18584.70,50,813750
20221124,10:01:57,18585.05,50,813750
20221124,10:01:58,18586.00,50,813750
20221124,10:01:59,18586.00,50,813750
20221124,10:02:10,18586.00,50,813750
20221124,10:02:14,18586.00,50,813750
20221124,10:02:15,18586.95,50,813750
20221124,10:02:22,18586.00,100,813750
20221124,10:02:31,18585.00,50,813750
20221124,10:02:36,18585.00,50,813750
20221124,10:02:38,18586.00,50,814000
20221124,10:02:41,18585.00,50,814000
20221124,10:02:42,18585.00,50,814000
20221124,10:02:48,18585.00,100,814000
20221124,10:02:50,18584.80,100,814000
20221124,10:02:52,18585.00,100,814000
20221124,10:02:55,18585.00,100,814000
20221124,10:02:57,18584.00,200,814000
20221124,10:02:58,18585.00,50,814000
20221124,10:03:22,18583.85,50,814000
20221124,10:03:27,18584.65,50,814000
20221124,10:03:28,18583.70,100,814000
20221124,10:03:31,18585.00,150,814000
20221124,10:03:33,18585.00,200,814000
20221124,10:03:35,18585.70,50,814000
20221124,10:03:43,18585.00,50,814000
20221124,10:03:44,18585.00,50,814000
20221124,10:03:47,18584.45,50,814000
20221124,10:03:50,18583.85,50,814000
20221124,10:03:52,18585.00,50,814000
20221124,10:03:55,18585.00,50,814000
20221124,10:03:56,18585.00,100,814000
20221124,10:03:57,18585.70,50,814000
20221124,10:04:01,18585.70,50,814000
20221124,10:04:04,18583.55,100,814000
20221124,10:04:17,18583.50,100,814000
20221124,10:04:21,18585.70,50,814000
20221124,10:04:26,18585.70,50,814000
20221124,10:04:29,18583.80,200,814000
20221124,10:04:39,18585.00,50,814000
20221124,10:04:40,18584.40,50,814000
20221124,10:04:42,18583.55,100,814000
20221124,10:04:45,18585.70,50,814000
20221124,10:04:46,18585.70,50,814000
20221124,10:04:48,18584.00,400,814000
20221124,10:04:51,18584.00,50,814000
20221124,10:04:52,18584.00,50,814000
20221124,10:04:54,18583.80,50,814000
20221124,10:04:58,18583.30,100,814000
20221124,10:04:59,18583.30,100,814000
20221124,10:04:59,18586.55,300,814000
20221124,10:05:07,18584.00,550,814000
20221124,10:05:08,18583.80,50,814000
20221124,10:05:09,18584.00,50,814000
20221124,10:05:11,18584.00,50,814000
20221124,10:05:29,18584.85,50,814000
20221124,10:05:30,18584.00,50,814000
20221124,10:05:33,18584.00,50,814000
20221124,10:05:36,18584.00,50,814000
20221124,10:05:38,18584.00,50,814000
20221124,10:05:44,18584.70,50,816200
20221124,10:05:50,18584.20,50,816200
20221124,10:05:58,18584.00,300,816200
20221124,10:06:01,18584.00,250,816200
20221124,10:06:04,18584.00,100,816200
20221124,10:06:08,18584.00,50,816200
20221124,10:06:09,18584.00,50,816200
20221124,10:06:11,18585.30,300,816200
20221124,10:06:12,18585.00,50,816200
20221124,10:06:16,18586.00,300,816200
20221124,10:06:21,18584.95,50,816200
20221124,10:06:23,18585.15,100,816200
20221124,10:06:29,18585.00,50,816200
20221124,10:06:36,18584.00,50,816200
20221124,10:06:45,18584.00,50,816200
20221124,10:06:50,18584.55,50,816200
20221124,10:06:51,18584.00,600,816200
20221124,10:06:59,18584.00,50,816200
20221124,10:07:09,18584.00,50,816200
20221124,10:07:10,18584.25,100,816200
20221124,10:07:13,18582.45,50,816200
20221124,10:07:14,18584.25,50,816200
20221124,10:07:32,18584.25,50,816200
20221124,10:07:33,18584.25,100,816200
20221124,10:07:38,18584.25,200,816200
20221124,10:07:42,18585.00,50,816200
20221124,10:07:43,18585.00,50,816200
20221124,10:07:48,18585.00,550,816200
20221124,10:07:49,18585.00,50,816200
20221124,10:07:52,18585.00,100,816200
20221124,10:07:53,18585.30,950,816200
20221124,10:07:54,18586.00,50,816200
20221124,10:07:56,18586.00,100,816200
20221124,10:07:56,18586.00,200,816200
20221124,10:07:58,18586.00,150,816200
20221124,10:08:05,18588.00,50,816200
20221124,10:08:06,18586.00,50,816200
20221124,10:08:10,18586.00,250,816200
20221124,10:08:13,18586.00,50,816200
20221124,10:08:14,18586.00,50,816200
20221124,10:08:15,18586.00,50,816200
20221124,10:08:27,18586.00,50,816200
20221124,10:08:28,18586.00,150,816200
20221124,10:08:29,18588.00,100,816200
20221124,10:08:37,18586.70,100,816200
20221124,10:08:39,18587.05,50,816200
20221124,10:08:41,18587.45,50,819650
20221124,10:08:43,18589.00,150,819650
20221124,10:08:49,18590.00,700,819650
20221124,10:08:50,18590.00,150,819650
20221124,10:08:51,18590.00,100,819650
20221124,10:08:52,18590.00,50,819650
20221124,10:08:53,18589.50,100,819650
20221124,10:08:58,18589.50,50,819650
20221124,10:09:13,18589.00,200,819650
20221124,10:09:14,18589.00,250,819650
20221124,10:09:18,18590.00,450,819650
20221124,10:09:19,18590.00,200,819650
20221124,10:09:20,18590.00,100,819650
20221124,10:09:21,18589.60,550,819650
20221124,10:09:22,18589.60,50,819650
20221124,10:09:23,18590.00,50,819650
20221124,10:09:24,18590.00,500,819650
20221124,10:09:25,18590.40,50,819650
20221124,10:09:27,18590.45,50,819650
20221124,10:09:31,18590.45,100,819650
20221124,10:09:34,18590.80,50,819650
20221124,10:09:37,18590.80,50,819650
20221124,10:09:41,18590.50,50,819650
20221124,10:09:43,18590.50,50,819650
20221124,10:09:48,18590.50,50,819650
20221124,10:09:49,18590.85,50,819650
20221124,10:09:52,18592.10,50,819650
20221124,10:09:53,18592.10,50,819650
20221124,10:10:00,18591.10,50,819650
20221124,10:10:01,18592.00,50,819650
20221124,10:10:05,18591.40,50,819650
20221124,10:10:08,18590.90,50,819650
20221124,10:10:12,18592.10,50,819650
20221124,10:10:16,18590.80,50,819650
20221124,10:10:23,18592.00,150,819650
20221124,10:10:24,18592.00,50,819650
20221124,10:10:29,18592.00,50,819650
20221124,10:10:30,18592.00,150,819650
20221124,10:10:33,18593.40,350,819650
20221124,10:10:35,18593.80,50,819650
20221124,10:10:36,18594.95,300,819650
20221124,10:10:38,18594.95,50,819650
20221124,10:10:41,18590.60,400,819650
20221124,10:10:42,18594.65,300,819650
20221124,10:11:03,18591.65,50,819650
20221124,10:11:14,18593.60,50,819650
20221124,10:11:24,18593.60,200,819650
20221124,10:11:25,18593.60,50,819650
20221124,10:11:34,18591.30,50,819650
20221124,10:11:40,18593.60,50,821050
20221124,10:11:43,18591.05,50,821050
20221124,10:11:52,18593.60,100,821050
20221124,10:11:58,18593.60,50,821050
20221124,10:12:11,18591.05,50,821050
20221124,10:12:17,18591.10,50,821050
20221124,10:12:23,18591.10,150,821050
20221124,10:12:25,18591.00,150,821050
20221124,10:12:26,18591.00,50,821050
20221124,10:12:41,18590.45,50,821050
20221124,10:12:43,18591.00,50,821050
20221124,10:12:49,18592.30,50,821050
20221124,10:12:54,18590.00,50,821050
20221124,10:12:58,18590.00,100,821050
20221124,10:13:02,18591.15,50,821050
20221124,10:13:08,18591.75,50,821050
20221124,10:13:09,18591.75,50,821050
20221124,10:13:18,18588.70,200,821050
20221124,10:13:26,18591.00,100,821050
20221124,10:13:31,18589.90,50,821050
20221124,10:13:36,18592.00,50,821050
20221124,10:13:41,18589.90,50,821050
20221124,10:13:52,18590.00,50,821050
20221124,10:13:54,18589.90,50,821050
20221124,10:13:58,18589.90,50,821050
20221124,10:14:01,18591.75,50,821050
20221124,10:14:01,18589.90,100,821050
20221124,10:14:08,18591.00,100,821050
20221124,10:14:18,18591.00,50,821050
20221124,10:14:20,18592.00,100,821050
20221124,10:14:23,18589.90,50,821050
20221124,10:14:30,18590.00,50,821050
20221124,10:14:32,18592.00,100,821050
20221124,10:14:34,18592.00,50,821050
20221124,10:14:35,18589.90,50,821050
20221124,10:14:42,18590.00,50,821750
20221124,10:14:45,18589.90,150,821750
20221124,10:14:48,18590.00,150,821750
20221124,10:14:50,18590.00,50,821750
20221124,10:15:07,18591.85,50,821750
20221124,10:15:15,18592.00,50,821750
20221124,10:15:21,18592.00,50,821750
20221124,10:15:25,18590.70,50,821750
20221124,10:15:42,18591.95,50,821750
20221124,10:15:44,18592.00,600,821750
20221124,10:16:04,18591.95,50,821750
20221124,10:16:05,18592.00,50,821750
20221124,10:16:13,18590.00,100,821750
20221124,10:16:19,18592.00,50,821750
20221124,10:16:30,18590.30,150,821750
20221124,10:16:41,18592.00,100,821750
20221124,10:16:50,18591.00,100,821750
20221124,10:16:51,18592.00,50,821750
20221124,10:16:52,18592.20,350,821750
20221124,10:16:54,18593.00,50,821750
20221124,10:16:58,18593.90,50,821750
20221124,10:17:00,18593.85,50,821750
20221124,10:17:07,18590.85,50,821750
20221124,10:17:23,18593.00,50,821750
20221124,10:17:25,18593.00,50,821750
20221124,10:17:29,18591.50,50,821750
20221124,10:17:40,18593.00,150,822150
20221124,10:17:46,18592.00,50,822150
20221124,10:17:53,18592.00,50,822150
20221124,10:18:07,18591.05,250,822150
20221124,10:18:09,18591.05,100,822150
20221124,10:18:17,18590.60,100,822150
20221124,10:18:18,18591.05,50,822150
20221124,10:18:22,18591.05,50,822150
20221124,10:18:29,18593.00,100,822150
20221124,10:18:54,18593.00,50,822150
20221124,10:18:55,18594.00,100,822150
20221124,10:18:57,18594.00,50,822150
20221124,10:18:59,18594.00,100,822150
20221124,10:19:22,18593.55,50,822150
20221124,10:19:23,18591.75,50,822150
20221124,10:19:38,18594.00,50,822150
20221124,10:19:40,18594.30,200,822150
20221124,10:19:45,18591.90,50,822150
20221124,10:19:46,18594.60,50,822150
20221124,10:19:59,18594.70,50,822150
20221124,10:20:03,18594.55,50,822150
20221124,10:20:06,18595.00,100,822150
20221124,10:20:09,18595.00,50,822150
20221124,10:20:10,18595.00,100,822150
20221124,10:20:11,18595.00,50,822150
20221124,10:20:14,18595.00,100,822150
20221124,10:20:41,18595.00,50,822150
20221124,10:20:46,18595.00,300,822150
20221124,10:20:56,18594.00,50,822750
20221124,10:20:58,18595.35,300,822750
20221124,10:21:02,18595.35,50,822750
20221124,10:21:03,18594.00,50,822750
20221124,10:21:13,18596.00,100,822750
20221124,10:21:15,18596.00,50,822750
20221124,10:21:26,18595.00,50,822750
20221124,10:21:29,18593.55,50,822750
20221124,10:21:32,18593.00,50,822750
20221124,10:21:55,18594.00,50,822750
20221124,10:21:58,18592.25,50,822750
20221124,10:22:02,18592.25,50,822750
20221124,10:22:03,18595.00,150,822750
20221124,10:22:12,18595.00,50,822750
20221124,10:22:19,18596.00,150,822750
20221124,10:22:21,18596.00,100,822750
20221124,10:22:30,18594.70,200,822750
20221124,10:22:41,18597.95,150,822750
20221124,10:22:43,18597.95,50,822750
20221124,10:22:44,18598.00,50,822750
20221124,10:22:45,18598.00,50,822750
20221124,10:22:46,18598.00,50,822750
20221124,10:22:48,18598.00,50,822750
20221124,10:22:55,18598.95,200,822750
20221124,10:23:04,18599.00,50,822750
20221124,10:23:07,18599.00,50,822750
20221124,10:23:08,18598.75,300,822750
20221124,10:23:12,18598.90,100,822750
20221124,10:23:15,18596.45,50,822750
20221124,10:23:25,18599.00,100,822750
20221124,10:23:27,18599.00,300,822750
20221124,10:23:35,18599.00,50,822750
20221124,10:23:40,18599.10,100,822750
20221124,10:23:42,18599.35,150,823950
20221124,10:23:43,18599.40,50,823950
20221124,10:23:44,18599.70,50,823950
20221124,10:23:50,18599.70,650,823950
20221124,10:23:53,18597.95,50,823950
20221124,10:24:08,18599.00,100,823950
20221124,10:24:09,18599.00,100,823950
20221124,10:24:10,18599.95,100,823950
20221124,10:24:11,18599.95,200,823950
20221124,10:24:13,18600.00,100,823950
20221124,10:24:14,18600.00,50,823950
20221124,10:24:15,18600.00,100,823950
20221124,10:24:16,18600.00,750,823950
20221124,10:24:17,18600.00,700,823950
20221124,10:24:19,18603.75,1950,823950
20221124,10:24:19,18603.95,50,823950
20221124,10:24:20,18603.95,700,823950
20221124,10:24:21,18603.95,150,823950
20221124,10:24:22,18601.80,100,823950
20221124,10:24:26,18602.05,50,823950
20221124,10:24:27,18604.30,200,823950
20221124,10:24:29,18604.30,50,823950
20221124,10:24:30,18601.85,100,823950
20221124,10:24:32,18601.85,50,823950
20221124,10:24:32,18601.60,50,823950
20221124,10:24:34,18602.80,150,823950
20221124,10:24:37,18600.95,150,823950
20221124,10:24:39,18601.25,100,823950
20221124,10:24:41,18604.20,100,823950
20221124,10:24:54,18601.95,50,823950
20221124,10:24:59,18603.00,50,823950
20221124,10:25:11,18604.95,50,823950
20221124,10:25:15,18605.00,100,823950
20221124,10:25:16,18605.00,50,823950
20221124,10:25:18,18605.00,100,823950
20221124,10:25:20,18604.35,50,823950
20221124,10:25:21,18605.50,50,823950
20221124,10:25:24,18605.50,50,823950
20221124,10:25:26,18606.00,50,823950
20221124,10:25:28,18607.40,150,823950
20221124,10:25:33,18607.40,100,823950
20221124,10:25:34,18607.40,50,823950
20221124,10:25:38,18608.00,200,823950
20221124,10:25:39,18608.00,50,823950
20221124,10:25:42,18605.05,50,823950
20221124,10:25:43,18608.00,50,823950
20221124,10:25:44,18605.25,100,823950
20221124,10:25:53,18607.90,50,823950
20221124,10:25:55,18605.25,50,823950
20221124,10:25:57,18606.60,50,823950
20221124,10:25:58,18606.60,50,823950
20221124,10:25:59,18606.40,50,823950
20221124,10:26:01,18605.30,50,823950
20221124,10:26:02,18606.35,250,823950
20221124,10:26:03,18607.95,150,823950
20221124,10:26:08,18608.95,100,823950
20221124,10:26:12,18609.30,150,823950
20221124,10:26:22,18609.60,50,823950
20221124,10:26:30,18609.70,200,823950
20221124,10:26:33,18609.70,150,823950
20221124,10:26:49,18609.60,50,828300
20221124,10:26:52,18605.50,600,828300
20221124,10:26:59,18605.50,50,828300
20221124,10:27:00,18605.50,100,828300
20221124,10:27:01,18608.05,300,828300
20221124,10:27:04,18608.05,50,828300
20221124,10:27:12,18606.35,50,828300
20221124,10:27:23,18607.80,50,828300
20221124,10:27:25,18608.95,50,828300
20221124,10:27:30,18608.15,50,828300
20221124,10:27:38,18608.00,50,828300
20221124,10:27:40,18609.00,50,828300
20221124,10:27:45,18609.55,50,828300
20221124,10:27:47,18609.60,150,828300
20221124,10:27:49,18608.00,250,828300
20221124,10:27:52,18606.50,50,828300
20221124,10:27:56,18609.55,150,828300
20221124,10:27:57,18609.85,400,828300
20221124,10:27:59,18610.00,400,828300
20221124,10:28:09,18610.00,50,828300
20221124,10:28:37,18609.70,50,828300
20221124,10:28:41,18606.75,150,828300
20221124,10:28:42,18608.40,100,828300
20221124,10:28:43,18605.90,100,828300
20221124,10:28:47,18606.35,50,828300
20221124,10:28:49,18607.25,50,828300
20221124,10:28:51,18606.35,50,828300
20221124,10:28:54,18606.35,100,828300
20221124,10:28:56,18606.80,50,828300
20221124,10:28:57,18607.20,150,828300
20221124,10:29:00,18605.90,100,828300
20221124,10:29:10,18605.90,50,828300
20221124,10:29:11,18605.05,50,828300
20221124,10:29:12,18605.00,50,828300
20221124,10:29:13,18605.00,100,828300
20221124,10:29:14,18605.00,100,828300
20221124,10:29:15,18605.00,100,828300
20221124,10:29:16,18605.00,150,828300
20221124,10:29:18,18605.00,150,828300
20221124,10:29:19,18605.00,50,828300
20221124,10:29:20,18605.00,300,828300
20221124,10:29:21,18605.00,150,828300
20221124,10:29:22,18605.00,50,828300
20221124,10:29:23,18605.00,100,828300
20221124,10:29:24,18605.00,100,828300
20221124,10:29:25,18605.00,600,828300
20221124,10:29:26,18605.00,300,828300
20221124,10:29:34,18605.05,50,828300
20221124,10:29:41,18605.00,50,828300
20221124,10:29:48,18606.50,50,829150
20221124,10:29:53,18605.00,50,829150
20221124,10:29:56,18605.00,50,829150
20221124,10:29:57,18605.00,150,829150
20221124,10:30:05,18605.00,50,829150
20221124,10:30:06,18605.00,50,829150
20221124,10:30:09,18606.00,50,829150
20221124,10:30:18,18605.00,1050,829150
20221124,10:30:29,18608.00,50,829150
20221124,10:30:43,18606.25,50,829150
20221124,10:30:47,18606.70,50,829150
20221124,10:30:48,18604.95,100,829150
20221124,10:30:53,18607.65,50,829150
20221124,10:31:11,18604.90,50,829150
20221124,10:31:13,18605.25,50,829150
20221124,10:31:14,18606.00,50,829150
20221124,10:31:16,18606.00,50,829150
20221124,10:31:19,18606.45,50,829150
20221124,10:31:20,18605.35,150,829150
20221124,10:31:24,18605.35,100,829150
20221124,10:31:25,18607.95,50,829150
20221124,10:31:29,18608.00,50,829150
20221124,10:31:32,18605.45,100,829150
20221124,10:31:35,18608.40,50,829150
20221124,10:31:41,18607.95,250,829150
20221124,10:31:44,18606.00,150,829150
20221124,10:31:55,18607.00,50,829150
20221124,10:32:02,18607.00,50,829150
20221124,10:32:12,18605.95,100,829150
20221124,10:32:27,18605.80,50,829150
20221124,10:32:29,18605.80,200,829150
20221124,10:32:41,18607.00,500,829150
20221124,10:32:46,18606.00,50,829150
20221124,10:32:47,18608.00,50,830400
20221124,10:32:48,18608.00,350,830400
20221124,10:33:02,18608.00,50,830400
20221124,10:33:03,18606.00,50,830400
20221124,10:33:04,18607.95,50,830400
20221124,10:33:05,18606.00,50,830400
20221124,10:33:06,18609.85,1150,830400
20221124,10:33:12,18608.00,150,830400
20221124,10:33:13,18608.55,500,830400
20221124,10:33:15,18605.50,100,830400
20221124,10:33:26,18608.00,50,830400
20221124,10:33:56,18608.00,50,830400
20221124,10:33:57,18608.00,50,830400
20221124,10:34:13,18606.00,50,830400
20221124,10:34:17,18608.00,50,830400
20221124,10:34:20,18608.00,50,830400
20221124,10:34:21,18608.00,50,830400
20221124,10:34:23,18607.00,50,830400
20221124,10:34:24,18608.00,150,830400
20221124,10:34:39,18608.00,100,830400
20221124,10:34:44,18608.00,50,830400
20221124,10:34:57,18608.00,200,830400
20221124,10:35:11,18608.00,250,830400
20221124,10:35:32,18609.95,100,830400
20221124,10:35:34,18609.95,100,830400
20221124,10:35:39,18609.00,50,830400
20221124,10:35:40,18609.00,50,830400
20221124,10:35:42,18609.00,50,830400
20221124,10:35:48,18607.00,100,830300
20221124,10:36:04,18607.10,50,830300
20221124,10:36:07,18610.00,400,830300
20221124,10:36:10,18609.95,100,830300
20221124,10:36:13,18610.00,100,830300
20221124,10:36:14,18610.00,50,830300
20221124,10:36:17,18607.30,100,830300
20221124,10:36:20,18608.65,50,830300
20221124,10:36:33,18608.45,200,830300
20221124,10:36:36,18608.65,50,830300
20221124,10:36:46,18606.20,50,830300
20221124,10:36:52,18608.70,100,830300
20221124,10:36:55,18609.40,200,830300
20221124,10:36:59,18607.25,200,830300
20221124,10:37:00,18610.00,250,830300
20221124,10:37:02,18610.00,900,830300
20221124,10:37:05,18610.10,1500,830300
20221124,10:37:12,18611.00,450,830300
20221124,10:37:12,18612.00,50,830300
20221124,10:37:13,18612.00,100,830300
20221124,10:37:16,18612.00,50,830300
20221124,10:37:22,18612.00,50,830300
20221124,10:37:30,18612.00,400,830300
20221124,10:37:32,18608.85,50,830300
20221124,10:37:47,18612.00,250,830300
20221124,10:37:49,18613.40,600,830300
20221124,10:37:54,18613.40,50,830300
20221124,10:37:56,18613.60,50,830300
20221124,10:37:57,18613.60,250,830300
20221124,10:37:59,18613.35,200,830300
20221124,10:38:07,18612.90,50,830300
20221124,10:38:15,18610.30,50,830300
20221124,10:38:22,18612.90,150,830300
20221124,10:38:23,18612.90,50,830300
20221124,10:38:42,18610.10,50,830300
20221124,10:38:44,18610.10,50,830300
20221124,10:38:46,18612.70,50,831950
20221124,10:38:48,18614.40,500,831950
20221124,10:38:55,18614.40,100,831950
20221124,10:38:57,18614.75,500,831950
20221124,10:39:04,18615.00,900,831950
20221124,10:39:07,18615.00,50,831950
20221124,10:39:16,18612.20,50,831950
20221124,10:39:25,18610.00,50,831950
20221124,10:39:41,18612.00,100,831950
20221124,10:39:43,18610.00,100,831950
20221124,10:39:47,18610.00,50,831950
20221124,10:40:04,18612.80,300,831950
20221124,10:40:07,18612.80,350,831950
20221124,10:40:29,18611.00,50,831950
20221124,10:40:38,18612.00,50,831950
20221124,10:40:57,18612.00,50,831950
20221124,10:41:09,18612.00,100,831950
20221124,10:41:10,18614.00,100,831950
20221124,10:41:14,18611.05,50,831950
20221124,10:41:26,18614.60,50,831950
20221124,10:41:30,18611.05,50,831950
20221124,10:41:31,18613.70,100,831950
20221124,10:41:32,18613.70,150,831950
20221124,10:41:35,18611.05,50,831950
20221124,10:41:59,18612.00,50,833600
20221124,10:42:01,18612.00,100,833600
20221124,10:42:05,18612.00,150,833600
20221124,10:42:07,18611.05,50,833600
20221124,10:42:08,18610.80,150,833600
20221124,10:42:12,18610.80,50,833600
20221124,10:42:14,18610.70,50,833600
20221124,10:42:18,18610.00,50,833600
20221124,10:42:25,18609.90,50,833600
20221124,10:42:36,18609.90,150,833600
20221124,10:42:37,18609.00,50,833600
20221124,10:42:38,18609.65,50,833600
20221124,10:42:40,18609.70,100,833600
20221124,10:42:47,18606.25,550,833600
20221124,10:42:54,18605.90,100,833600
20221124,10:42:59,18604.95,100,833600
20221124,10:43:06,18604.25,350,833600
20221124,10:43:07,18605.90,50,833600
20221124,10:43:30,18604.00,50,833600
20221124,10:43:32,18604.00,50,833600
20221124,10:43:33,18604.00,150,833600
20221124,10:43:37,18605.00,50,833600
20221124,10:43:38,18605.90,50,833600
20221124,10:43:39,18604.10,50,833600
20221124,10:43:41,18604.10,50,833600
20221124,10:43:47,18605.00,50,833600
20221124,10:43:52,18604.10,50,833600
20221124,10:43:57,18603.35,50,833600
20221124,10:43:58,18605.00,50,833600
20221124,10:44:02,18605.00,100,833600
20221124,10:44:03,18603.60,50,833600
20221124,10:44:37,18603.60,50,833600
20221124,10:44:43,18603.60,100,833600
20221124,10:44:44,18605.00,50,833600
20221124,10:44:48,18603.30,50,833600
20221124,10:44:49,18605.00,150,834500
20221124,10:45:00,18605.00,50,834500
20221124,10:45:01,18605.00,150,834500
20221124,10:45:02,18605.00,100,834500
20221124,10:45:04,18607.50,50,834500
20221124,10:45:06,18607.50,50,834500
20221124,10:45:39,18608.55,50,834500
20221124,10:45:46,18605.70,100,834500
20221124,10:46:11,18605.70,50,834500
20221124,10:46:35,18605.30,50,834500
20221124,10:46:48,18608.70,50,834500
20221124,10:47:13,18606.00,50,834500
20221124,10:47:20,18607.85,150,834500
20221124,10:47:21,18608.00,50,834500
20221124,10:47:26,18607.95,50,834500
20221124,10:47:31,18608.00,50,834500
20221124,10:47:48,18607.95,50,835100
20221124,10:47:49,18605.10,50,835100
20221124,10:48:08,18605.10,50,835100
20221124,10:48:09,18604.30,50,835100
20221124,10:48:22,18607.00,50,835100
20221124,10:48:27,18604.15,50,835100
20221124,10:48:43,18606.00,50,835100
20221124,10:48:44,18607.95,50,835100
20221124,10:48:51,18607.95,200,835100
20221124,10:48:54,18607.85,100,835100
20221124,10:48:59,18607.85,50,835100
20221124,10:49:01,18605.00,50,835100
20221124,10:49:07,18605.00,50,835100
20221124,10:49:12,18608.00,150,835100
20221124,10:49:32,18607.90,50,835100
20221124,10:49:42,18608.00,50,835100
20221124,10:49:44,18606.00,50,835100
20221124,10:49:50,18604.35,250,835100
20221124,10:49:57,18606.00,50,835100
20221124,10:50:02,18604.25,50,835100
20221124,10:50:22,18604.85,400,835100
20221124,10:50:23,18606.20,50,835100
20221124,10:50:28,18606.40,50,835100
20221124,10:50:32,18606.00,50,835100
20221124,10:50:41,18605.95,50,835100
20221124,10:50:44,18606.00,50,835100
20221124,10:50:49,18607.50,50,836350
20221124,10:50:57,18603.90,100,836350
20221124,10:51:04,18605.00,50,836350
20221124,10:51:14,18605.05,200,836350
20221124,10:51:15,18606.50,50,836350
20221124,10:51:17,18605.00,50,836350
20221124,10:51:19,18606.50,50,836350
20221124,10:51:20,18603.95,50,836350
20221124,10:51:27,18603.60,100,836350
20221124,10:51:32,18605.00,50,836350
20221124,10:51:33,18607.90,100,836350
20221124,10:52:03,18607.90,50,836350
20221124,10:52:05,18605.05,100,836350
20221124,10:52:15,18608.00,200,836350
20221124,10:52:16,18605.85,50,836350
20221124,10:52:17,18605.85,50,836350
20221124,10:52:29,18605.20,50,836350
20221124,10:52:50,18605.80,50,836350
20221124,10:53:02,18605.85,100,836350
20221124,10:53:15,18607.00,50,836350
20221124,10:53:19,18607.00,100,836350
20221124,10:53:20,18607.00,50,836350
20221124,10:53:22,18607.00,50,836350
20221124,10:53:23,18608.00,50,836350
20221124,10:53:30,18607.90,50,836350
20221124,10:53:38,18606.85,50,836350
20221124,10:53:41,18608.00,150,836350
20221124,10:53:42,18607.55,50,836350
20221124,10:53:50,18608.00,50,837350
20221124,10:53:53,18606.30,50,837350
20221124,10:54:00,18607.55,50,837350
20221124,10:54:26,18608.00,200,837350
20221124,10:54:32,18608.00,50,837350
20221124,10:54:34,18608.00,50,837350
20221124,10:54:35,18608.00,50,837350
20221124,10:54:36,18608.00,100,837350
20221124,10:54:38,18609.00,50,837350
20221124,10:54:39,18609.00,850,837350
20221124,10:54:59,18609.00,50,837350
20221124,10:55:02,18609.00,300,837350
20221124,10:55:05,18609.00,300,837350
20221124,10:55:06,18609.00,200,837350
20221124,10:55:07,18609.00,100,837350
20221124,10:55:08,18609.00,100,837350
20221124,10:55:11,18609.00,150,837350
20221124,10:55:12,18610.00,50,837350
20221124,10:55:13,18609.10,50,837350
20221124,10:55:19,18610.00,50,837350
20221124,10:55:22,18610.00,100,837350
20221124,10:55:32,18610.00,100,837350
20221124,10:55:39,18613.60,500,837350
20221124,10:55:43,18610.05,450,837350
20221124,10:55:45,18613.60,50,837350
20221124,10:56:25,18612.75,100,837350
20221124,10:56:35,18612.85,50,837350
20221124,10:56:39,18612.75,50,837350
20221124,10:56:40,18612.85,50,837350
20221124,10:56:48,18612.00,50,837350
20221124,10:56:53,18612.00,150,838000
20221124,10:56:59,18610.85,100,838000
20221124,10:57:07,18609.05,50,838000
20221124,10:57:27,18609.00,50,838000
20221124,10:57:34,18609.05,50,838000
20221124,10:57:45,18610.00,50,838000
20221124,10:57:49,18609.05,50,838000
20221124,10:57:56,18611.70,300,838000
20221124,10:57:59,18611.05,50,838000
20221124,10:58:02,18609.05,50,838000
20221124,10:58:20,18608.00,50,838000
20221124,10:58:27,18607.15,100,838000
20221124,10:58:28,18607.15,50,838000
20221124,10:58:30,18607.15,100,838000
20221124,10:58:31,18606.80,50,838000
20221124,10:58:41,18606.80,50,838000
20221124,10:58:42,18606.00,50,838000
20221124,10:58:44,18608.95,50,838000
20221124,10:59:08,18608.45,50,838000
20221124,10:59:12,18608.20,300,838000
20221124,10:59:14,18604.45,50,838000
20221124,10:59:17,18604.65,50,838000
20221124,10:59:59,18604.80,50,839300
20221124,11:01:13,18601.00,100,839300
20221124,11:01:17,18600.00,150,839300
20221124,11:01:19,18600.00,50,839300
20221124,11:01:20,18600.00,50,839300
20221124,11:01:22,18600.00,100,839300
20221124,11:01:26,18600.00,200,839300
20221124,11:01:27,18600.00,300,839300
20221124,11:01:31,18600.00,200,839300
20221124,11:01:38,18597.15,250,839300
20221124,11:01:41,18596.85,50,839300
20221124,11:01:45,18597.40,100,839300
20221124,11:01:53,18597.80,100,839300
20221124,11:01:56,18600.00,50,839300
20221124,11:02:14,18600.00,50,839300
20221124,11:02:26,18598.00,50,839300
20221124,11:02:28,18597.65,200,839300
20221124,11:02:31,18600.00,50,839300
20221124,11:02:33,18598.00,50,839300
20221124,11:02:36,18600.70,500,839300
20221124,11:02:40,18598.45,50,839300
20221124,11:02:46,18602.80,300,839300
20221124,11:02:48,18600.00,100,839300
20221124,11:02:57,18600.00,100,840800
20221124,11:02:59,18602.40,300,840800
20221124,11:03:00,18602.40,700,840800
20221124,11:03:13,18599.50,50,840800
20221124,11:03:14,18599.60,100,840800
20221124,11:03:32,18599.70,50,840800
20221124,11:03:39,18599.30,50,840800
20221124,11:03:42,18599.55,50,840800
20221124,11:04:00,18599.80,50,840800
20221124,11:04:12,18600.00,100,840800
20221124,11:04:23,18599.55,100,840800
20221124,11:04:25,18600.00,50,840800
20221124,11:04:31,18600.00,100,840800
20221124,11:04:32,18600.00,50,840800
20221124,11:04:33,18601.00,300,840800
20221124,11:04:42,18600.00,50,840800
20221124,11:04:46,18600.00,100,840800
20221124,11:04:53,18601.00,100,840800
20221124,11:04:59,18600.00,50,840800
20221124,11:05:02,18601.30,50,840800
20221124,11:05:06,18600.00,300,840800
20221124,11:05:10,18600.00,150,840800
20221124,11:05:15,18601.00,50,840800
20221124,11:05:18,18601.45,400,840800
20221124,11:05:19,18604.05,50,840800
20221124,11:05:25,18600.85,150,840800
20221124,11:05:37,18603.85,50,840800
20221124,11:05:38,18601.20,50,840800
20221124,11:05:57,18603.85,50,842000
20221124,11:06:25,18600.90,100,842000
20221124,11:06:43,18603.20,150,842000
20221124,11:06:46,18605.00,50,842000
20221124,11:06:47,18605.00,50,842000
20221124,11:06:48,18605.00,50,842000
20221124,11:06:49,18602.85,100,842000
20221124,11:06:51,18605.00,50,842000
20221124,11:07:28,18605.00,50,842000
20221124,11:07:30,18605.00,50,842000
20221124,11:07:33,18605.00,100,842000
20221124,11:08:08,18606.00,50,842000
20221124,11:08:31,18606.00,50,842000
20221124,11:08:58,18606.00,50,842400
20221124,11:09:19,18606.00,100,842400
20221124,11:09:22,18606.00,50,842400
20221124,11:09:26,18606.00,150,842400
20221124,11:09:32,18606.00,50,842400
20221124,11:09:37,18606.00,50,842400
20221124,11:09:38,18607.00,100,842400
20221124,11:10:08,18608.00,50,842400
20221124,11:10:20,18608.00,50,842400
20221124,11:10:26,18608.00,50,842400
20221124,11:10:35,18608.00,50,842400
20221124,11:10:39,18608.00,50,842400
20221124,11:10:56,18608.00,50,842400
20221124,11:11:06,18608.00,100,842400
20221124,11:11:15,18608.00,50,842400
20221124,11:11:22,18608.00,50,842400
20221124,11:11:28,18608.00,300,842400
20221124,11:11:30,18608.85,100,842400
20221124,11:11:41,18608.00,1600,842400
20221124,11:11:44,18608.00,250,842400
20221124,11:11:45,18608.00,100,842400
20221124,11:11:47,18608.00,50,842400
20221124,11:11:51,18608.00,50,842400
20221124,11:11:54,18608.00,100,844500
20221124,11:11:57,18608.00,50,844500
20221124,11:12:07,18608.30,50,844500
20221124,11:12:11,18608.00,150,844500
20221124,11:12:15,18607.00,50,844500
20221124,11:12:26,18606.00,50,844500
20221124,11:12:28,18606.75,50,844500
20221124,11:12:34,18605.00,50,844500
20221124,11:12:59,18603.00,50,844500
20221124,11:13:18,18602.00,50,844500
20221124,11:13:22,18600.75,50,844500
20221124,11:13:23,18602.00,50,844500
20221124,11:13:55,18602.85,150,844500
20221124,11:14:01,18600.00,100,844500
20221124,11:14:06,18599.10,50,844500
20221124,11:14:12,18602.80,100,844500
20221124,11:15:07,18599.85,50,844700
20221124,11:15:23,18601.00,50,844700
20221124,11:15:40,18601.00,50,844700
20221124,11:15:47,18601.00,150,844700
20221124,11:15:50,18601.00,50,844700
20221124,11:15:51,18601.00,50,844700
20221124,11:15:53,18601.00,50,844700
20221124,11:16:02,18599.85,50,844700
20221124,11:16:04,18601.00,50,844700
20221124,11:16:34,18599.00,50,844700
20221124,11:16:49,18599.00,100,844700
20221124,11:16:57,18598.00,600,844700
20221124,11:17:02,18600.00,100,844700
20221124,11:17:06,18600.00,200,844700
20221124,11:17:11,18600.00,100,844700
20221124,11:17:25,18601.00,50,844700
20221124,11:17:35,18601.00,50,844700
20221124,11:17:50,18601.00,100,844700
20221124,11:17:53,18601.60,50,845950
20221124,11:18:19,18600.05,850,845950
20221124,11:18:32,18601.95,50,845950
20221124,11:18:33,18601.50,100,845950
20221124,11:18:35,18602.00,100,845950
20221124,11:18:45,18602.80,50,845950
20221124,11:18:51,18602.65,150,845950
20221124,11:18:52,18602.65,100,845950
20221124,11:18:54,18602.65,350,845950
20221124,11:18:55,18602.85,300,845950
20221124,11:19:51,18604.75,50,845950
20221124,11:19:54,18604.10,50,845950
20221124,11:20:02,18601.45,50,845950
20221124,11:20:30,18601.45,500,845950
20221124,11:20:36,18604.35,50,845950
20221124,11:20:40,18604.35,200,845950
20221124,11:20:59,18600.10,50,848050
20221124,11:21:13,18600.15,100,848050
20221124,11:21:22,18601.00,50,848050
20221124,11:21:35,18603.30,50,848050
20221124,11:22:03,18600.15,200,848050
20221124,11:22:05,18601.90,100,848050
20221124,11:22:15,18603.00,50,848050
20221124,11:22:38,18603.40,100,848050
20221124,11:22:47,18603.00,50,848050
20221124,11:23:00,18600.55,50,848050
20221124,11:23:07,18600.20,100,848050
20221124,11:23:11,18600.15,100,848050
20221124,11:23:13,18600.50,100,848050
20221124,11:23:21,18600.05,100,848050
20221124,11:23:27,18603.65,150,848050
20221124,11:23:33,18600.10,100,848050
20221124,11:23:44,18600.85,150,848050
20221124,11:23:46,18600.85,50,848050
20221124,11:23:59,18600.25,100,848950
20221124,11:24:01,18602.00,50,848950
20221124,11:24:09,18600.60,200,848950
20221124,11:24:11,18600.05,100,848950
20221124,11:24:14,18600.60,50,848950
20221124,11:24:16,18603.50,50,848950
20221124,11:24:23,18600.30,100,848950
20221124,11:24:24,18600.10,100,848950
20221124,11:24:30,18600.05,100,848950
20221124,11:24:38,18600.05,100,848950
20221124,11:24:44,18602.90,50,848950
20221124,11:24:46,18600.05,100,848950
20221124,11:25:09,18602.70,50,848950
20221124,11:25:32,18602.70,50,848950
20221124,11:25:46,18601.20,50,848950
20221124,11:25:55,18604.20,150,848950
20221124,11:26:06,18604.15,550,848950
20221124,11:26:08,18601.20,550,848950
20221124,11:26:09,18601.20,50,848950
20221124,11:26:10,18600.85,950,848950
20221124,11:26:28,18600.05,150,848950
20221124,11:26:36,18600.05,50,848950
20221124,11:26:41,18600.05,50,848950
20221124,11:26:51,18600.05,50,848950
20221124,11:27:00,18600.05,50,851300
20221124,11:27:18,18600.05,50,851300
20221124,11:27:40,18599.55,450,851300
20221124,11:27:55,18599.55,100,851300
20221124,11:28:02,18599.90,50,851300
20221124,11:28:11,18598.30,450,851300
20221124,11:28:19,18601.00,50,851300
20221124,11:28:21,18601.00,50,851300
20221124,11:29:26,18602.95,50,851300
20221124,11:29:43,18602.95,50,851300
20221124,11:29:45,18603.10,50,851300
20221124,11:30:09,18596.85,100,851300
20221124,11:30:20,18599.90,50,851800
20221124,11:30:39,18599.05,50,851800
20221124,11:30:42,18599.90,50,851800
20221124,11:30:43,18601.00,50,851800
20221124,11:31:18,18601.00,50,851800
20221124,11:31:35,18599.05,600,851800
20221124,11:31:47,18599.00,100,851800
20221124,11:32:11,18599.00,250,851800
20221124,11:32:13,18601.00,400,851800
20221124,11:32:17,18602.15,50,851800
20221124,11:33:20,18600.00,50,853300
20221124,11:33:21,18601.25,50,853300
20221124,11:34:04,18599.35,50,853300
20221124,11:34:08,18599.05,50,853300
20221124,11:34:27,18598.75,150,853300
20221124,11:34:42,18599.15,50,853300
20221124,11:35:00,18599.15,100,853300
20221124,11:35:01,18598.55,200,853300
20221124,11:35:15,18599.15,150,853300
20221124,11:35:21,18599.15,50,853300
20221124,11:35:22,18599.15,50,853300
20221124,11:35:25,18599.15,50,853300
20221124,11:35:26,18599.15,100,853300
20221124,11:35:51,18599.15,50,853300
20221124,11:36:13,18599.15,650,853950
20221124,11:36:29,18597.85,50,853950
20221124,11:37:02,18597.75,50,853950
20221124,11:37:09,18599.15,50,853950
20221124,11:37:09,18600.00,100,853950
20221124,11:37:24,18603.05,500,853950
20221124,11:37:29,18602.80,50,853950
20221124,11:37:33,18602.70,50,853950
20221124,11:37:46,18599.90,50,853950
20221124,11:37:55,18603.30,200,853950
20221124,11:37:58,18603.30,50,853950
20221124,11:37:59,18603.05,50,853950
20221124,11:38:00,18602.45,50,853950
20221124,11:38:03,18602.50,50,853950
20221124,11:38:10,18603.95,100,853950
20221124,11:38:11,18604.40,50,853950
20221124,11:38:12,18603.95,50,853950
20221124,11:38:13,18604.45,100,853950
20221124,11:38:15,18604.65,50,853950
20221124,11:38:16,18605.00,350,853950
20221124,11:38:17,18604.85,100,853950
20221124,11:38:17,18604.80,50,853950
20221124,11:38:18,18604.05,100,853950
20221124,11:38:25,18604.05,50,853950
20221124,11:38:27,18603.60,50,853950
20221124,11:38:30,18602.90,50,853950
20221124,11:38:31,18602.85,50,853950
20221124,11:38:39,18601.50,50,853950
20221124,11:38:47,18602.60,50,853950
20221124,11:38:49,18602.00,50,853950
20221124,11:38:50,18605.00,100,853950
20221124,11:38:51,18601.65,50,853950
20221124,11:38:56,18601.75,50,853950
20221124,11:39:03,18602.50,50,855300
20221124,11:39:11,18602.15,50,855300
20221124,11:39:20,18605.75,300,855300
20221124,11:39:28,18603.15,50,855300
20221124,11:39:50,18602.35,100,855300
20221124,11:39:59,18605.25,50,855300
20221124,11:40:07,18606.00,50,855300
20221124,11:40:25,18605.20,150,855300
20221124,11:40:34,18605.20,100,855300
20221124,11:40:36,18606.00,50,855300
20221124,11:40:40,18605.20,100,855300
20221124,11:40:52,18606.45,100,855300
20221124,11:40:55,18605.20,100,855300
20221124,11:40:56,18605.20,50,855300
20221124,11:40:57,18605.20,50,855300
20221124,11:41:00,18606.45,150,855300
20221124,11:41:06,18605.20,50,855300
20221124,11:41:17,18605.20,50,855300
20221124,11:41:18,18605.20,150,855300
20221124,11:41:22,18605.20,50,855300
20221124,11:41:26,18605.30,50,855300
20221124,11:41:29,18605.20,50,855300
20221124,11:41:30,18605.20,50,855300
20221124,11:41:31,18605.85,50,855300
20221124,11:41:32,18605.20,50,855300
20221124,11:41:34,18605.20,200,855300
20221124,11:41:39,18605.20,50,855300
20221124,11:41:45,18605.20,250,855300
20221124,11:41:47,18605.20,100,855300
20221124,11:41:48,18605.40,50,855300
20221124,11:42:02,18602.25,50,857450
20221124,11:42:03,18605.25,50,857450
20221124,11:42:07,18602.90,50,857450
20221124,11:42:12,18602.90,50,857450
20221124,11:42:21,18603.80,200,857450
20221124,11:42:30,18603.80,100,857450
20221124,11:42:33,18604.45,50,857450
20221124,11:42:34,18604.45,50,857450
20221124,11:42:47,18604.20,50,857450
20221124,11:42:48,18604.20,50,857450
20221124,11:42:57,18604.20,50,857450
20221124,11:43:04,18604.20,50,857450
20221124,11:43:08,18603.75,50,857450
20221124,11:43:17,18604.05,50,857450
20221124,11:43:23,18604.05,50,857450
20221124,11:43:26,18607.00,50,857450
20221124,11:43:29,18607.00,50,857450
20221124,11:43:40,18607.00,50,857450
20221124,11:43:43,18605.40,50,857450
20221124,11:43:55,18605.70,50,857450
20221124,11:44:02,18606.20,100,857450
20221124,11:44:07,18607.00,50,857450
20221124,11:44:15,18606.05,50,857450
20221124,11:44:33,18606.50,50,857450
20221124,11:44:34,18609.00,100,857450
20221124,11:44:37,18606.90,50,857450
20221124,11:44:50,18609.65,100,857450
20221124,11:44:58,18606.90,100,858050
20221124,11:45:18,18610.00,50,858050
20221124,11:45:22,18607.00,50,858050
20221124,11:45:28,18610.00,50,858050
20221124,11:45:39,18606.30,50,858050
20221124,11:45:54,18606.50,50,858050
20221124,11:46:17,18610.00,150,858050
20221124,11:46:19,18611.00,400,858050
20221124,11:46:20,18612.00,50,858050
20221124,11:46:51,18612.00,100,858050
20221124,11:46:52,18612.35,50,858050
20221124,11:46:55,18612.00,100,858050
20221124,11:47:20,18612.00,50,858050
20221124,11:47:23,18613.25,50,858050
20221124,11:47:30,18612.00,200,858050
20221124,11:47:41,18613.25,50,858050
20221124,11:47:48,18612.00,50,858050
20221124,11:47:51,18613.60,100,858050
20221124,11:47:56,18613.70,50,858050
20221124,11:47:59,18613.55,100,858850
20221124,11:48:11,18612.00,50,858850
20221124,11:48:12,18612.95,50,858850
20221124,11:48:29,18610.00,50,858850
20221124,11:48:56,18610.00,50,858850
20221124,11:49:04,18609.00,50,858850
20221124,11:49:11,18610.00,50,858850
20221124,11:49:19,18610.00,50,858850
20221124,11:49:23,18610.00,50,858850
20221124,11:49:25,18610.00,50,858850
20221124,11:49:29,18606.80,400,858850
20221124,11:49:44,18606.90,500,858850
20221124,11:49:58,18607.50,50,858850
20221124,11:50:01,18607.80,50,858850
20221124,11:50:06,18608.30,50,858850
20221124,11:50:22,18608.30,50,858850
20221124,11:50:27,18609.30,100,858850
20221124,11:50:32,18605.00,250,858850
20221124,11:50:41,18605.20,50,858850
20221124,11:50:51,18605.15,50,858850
20221124,11:50:51,18608.40,50,858850
20221124,11:51:25,18604.45,50,858850
20221124,11:51:31,18604.45,50,860000
20221124,11:51:40,18604.00,50,860000
20221124,11:51:47,18604.45,200,860000
20221124,11:51:48,18604.45,100,860000
20221124,11:51:52,18604.45,450,860000
20221124,11:51:54,18604.45,50,860000
20221124,11:51:56,18605.80,50,860000
20221124,11:52:03,18606.10,50,860000
20221124,11:52:08,18606.10,50,860000
20221124,11:52:33,18602.55,50,860000
20221124,11:52:45,18601.60,150,860000
20221124,11:53:04,18602.55,50,860000
20221124,11:53:05,18602.55,100,860000
20221124,11:53:08,18604.65,50,860000
20221124,11:53:20,18604.65,50,860000
20221124,11:53:29,18604.55,50,860000
20221124,11:53:42,18601.45,100,860000
20221124,11:53:44,18604.70,150,860000
20221124,11:53:45,18604.65,50,860000
20221124,11:54:02,18604.75,50,861050
20221124,11:54:03,18605.65,1850,861050
20221124,11:54:19,18605.55,100,861050
20221124,11:54:20,18605.55,50,861050
20221124,11:54:21,18605.50,50,861050
20221124,11:54:24,18602.50,50,861050
20221124,11:54:54,18607.00,1050,861050
20221124,11:55:36,18605.00,50,861050
20221124,11:55:41,18605.00,50,861050
20221124,11:55:55,18602.00,200,861050
20221124,11:55:59,18602.00,150,861050
20221124,11:56:05,18601.40,150,861050
20221124,11:56:06,18602.00,50,861050
20221124,11:56:15,18601.85,50,861050
20221124,11:56:16,18601.45,50,861050
20221124,11:56:21,18602.00,50,861050
20221124,11:56:25,18603.00,50,861050
20221124,11:56:26,18602.80,50,861050
20221124,11:56:28,18602.55,200,861050
20221124,11:56:37,18602.55,50,861050
20221124,11:56:44,18604.00,100,861050
20221124,11:56:52,18607.55,50,861050
20221124,11:57:12,18610.00,1100,861450
20221124,11:57:22,18610.00,100,861450
20221124,11:58:11,18605.10,50,861450
20221124,11:58:35,18604.60,50,861450
20221124,11:58:39,18605.05,50,861450
20221124,11:58:41,18605.00,50,861450
20221124,11:58:57,18605.00,100,861450
20221124,11:59:14,18605.00,50,861450
20221124,11:59:23,18605.00,50,861450
20221124,11:59:32,18605.00,50,861450
20221124,11:59:45,18605.00,50,861450
20221124,11:59:52,18605.00,50,861450
20221124,11:59:57,18607.15,300,861450
20221124,12:00:03,18607.15,50,861950
20221124,12:00:08,18604.00,300,861950
20221124,12:00:12,18604.00,100,861950
20221124,12:01:18,18604.00,50,861950
20221124,12:01:19,18604.00,50,861950
20221124,12:01:31,18601.05,550,861950
20221124,12:02:18,18604.00,2150,861950
20221124,12:02:23,18604.40,50,861950
20221124,12:02:30,18602.05,50,861950
20221124,12:02:38,18603.30,1000,861950
20221124,12:02:39,18607.25,100,861950
20221124,12:03:00,18607.25,50,864450
20221124,12:03:18,18607.25,50,864450
20221124,12:03:53,18607.25,900,864450
20221124,12:03:54,18609.50,100,864450
20221124,12:05:00,18607.55,100,864450
20221124,12:05:02,18607.55,50,864450
20221124,12:05:06,18607.55,50,864450
20221124,12:05:09,18607.55,50,864450
20221124,12:05:14,18607.55,100,864450
20221124,12:05:15,18607.55,100,864450
20221124,12:05:18,18607.55,100,864450
20221124,12:05:19,18607.55,100,864450
20221124,12:05:20,18607.55,50,864450
20221124,12:05:29,18607.25,50,864450
20221124,12:05:34,18607.45,50,864450
20221124,12:05:41,18607.25,150,864450
20221124,12:05:49,18608.00,50,864450
20221124,12:06:30,18608.00,50,866300
20221124,12:06:34,18608.00,100,866300
20221124,12:06:36,18607.25,50,866300
20221124,12:06:43,18607.25,50,866300
20221124,12:06:56,18608.00,50,866300
20221124,12:06:59,18609.25,50,866300
20221124,12:07:08,18607.05,50,866300
20221124,12:07:19,18609.00,150,866300
20221124,12:07:25,18610.00,150,866300
20221124,12:07:26,18610.00,50,866300
20221124,12:07:31,18611.70,400,866300
20221124,12:07:40,18610.00,50,866300
20221124,12:07:53,18613.45,50,866300
20221124,12:08:12,18614.05,150,866300
20221124,12:08:16,18614.00,50,866300
20221124,12:08:17,18614.40,50,866300
20221124,12:08:18,18614.95,50,866300
20221124,12:08:21,18614.95,200,866300
20221124,12:08:22,18615.00,100,866300
20221124,12:08:23,18615.00,50,866300
20221124,12:08:25,18615.00,50,866300
20221124,12:08:30,18615.00,100,866300
20221124,12:08:48,18615.00,400,866300
20221124,12:08:53,18615.00,100,866300
20221124,12:08:54,18615.00,150,866300
20221124,12:09:01,18615.50,500,866650
20221124,12:09:02,18617.00,100,866650
20221124,12:09:16,18617.00,50,866650
20221124,12:09:19,18617.95,50,866650
20221124,12:09:40,18617.95,50,866650
20221124,12:09:49,18617.00,50,866650
20221124,12:09:55,18615.00,150,866650
20221124,12:09:56,18615.00,250,866650
20221124,12:09:58,18615.35,50,866650
20221124,12:10:23,18615.35,50,866650
20221124,12:10:24,18614.95,50,866650
20221124,12:10:25,18615.50,50,866650
20221124,12:10:42,18615.45,50,866650
20221124,12:10:54,18615.45,50,866650
20221124,12:11:09,18615.45,50,866650
20221124,12:11:41,18612.20,500,866650
20221124,12:11:51,18612.90,100,866650
20221124,12:11:54,18615.00,50,866650
20221124,12:11:56,18615.00,50,866650
20221124,12:12:12,18617.00,200,866650
20221124,12:12:12,18617.10,50,867500
20221124,12:12:26,18618.00,50,867500
20221124,12:12:28,18618.55,50,867500
20221124,12:12:31,18618.60,100,867500
20221124,12:12:36,18620.00,1550,867500
20221124,12:12:40,18620.00,50,867500
20221124,12:12:48,18620.00,50,867500
20221124,12:12:50,18620.00,50,867500
20221124,12:12:58,18620.00,150,867500
20221124,12:12:59,18620.00,50,867500
20221124,12:13:00,18620.00,100,867500
20221124,12:13:02,18620.00,150,867500
20221124,12:13:07,18620.00,50,867500
20221124,12:13:15,18620.00,50,867500
20221124,12:13:18,18620.00,50,867500
20221124,12:13:29,18618.90,50,867500
20221124,12:13:31,18619.00,50,867500
20221124,12:13:35,18619.00,50,867500
20221124,12:13:36,18619.00,50,867500
20221124,12:13:37,18619.00,50,867500
20221124,12:13:38,18618.50,150,867500
20221124,12:13:50,18618.50,50,867500
20221124,12:13:59,18618.10,50,867500
20221124,12:14:03,18618.00,50,867500
20221124,12:14:06,18616.10,500,867500
20221124,12:14:09,18618.30,50,867500
20221124,12:14:11,18618.50,50,867500
20221124,12:14:13,18618.50,150,867500
20221124,12:14:14,18620.00,1000,867500
20221124,12:14:16,18618.00,50,867500
20221124,12:14:35,18620.00,50,867500
20221124,12:14:50,18618.00,50,867500
20221124,12:15:00,18621.00,1150,867500
20221124,12:15:40,18621.00,50,867500
20221124,12:15:42,18622.00,250,869600
20221124,12:15:43,18622.00,250,869600
20221124,12:15:51,18622.90,50,869600
20221124,12:15:52,18623.00,50,869600
20221124,12:15:56,18623.00,150,869600
20221124,12:15:57,18623.00,50,869600
20221124,12:16:02,18623.00,550,869600
20221124,12:16:03,18623.00,50,869600
20221124,12:16:12,18623.00,50,869600
20221124,12:16:14,18623.00,50,869600
20221124,12:16:36,18623.00,50,869600
20221124,12:16:40,18620.45,50,869600
20221124,12:16:42,18623.00,50,869600
20221124,12:16:58,18623.00,50,869600
20221124,12:17:03,18621.40,50,869600
20221124,12:17:04,18623.00,150,869600
20221124,12:17:24,18624.05,50,869600
20221124,12:17:43,18624.10,100,869600
20221124,12:17:53,18624.10,50,869600
20221124,12:18:10,18621.50,50,870250
20221124,12:18:25,18622.00,50,870250
20221124,12:19:09,18622.00,200,870250
20221124,12:19:16,18620.00,200,870250
20221124,12:19:31,18620.00,150,870250
20221124,12:19:42,18620.00,50,870250
20221124,12:19:48,18620.00,150,870250
20221124,12:19:58,18621.00,50,870250
20221124,12:19:59,18621.00,100,870250
20221124,12:20:01,18621.00,50,870250
20221124,12:20:12,18621.00,100,870250
20221124,12:21:00,18616.15,300,870250
20221124,12:21:01,18615.65,50,870250
20221124,12:21:13,18615.35,50,869800
20221124,12:21:19,18615.65,50,869800
20221124,12:21:36,18616.00,400,869800
20221124,12:21:41,18616.00,100,869800
20221124,12:21:46,18616.00,250,869800
20221124,12:21:50,18616.00,50,869800
20221124,12:22:06,18613.75,150,869800
20221124,12:22:11,18615.90,50,869800
20221124,12:22:24,18615.00,50,869800
20221124,12:22:32,18615.90,50,869800
20221124,12:22:34,18613.50,200,869800
20221124,12:22:34,18613.80,50,869800
20221124,12:22:42,18613.40,50,869800
20221124,12:22:44,18613.80,50,869800
20221124,12:22:47,18614.00,50,869800
20221124,12:22:57,18615.90,50,869800
20221124,12:23:09,18613.80,50,869800
20221124,12:23:09,18613.65,100,869800
20221124,12:23:11,18612.40,500,869800
20221124,12:23:23,18612.90,50,869800
20221124,12:23:24,18615.00,100,869800
20221124,12:23:41,18612.50,50,869800
20221124,12:23:46,18612.50,50,869800
20221124,12:23:50,18613.05,50,869800
20221124,12:23:55,18614.85,150,869800
20221124,12:24:44,18612.50,50,870650
20221124,12:24:53,18612.50,50,870650
20221124,12:25:37,18611.00,100,870650
20221124,12:25:56,18611.90,100,870650
20221124,12:25:58,18612.00,200,870650
20221124,12:26:01,18610.00,50,870650
20221124,12:26:10,18612.45,350,870650
20221124,12:26:14,18610.00,100,870650
20221124,12:26:16,18610.00,100,870650
20221124,12:26:25,18610.00,50,870650
20221124,12:26:29,18610.00,50,870650
20221124,12:26:32,18610.00,150,870650
20221124,12:26:33,18610.00,250,870650
20221124,12:26:33,18610.00,100,870650
20221124,12:26:36,18610.00,350,870650
20221124,12:26:38,18613.55,50,870650
20221124,12:27:29,18613.55,50,871150
20221124,12:27:34,18615.00,50,871150
20221124,12:27:37,18615.00,100,871150
20221124,12:28:06,18615.00,400,871150
20221124,12:28:09,18615.00,50,871150
20221124,12:28:14,18615.00,50,871150
20221124,12:28:15,18615.90,100,871150
20221124,12:28:18,18618.95,100,871150
20221124,12:28:34,18617.55,50,871150
20221124,12:29:39,18615.00,50,871150
20221124,12:30:01,18613.55,200,871150
20221124,12:30:02,18613.55,50,871150
20221124,12:30:23,18615.50,50,872350
20221124,12:30:31,18613.55,50,872350
20221124,12:30:41,18613.55,50,872350
20221124,12:30:57,18614.95,100,872350
20221124,12:30:58,18615.00,150,872350
20221124,12:31:14,18615.00,450,872350
20221124,12:31:24,18615.45,150,872350
20221124,12:31:43,18616.45,50,872350
20221124,12:31:45,18616.45,50,872350
20221124,12:32:01,18615.05,50,872350
20221124,12:32:38,18615.60,50,872350
20221124,12:32:52,18615.05,50,872350
20221124,12:32:54,18615.05,50,872350
20221124,12:33:06,18615.45,50,872950
20221124,12:33:07,18615.45,50,872950
20221124,12:33:17,18616.00,50,872950
20221124,12:33:18,18616.00,50,872950
20221124,12:33:30,18615.55,50,872950
20221124,12:33:31,18617.95,50,872950
20221124,12:33:39,18617.95,250,872950
20221124,12:33:55,18615.45,50,872950
20221124,12:34:06,18617.00,50,872950
20221124,12:34:44,18615.45,50,872950
20221124,12:34:54,18616.00,100,872950
20221124,12:34:55,18615.80,50,872950
20221124,12:34:58,18615.90,50,872950
20221124,12:35:02,18615.75,50,872950
20221124,12:35:03,18615.80,50,872950
20221124,12:35:55,18613.55,50,872950
20221124,12:36:05,18613.00,150,872950
20221124,12:36:06,18613.00,50,873650
20221124,12:36:24,18613.00,100,873650
20221124,12:36:26,18613.00,50,873650
20221124,12:37:04,18610.90,50,873650
20221124,12:37:18,18612.00,50,873650
20221124,12:37:30,18612.00,50,873650
20221124,12:37:31,18610.30,300,873650
20221124,12:37:33,18612.00,250,873650
20221124,12:37:35,18612.00,50,873650
20221124,12:37:36,18612.00,50,873650
20221124,12:37:37,18614.05,50,873650
20221124,12:37:58,18612.10,50,873650
20221124,12:38:10,18612.40,50,873650
20221124,12:38:48,18615.00,50,873650
20221124,12:38:58,18615.00,300,873650
20221124,12:39:03,18615.80,200,873650
20221124,12:39:08,18615.00,50,874250
20221124,12:39:30,18613.45,300,874250
20221124,12:39:33,18615.00,50,874250
20221124,12:40:11,18614.95,50,874250
20221124,12:40:28,18615.00,50,874250
20221124,12:40:29,18617.90,100,874250
20221124,12:40:55,18617.20,650,874250
20221124,12:41:15,18617.20,250,874250
20221124,12:41:30,18616.25,50,874250
20221124,12:41:54,18612.00,100,874250
20221124,12:42:21,18618.10,1250,875150
20221124,12:42:30,18615.95,150,875150
20221124,12:42:31,18613.00,50,875150
20221124,12:42:35,18614.00,50,875150
20221124,12:42:38,18615.00,100,875150
20221124,12:42:47,18615.00,100,875150
20221124,12:42:52,18615.70,50,875150
20221124,12:43:05,18612.30,100,875150
20221124,12:43:50,18615.00,50,875150
20221124,12:43:59,18615.00,50,875150
20221124,12:44:00,18615.00,50,875150
20221124,12:44:02,18615.00,50,875150
20221124,12:44:04,18615.00,100,875150
20221124,12:44:05,18615.30,150,875150
20221124,12:44:15,18615.05,50,875150
20221124,12:44:46,18617.00,100,875150
20221124,12:45:08,18615.00,800,876000
20221124,12:45:09,18615.00,50,876000
20221124,12:45:19,18615.00,500,876000
20221124,12:45:42,18616.95,150,876000
20221124,12:45:45,18615.05,200,876000
20221124,12:45:55,18616.00,100,876000
20221124,12:46:15,18616.00,50,876000
20221124,12:46:25,18616.00,50,876000
20221124,12:46:29,18618.00,100,876000
20221124,12:46:31,18616.00,100,876000
20221124,12:46:36,18615.60,50,876000
20221124,12:46:39,18616.95,50,876000
20221124,12:46:41,18618.05,50,876000
20221124,12:46:46,18619.00,50,876000
20221124,12:46:48,18620.00,50,876000
20221124,12:46:56,18621.00,200,876000
20221124,12:47:13,18619.20,50,876000
20221124,12:47:22,18618.60,50,876000
20221124,12:47:23,18621.15,50,876000
20221124,12:47:29,18619.30,50,876000
20221124,12:47:55,18620.00,400,876000
20221124,12:48:01,18622.00,50,876000
20221124,12:48:05,18622.00,100,876000
20221124,12:48:06,18622.00,50,876000
20221124,12:48:29,18622.00,50,878150
20221124,12:48:30,18620.40,50,878150
20221124,12:48:34,18622.00,50,878150
20221124,12:49:03,18622.00,150,878150
20221124,12:49:06,18622.00,50,878150
20221124,12:49:21,18620.00,100,878150
20221124,12:50:01,18620.20,50,878150
20221124,12:50:04,18622.00,50,878150
20221124,12:50:25,18620.00,50,878150
20221124,12:50:34,18622.00,100,878150
20221124,12:50:35,18622.00,200,878150
20221124,12:50:47,18623.00,50,878150
20221124,12:50:49,18624.00,300,878150
20221124,12:50:50,18624.00,100,878150
20221124,12:50:51,18622.95,50,878150
20221124,12:50:53,18624.00,250,878150
20221124,12:50:54,18624.10,100,878150
20221124,12:50:55,18624.10,100,878150
20221124,12:50:56,18625.00,150,878150
20221124,12:50:58,18625.00,200,878150
20221124,12:51:00,18625.00,50,878150
20221124,12:51:02,18625.00,100,878150
20221124,12:51:03,18625.00,200,878150
20221124,12:51:04,18625.00,50,878150
20221124,12:51:05,18625.00,50,878150
20221124,12:51:06,18625.00,100,878150
20221124,12:51:07,18625.00,350,878150
20221124,12:51:08,18625.00,100,879100
20221124,12:51:09,18625.00,750,879100
20221124,12:51:10,18625.00,600,879100
20221124,12:51:11,18626.00,250,879100
20221124,12:51:27,18626.00,50,879100
20221124,12:51:39,18627.00,100,879100
20221124,12:51:49,18628.00,50,879100
20221124,12:51:53,18628.00,200,879100
20221124,12:51:54,18628.00,200,879100
20221124,12:51:56,18628.00,200,879100
20221124,12:51:57,18628.00,200,879100
20221124,12:51:58,18628.00,50,879100
20221124,12:52:03,18628.00,100,879100
20221124,12:52:12,18626.50,50,879100
20221124,12:52:23,18626.75,50,879100
20221124,12:52:23,18627.90,50,879100
20221124,12:52:28,18628.00,200,879100
20221124,12:52:40,18628.00,150,879100
20221124,12:52:50,18628.00,50,879100
20221124,12:52:55,18629.00,100,879100
20221124,12:52:56,18629.00,50,879100
20221124,12:53:04,18628.00,450,879100
20221124,12:53:10,18628.00,450,879100
20221124,12:53:54,18626.00,50,879100
20221124,12:53:57,18625.00,100,879100
20221124,12:54:06,18625.00,100,879100
20221124,12:54:13,18622.25,500,881100
20221124,12:54:45,18622.25,100,881100
20221124,12:55:01,18622.25,50,881100
20221124,12:55:40,18620.05,500,881100
20221124,12:55:42,18623.70,50,881100
20221124,12:56:01,18618.45,250,881100
20221124,12:56:04,18618.30,50,881100
20221124,12:56:12,18620.00,50,881100
20221124,12:56:17,18620.00,50,881100
20221124,12:56:18,18620.25,50,881100
20221124,12:56:20,18620.00,50,881100
20221124,12:56:32,18617.20,550,881100
20221124,12:56:45,18619.95,50,881100
20221124,12:57:07,18619.10,50,881100
20221124,12:57:15,18620.70,50,882300
20221124,12:57:21,18621.80,50,882300
20221124,12:57:22,18622.00,600,882300
20221124,12:57:25,18624.60,400,882300
20221124,12:57:30,18622.45,50,882300
20221124,12:57:47,18621.60,50,882300
20221124,12:58:02,18622.05,50,882300
20221124,12:58:06,18622.00,100,882300
20221124,12:58:17,18621.75,50,882300
20221124,12:58:24,18621.50,50,882300
20221124,12:58:34,18621.40,50,882300
20221124,12:58:35,18622.65,50,882300
20221124,12:58:36,18620.40,50,882300
20221124,12:58:37,18620.25,50,882300
20221124,12:58:56,18623.75,50,882300
20221124,12:58:57,18623.75,50,882300
20221124,12:58:58,18623.80,100,882300
20221124,12:59:00,18623.80,50,882300
20221124,12:59:02,18623.80,100,882300
20221124,12:59:03,18623.80,350,882300
20221124,12:59:04,18625.00,550,882300
20221124,12:59:16,18627.50,50,882300
20221124,12:59:21,18624.35,50,882300
20221124,12:59:36,18625.00,100,882300
20221124,12:59:41,18624.35,350,882300
20221124,12:59:46,18624.35,100,882300
20221124,12:59:59,18624.35,100,882300
20221124,13:00:00,18624.35,100,882300
20221124,13:00:03,18625.00,100,882300
20221124,13:00:05,18624.50,200,882300
20221124,13:00:06,18625.00,50,882300
20221124,13:00:07,18625.00,50,882300
20221124,13:00:09,18624.20,50,885200
20221124,13:00:20,18624.30,50,885200
20221124,13:00:31,18625.80,50,885200
20221124,13:00:34,18625.80,50,885200
20221124,13:00:35,18625.80,50,885200
20221124,13:00:36,18625.80,100,885200
20221124,13:00:37,18625.80,50,885200
20221124,13:00:39,18625.80,50,885200
20221124,13:01:04,18625.80,50,885200
20221124,13:01:05,18625.80,50,885200
20221124,13:01:09,18625.80,50,885200
20221124,13:01:16,18625.65,50,885200
20221124,13:01:43,18624.40,150,885200
20221124,13:01:44,18627.75,50,885200
20221124,13:01:47,18627.75,50,885200
20221124,13:01:51,18627.75,50,885200
20221124,13:01:55,18624.70,100,885200
20221124,13:01:56,18627.75,50,885200
20221124,13:01:57,18627.75,50,885200
20221124,13:02:12,18626.90,50,885200
20221124,13:02:23,18626.00,100,885200
20221124,13:02:36,18626.00,50,885200
20221124,13:02:44,18626.00,50,885200
20221124,13:03:01,18626.00,150,885200
20221124,13:03:02,18626.80,50,885200
20221124,13:03:10,18626.45,50,885200
20221124,13:03:38,18625.10,50,886450
20221124,13:03:48,18624.00,50,886450
20221124,13:04:02,18621.70,50,886450
20221124,13:04:09,18622.05,100,886450
20221124,13:04:17,18622.45,50,886450
20221124,13:04:51,18621.90,50,886450
20221124,13:05:03,18623.80,150,886450
20221124,13:05:04,18623.80,50,886450
20221124,13:05:13,18623.80,100,886450
20221124,13:05:16,18622.25,100,886450
20221124,13:05:23,18621.35,50,886450
20221124,13:05:32,18622.50,50,886450
20221124,13:05:36,18621.00,200,886450
20221124,13:05:37,18621.40,50,886450
20221124,13:06:21,18621.00,50,887000
20221124,13:06:31,18621.40,50,887000
20221124,13:06:36,18621.00,100,887000
20221124,13:06:37,18621.00,150,887000
20221124,13:06:39,18621.00,100,887000
20221124,13:06:42,18621.00,100,887000
20221124,13:06:57,18621.00,50,887000
20221124,13:07:01,18622.30,100,887000
20221124,13:07:02,18622.40,50,887000
20221124,13:07:20,18620.00,50,887000
20221124,13:07:26,18621.00,50,887000
20221124,13:07:36,18620.00,50,887000
20221124,13:07:49,18620.00,50,887000
20221124,13:07:54,18620.00,50,887000
20221124,13:08:07,18618.95,50,887000
20221124,13:08:15,18620.00,50,887000
20221124,13:08:27,18619.95,50,887000
20221124,13:08:36,18619.30,100,887000
20221124,13:08:38,18618.20,50,887000
20221124,13:08:41,18618.00,50,887000
20221124,13:08:45,18618.00,50,887000
20221124,13:09:32,18618.00,50,887700
20221124,13:09:41,18618.80,50,887700
20221124,13:09:57,18618.80,50,887700
20221124,13:10:07,18618.00,50,887700
20221124,13:10:18,18618.00,50,887700
20221124,13:10:24,18618.00,150,887700
20221124,13:10:32,18616.30,50,887700
20221124,13:10:38,18616.30,50,887700
20221124,13:10:45,18616.30,50,887700
20221124,13:10:50,18616.00,50,887700
20221124,13:10:52,18616.00,50,887700
20221124,13:10:56,18615.00,50,887700
20221124,13:11:02,18615.30,50,887700
20221124,13:11:15,18615.00,50,887700
20221124,13:11:16,18616.00,50,887700
20221124,13:11:17,18617.95,50,887700
20221124,13:11:22,18614.15,50,887700
20221124,13:11:37,18617.90,50,887700
20221124,13:11:56,18617.00,50,887700
20221124,13:11:59,18617.80,150,887700
20221124,13:12:27,18617.80,50,888300
20221124,13:12:51,18616.00,50,888300
20221124,13:13:02,18617.80,50,888300
20221124,13:13:04,18617.80,50,888300
20221124,13:13:08,18618.00,50,888300
20221124,13:13:10,18618.30,50,888300
20221124,13:13:13,18618.80,50,888300
20221124,13:13:15,18618.80,250,888300
20221124,13:13:16,18618.35,100,888300
20221124,13:13:23,18619.90,50,888300
20221124,13:13:25,18618.40,150,888300
20221124,13:13:29,18620.00,50,888300
20221124,13:13:32,18619.00,100,888300
20221124,13:13:35,18620.00,200,888300
20221124,13:13:36,18620.00,50,888300
20221124,13:13:45,18620.55,50,888300
20221124,13:13:52,18617.20,150,888300
20221124,13:14:16,18619.80,50,888300
20221124,13:14:24,18618.00,50,888300
20221124,13:15:07,18614.55,50,888300
20221124,13:16:29,18614.55,50,889500
20221124,13:16:37,18615.80,50,889500
20221124,13:16:38,18615.80,50,889500
20221124,13:16:47,18615.80,50,889500
20221124,13:16:51,18615.80,50,889500
20221124,13:16:59,18615.40,50,889500
20221124,13:17:20,18615.40,50,889500
20221124,13:17:26,18615.40,50,889500
20221124,13:17:55,18615.00,50,889500
20221124,13:18:01,18615.40,50,889500
20221124,13:18:04,18615.80,200,889500
20221124,13:18:07,18615.40,50,889500
20221124,13:18:18,18615.80,50,889500
20221124,13:18:19,18615.80,50,889750
20221124,13:18:20,18615.80,100,889750
20221124,13:18:21,18616.80,50,889750
20221124,13:18:22,18616.80,100,889750
20221124,13:18:34,18616.80,150,889750
20221124,13:18:36,18615.40,50,889750
20221124,13:18:53,18616.80,50,889750
20221124,13:19:08,18615.00,300,889750
20221124,13:19:16,18611.90,50,889750
20221124,13:19:40,18612.05,50,889750
20221124,13:19:46,18610.80,500,889750
20221124,13:19:50,18612.00,50,889750
20221124,13:19:54,18611.85,150,889750
20221124,13:20:04,18613.00,50,889750
20221124,13:20:08,18613.00,150,889750
20221124,13:20:11,18611.85,50,889750
20221124,13:20:17,18611.85,50,889750
20221124,13:20:20,18613.00,300,889750
20221124,13:20:33,18613.00,50,889750
20221124,13:20:34,18615.85,50,889750
20221124,13:20:34,18613.40,50,889750
20221124,13:20:44,18615.65,150,889750
20221124,13:20:49,18612.95,50,889750
20221124,13:20:53,18615.90,50,889750
20221124,13:21:11,18613.00,150,889750
20221124,13:21:12,18615.90,150,889750
20221124,13:21:15,18613.70,50,889750
20221124,13:21:17,18613.50,100,891450
20221124,13:21:24,18615.00,50,891450
20221124,13:21:37,18613.50,50,891450
20221124,13:21:39,18615.00,50,891450
20221124,13:21:49,18616.95,150,891450
20221124,13:21:50,18615.00,50,891450
20221124,13:21:59,18613.75,150,891450
20221124,13:22:01,18617.55,150,891450
20221124,13:22:03,18613.80,100,891450
20221124,13:22:06,18613.90,50,891450
20221124,13:22:14,18617.20,50,891450
20221124,13:22:16,18613.90,50,891450
20221124,13:22:19,18613.65,50,891450
20221124,13:22:21,18616.85,200,891450
20221124,13:22:29,18614.00,100,891450
20221124,13:22:30,18617.00,50,891450
20221124,13:22:34,18616.85,50,891450
20221124,13:22:35,18617.55,100,891450
20221124,13:22:43,18617.70,50,891450
20221124,13:22:48,18614.25,100,891450
20221124,13:22:51,18617.40,150,891450
20221124,13:22:56,18614.00,100,891450
20221124,13:23:05,18615.85,150,891450
20221124,13:23:09,18616.60,100,891450
20221124,13:23:10,18617.35,50,891450
20221124,13:23:38,18616.00,50,891450
20221124,13:23:46,18615.00,100,891450
20221124,13:23:54,18614.00,50,891450
20221124,13:24:02,18612.95,50,891450
20221124,13:24:06,18610.15,50,891450
20221124,13:24:18,18610.00,50,892400
20221124,13:24:25,18609.20,200,892400
20221124,13:24:31,18610.05,50,892400
20221124,13:24:38,18609.00,50,892400
20221124,13:24:52,18609.00,50,892400
20221124,13:25:28,18608.95,50,892400
20221124,13:25:36,18605.30,150,892400
20221124,13:25:44,18607.00,200,892400
20221124,13:25:47,18608.00,50,892400
20221124,13:26:13,18606.55,100,892400
20221124,13:26:14,18607.90,50,892400
20221124,13:26:22,18607.05,750,892400
20221124,13:26:23,18607.40,300,892400
20221124,13:26:25,18606.55,750,892400
20221124,13:26:26,18607.40,1250,892400
20221124,13:26:27,18609.00,50,892400
20221124,13:26:39,18610.80,50,892400
20221124,13:27:02,18608.50,50,892400
20221124,13:27:17,18607.05,50,895200
20221124,13:27:25,18609.45,50,895200
20221124,13:27:26,18609.70,100,895200
20221124,13:27:27,18610.70,100,895200
20221124,13:27:28,18610.70,50,895200
20221124,13:27:29,18610.70,50,895200
20221124,13:27:34,18609.00,50,895200
20221124,13:27:35,18611.10,100,895200
20221124,13:27:38,18607.00,100,895200
20221124,13:28:02,18607.10,350,895200
20221124,13:28:06,18608.40,50,895200
20221124,13:28:16,18608.30,100,895200
20221124,13:28:17,18609.80,50,895200
20221124,13:28:20,18608.30,50,895200
20221124,13:28:22,18611.00,100,895200
20221124,13:28:26,18607.60,250,895200
20221124,13:28:46,18609.80,50,895200
20221124,13:28:47,18611.85,100,895200
20221124,13:28:59,18606.60,100,895200
20221124,13:29:00,18610.60,50,895200
20221124,13:29:05,18611.85,50,895200
20221124,13:29:09,18611.85,50,895200
20221124,13:29:25,18613.85,100,895200
20221124,13:29:34,18611.00,50,895200
20221124,13:29:35,18611.45,50,895200
20221124,13:29:36,18613.50,100,895200
20221124,13:29:43,18609.90,50,895200
20221124,13:29:51,18613.50,50,895200
20221124,13:30:05,18613.50,50,895200
20221124,13:30:14,18609.90,50,895200
20221124,13:30:16,18609.90,50,896450
20221124,13:30:18,18611.25,150,896450
20221124,13:30:47,18609.90,150,896450
20221124,13:30:52,18609.85,50,896450
20221124,13:31:09,18606.65,150,896450
20221124,13:31:10,18609.05,50,896450
20221124,13:31:17,18610.00,50,896450
20221124,13:31:28,18611.75,150,896450
20221124,13:31:35,18612.00,250,896450
20221124,13:31:37,18612.85,100,896450
20221124,13:31:40,18609.90,50,896450
20221124,13:31:47,18610.20,50,896450
20221124,13:31:54,18613.45,50,896450
20221124,13:31:58,18613.85,200,896450
20221124,13:31:59,18614.30,200,896450
20221124,13:32:00,18610.85,50,896450
20221124,13:32:02,18613.85,100,896450
20221124,13:32:07,18614.95,50,896450
20221124,13:32:12,18611.75,100,896450
20221124,13:32:45,18614.50,50,896450
20221124,13:32:52,18611.75,100,896450
20221124,13:33:06,18608.85,300,896450
20221124,13:33:39,18608.85,50,895950
20221124,13:33:52,18610.00,100,895950
20221124,13:33:53,18608.85,50,895950
20221124,13:33:57,18608.25,50,895950
20221124,13:34:10,18612.80,50,895950
20221124,13:34:12,18609.20,50,895950
20221124,13:34:29,18610.65,50,895950
20221124,13:34:44,18610.95,50,895950
20221124,13:35:12,18608.00,50,895950
20221124,13:35:15,18608.00,50,895950
20221124,13:35:24,18608.95,50,895950
20221124,13:35:29,18608.00,50,895950
20221124,13:35:58,18609.00,50,895950
20221124,13:36:04,18609.00,50,895950
20221124,13:36:21,18611.00,500,896300
20221124,13:37:05,18611.00,100,896300
20221124,13:37:49,18610.00,50,896300
20221124,13:38:08,18611.00,100,896300
20221124,13:38:10,18610.00,50,896300
20221124,13:38:12,18609.20,250,896300
20221124,13:38:14,18610.00,50,896300
20221124,13:38:21,18609.15,50,896300
20221124,13:38:33,18612.40,50,896300
20221124,13:38:46,18612.80,50,896300
20221124,13:38:47,18613.00,50,896300
20221124,13:38:50,18613.00,50,896300
20221124,13:39:07,18613.00,50,896300
20221124,13:39:11,18610.25,50,896300
20221124,13:39:24,18613.00,150,897150
20221124,13:39:28,18613.25,50,897150
20221124,13:40:14,18614.00,150,897150
20221124,13:40:16,18615.00,100,897150
20221124,13:40:21,18614.85,50,897150
20221124,13:40:29,18615.00,50,897150
20221124,13:40:39,18614.95,50,897150
20221124,13:40:42,18618.30,50,897150
20221124,13:41:05,18613.65,50,897150
20221124,13:41:41,18615.00,50,897150
20221124,13:41:56,18616.00,200,897150
20221124,13:41:57,18616.00,300,897150
20221124,13:42:54,18614.40,50,897500
20221124,13:43:18,18613.00,150,897500
20221124,13:43:45,18614.00,50,897500
20221124,13:43:50,18614.00,50,897500
20221124,13:43:57,18614.00,50,897500
20221124,13:44:03,18614.00,50,897500
20221124,13:44:13,18614.00,50,897500
20221124,13:44:24,18614.00,50,897500
20221124,13:44:58,18615.00,100,897500
20221124,13:44:59,18614.00,150,897500
20221124,13:45:06,18616.00,100,897500
20221124,13:45:48,18616.00,150,897500
20221124,13:46:02,18616.00,50,897500
20221124,13:46:16,18616.00,50,897500
20221124,13:46:17,18612.65,1000,897500
20221124,13:46:25,18614.35,100,897500
20221124,13:46:34,18616.85,50,897500
20221124,13:47:00,18617.00,100,897500
20221124,13:47:14,18617.80,50,897500
20221124,13:47:20,18619.00,100,897500
20221124,13:47:26,18620.00,300,897500
20221124,13:47:27,18620.00,50,897500
20221124,13:47:32,18620.00,50,897500
20221124,13:47:36,18620.00,500,897500
20221124,13:47:37,18621.00,400,897500
20221124,13:47:38,18620.00,50,897500
20221124,13:47:39,18620.00,50,897500
20221124,13:47:58,18619.65,50,897500
20221124,13:48:12,18621.00,50,897500
20221124,13:48:44,18621.05,100,898650
20221124,13:49:02,18622.95,100,898650
20221124,13:49:08,18621.35,50,898650
20221124,13:49:08,18623.00,100,898650
20221124,13:49:11,18621.35,50,898650
20221124,13:49:27,18622.95,100,898650
20221124,13:49:28,18622.00,50,898650
20221124,13:49:35,18618.65,50,898650
20221124,13:49:56,18621.85,50,898650
20221124,13:50:18,18620.00,50,898650
20221124,13:50:24,18620.00,100,898650
20221124,13:50:30,18620.00,50,898650
20221124,13:51:05,18619.45,50,898650
20221124,13:51:26,18622.00,100,899050
20221124,13:51:43,18620.00,100,899050
20221124,13:52:05,18622.00,50,899050
20221124,13:52:16,18621.00,50,899050
20221124,13:52:27,18620.20,100,899050
20221124,13:52:28,18620.05,300,899050
20221124,13:52:31,18620.05,50,899050
20221124,13:52:32,18622.00,100,899050
20221124,13:52:33,18619.65,50,899050
20221124,13:52:39,18619.65,50,899050
20221124,13:52:45,18622.00,50,899050
20221124,13:52:47,18622.00,100,899050
20221124,13:52:48,18622.00,50,899050
20221124,13:53:26,18622.00,50,899050
20221124,13:53:46,18622.00,50,899050
20221124,13:53:48,18620.30,50,899050
20221124,13:53:56,18620.40,50,899050
20221124,13:54:01,18622.00,150,899050
20221124,13:54:02,18622.00,100,899050
20221124,13:54:26,18623.00,50,899150
20221124,13:54:36,18621.70,50,899150
20221124,13:54:41,18623.65,50,899150
20221124,13:54:42,18623.65,50,899150
20221124,13:54:58,18621.00,50,899150
20221124,13:54:59,18623.75,50,899150
20221124,13:55:05,18621.40,100,899150
20221124,13:55:25,18624.00,50,899150
20221124,13:55:31,18621.25,50,899150
20221124,13:56:45,18622.70,50,899150
20221124,13:57:04,18620.00,100,899150
20221124,13:57:14,18623.00,50,899150
20221124,13:57:44,18624.00,150,899600
20221124,13:57:46,18624.00,50,899600
20221124,13:57:59,18624.00,200,899600
20221124,13:58:06,18624.00,50,899600
20221124,13:58:17,18624.00,150,899600
20221124,13:58:20,18624.00,50,899600
20221124,13:58:22,18624.00,100,899600
20221124,13:58:24,18624.00,150,899600
20221124,13:58:33,18624.00,100,899600
20221124,13:59:06,18623.00,50,899600
20221124,13:59:34,18622.00,50,899600
20221124,13:59:35,18623.00,50,899600
20221124,13:59:37,18622.00,400,899600
20221124,13:59:40,18623.00,50,899600
20221124,13:59:55,18624.35,100,899600
20221124,14:00:22,18624.15,50,900000
