20221109,09:15:00,42010.15,1,2291925
20221109,09:15:00,42040.00,1,2291925
20221109,09:15:00,42003.30,1,2291925
20221109,09:15:00,42003.45,750,2291925
20221109,09:15:01,41979.40,2975,2291925
20221109,09:15:02,41970.20,1075,2291925
20221109,09:15:03,41969.85,875,2291925
20221109,09:15:04,41965.50,1175,2291925
20221109,09:15:06,41984.55,2350,2291925
20221109,09:15:07,41961.05,1125,2291925
20221109,09:15:08,41978.30,2450,2291925
20221109,09:15:10,41960.00,3425,2291925
20221109,09:15:11,41950.00,2350,2291925
20221109,09:15:13,41925.10,4300,2291925
20221109,09:15:14,41918.90,2700,2291925
20221109,09:15:15,41955.85,1725,2291925
20221109,09:15:17,41953.70,3850,2291925
20221109,09:15:18,41962.60,2175,2291925
20221109,09:15:20,41947.70,2725,2291925
20221109,09:15:21,41940.00,1075,2291925
20221109,09:15:23,41944.80,2575,2291925
20221109,09:15:24,41939.80,1050,2291925
20221109,09:15:26,41949.95,900,2291925
20221109,09:15:27,41949.95,850,2291925
20221109,09:15:29,41935.20,1825,2291925
20221109,09:15:30,41940.50,2425,2291925
20221109,09:15:32,41940.40,700,2291925
20221109,09:15:33,41946.40,875,2291925
20221109,09:15:35,41950.00,950,2291925
20221109,09:15:36,41950.60,900,2291925
20221109,09:15:38,41957.05,1000,2291925
20221109,09:15:39,41960.05,925,2291925
20221109,09:15:41,41951.80,2300,2291925
20221109,09:15:42,41943.05,600,2291925
20221109,09:15:44,41940.40,1525,2291925
20221109,09:15:45,41941.00,4275,2291925
20221109,09:15:47,41937.70,1550,2291925
20221109,09:15:49,41931.25,1900,2291925
20221109,09:15:50,41922.45,1250,2291925
20221109,09:15:52,41927.20,900,2291925
20221109,09:15:53,41918.05,1400,2291925
20221109,09:15:55,41918.05,525,2291925
20221109,09:15:56,41918.00,600,2291925
20221109,09:15:58,41907.35,2125,2291925
20221109,09:15:59,41900.10,1225,2291925
20221109,09:16:01,41900.00,2150,2291925
20221109,09:16:02,41885.30,1875,2291925
20221109,09:16:04,41878.40,1525,2291925
20221109,09:16:06,41874.60,1600,2291925
20221109,09:16:07,41870.35,2875,2291925
20221109,09:16:09,41876.15,2275,2291925
20221109,09:16:10,41899.95,3050,2291925
20221109,09:16:12,41909.85,2025,2291925
20221109,09:16:13,41892.45,2775,2291925
20221109,09:16:15,41911.95,2975,2291925
20221109,09:16:16,41919.70,1900,2291925
20221109,09:16:18,41910.70,1950,2291925
20221109,09:16:19,41917.45,2175,2291925
20221109,09:16:21,41908.65,4625,2291925
20221109,09:16:23,41918.65,900,2291925
20221109,09:16:24,41934.95,1150,2291925
20221109,09:16:26,41935.00,825,2291925
20221109,09:16:27,41941.60,975,2291925
20221109,09:16:29,41948.00,2125,2291925
20221109,09:16:30,41940.90,3500,2291925
20221109,09:16:32,41939.60,2000,2291925
20221109,09:16:33,41944.40,1850,2291925
20221109,09:16:35,41950.00,850,2291925
20221109,09:16:37,41949.50,2725,2291925
20221109,09:16:38,41941.05,2025,2291925
20221109,09:16:40,41943.30,2375,2291925
20221109,09:16:41,41950.00,1450,2291925
20221109,09:16:43,41947.50,1700,2291925
20221109,09:16:44,41947.00,2375,2291925
20221109,09:16:46,41940.00,1200,2291925
20221109,09:16:47,41926.75,3000,2291925
20221109,09:16:49,41925.80,2850,2291925
20221109,09:16:51,41935.00,1575,2291925
20221109,09:16:52,41937.25,1425,2291925
20221109,09:16:54,41926.75,1750,2291925
20221109,09:16:55,41923.00,2750,2291925
20221109,09:16:57,41925.50,1975,2291925
20221109,09:16:58,41919.00,2650,2291925
20221109,09:17:00,41920.50,1600,2291925
20221109,09:17:01,41915.30,1750,2291925
20221109,09:17:03,41909.00,2725,2291925
20221109,09:17:04,41915.25,1400,2291925
20221109,09:17:06,41922.35,1750,2291925
20221109,09:17:08,41922.20,5625,2291925
20221109,09:17:09,41917.05,3550,2291925
20221109,09:17:11,41917.20,3600,2291925
20221109,09:17:12,41909.90,6675,2291925
20221109,09:17:14,41923.85,1200,2291925
20221109,09:17:15,41922.20,1225,2291925
20221109,09:17:17,41924.75,1950,2291925
20221109,09:17:18,41929.00,450,2291925
20221109,09:17:20,41931.55,475,2291925
20221109,09:17:21,41926.25,950,2291925
20221109,09:17:23,41928.80,575,2291925
20221109,09:17:24,41929.95,250,2291925
20221109,09:17:26,41929.65,600,2333125
20221109,09:17:27,41921.95,2375,2333125
20221109,09:17:29,41921.80,375,2333125
20221109,09:17:31,41919.50,275,2333125
20221109,09:17:32,41924.40,3175,2333125
20221109,09:17:34,41915.35,3150,2333125
20221109,09:17:35,41929.15,1775,2333125
20221109,09:17:37,41930.20,475,2333125
20221109,09:17:38,41930.75,575,2333125
20221109,09:17:40,41917.05,1225,2333125
20221109,09:17:41,41924.15,325,2333125
20221109,09:17:43,41925.45,275,2333125
20221109,09:17:44,41929.90,275,2333125
20221109,09:17:46,41926.00,450,2333125
20221109,09:17:47,41924.85,100,2333125
20221109,09:17:49,41924.95,1075,2333125
20221109,09:17:50,41924.85,325,2333125
20221109,09:17:52,41924.15,850,2333125
20221109,09:17:53,41930.05,1000,2333125
20221109,09:17:55,41934.95,375,2333125
20221109,09:17:57,41937.05,2475,2333125
20221109,09:17:58,41937.00,400,2333125
20221109,09:18:00,41944.05,500,2333125
20221109,09:18:01,41945.00,175,2333125
20221109,09:18:03,41949.00,675,2333125
20221109,09:18:05,41947.85,3025,2333125
20221109,09:18:06,41949.90,1175,2333125
20221109,09:18:08,41939.10,350,2333125
20221109,09:18:09,41950.00,250,2333125
20221109,09:18:11,41950.00,975,2333125
20221109,09:18:12,41945.15,950,2333125
20221109,09:18:14,41950.80,225,2333125
20221109,09:18:15,41951.00,250,2333125
20221109,09:18:17,41950.00,625,2333125
20221109,09:18:18,41944.40,275,2333125
20221109,09:18:20,41946.65,1100,2333125
20221109,09:18:22,41942.80,575,2333125
20221109,09:18:23,41939.40,375,2333125
20221109,09:18:25,41937.65,375,2333125
20221109,09:18:26,41931.40,100,2333125
20221109,09:18:28,41930.20,775,2333125
20221109,09:18:30,41934.90,775,2333125
20221109,09:18:31,41938.70,400,2333125
20221109,09:18:33,41938.40,5725,2333125
20221109,09:18:35,41932.35,1100,2333125
20221109,09:18:36,41935.00,175,2333125
20221109,09:18:38,41932.35,450,2333125
20221109,09:18:40,41929.20,700,2333125
20221109,09:18:41,41910.25,3950,2333125
20221109,09:18:43,41929.10,675,2333125
20221109,09:18:45,41932.65,400,2333125
20221109,09:18:46,41932.70,400,2333125
20221109,09:18:48,41926.65,300,2333125
20221109,09:18:50,41930.20,875,2333125
20221109,09:18:51,41931.70,150,2333125
20221109,09:18:53,41939.40,250,2333125
20221109,09:18:54,41947.70,525,2333125
20221109,09:18:56,41944.15,350,2333125
20221109,09:18:58,41945.15,75,2333125
20221109,09:18:59,41933.70,1425,2333125
20221109,09:19:01,41941.50,250,2333125
20221109,09:19:03,41943.50,200,2333125
20221109,09:19:04,41945.60,575,2333125
20221109,09:19:06,41947.40,175,2333125
20221109,09:19:08,41945.00,625,2333125
20221109,09:19:09,41942.35,250,2333125
20221109,09:19:11,41944.60,50,2333125
20221109,09:19:13,41942.30,200,2333125
20221109,09:19:14,41942.20,300,2333125
20221109,09:19:16,41945.85,550,2333125
20221109,09:19:17,41942.20,275,2333125
20221109,09:19:19,41938.40,325,2333125
20221109,09:19:21,41934.75,550,2333125
20221109,09:19:22,41932.50,175,2333125
20221109,09:19:24,41931.60,200,2333125
20221109,09:19:26,41936.50,725,2333125
20221109,09:19:27,41936.25,200,2333125
20221109,09:19:29,41934.55,650,2333125
20221109,09:19:31,41932.50,300,2333125
20221109,09:19:32,41935.35,200,2333125
20221109,09:19:34,41930.40,550,2333125
20221109,09:19:36,41935.05,350,2333125
20221109,09:19:37,41937.05,1150,2333125
20221109,09:19:39,41941.50,500,2333125
20221109,09:19:41,41935.00,400,2333125
20221109,09:19:42,41935.00,225,2333125
20221109,09:19:44,41930.70,225,2333125
20221109,09:19:46,41927.05,925,2333125
20221109,09:19:47,41928.85,200,2333125
20221109,09:19:49,41932.00,1025,2333125
20221109,09:19:51,41932.00,100,2333125
20221109,09:19:52,41932.10,350,2333125
20221109,09:19:54,41937.05,375,2333125
20221109,09:19:56,41937.90,650,2333125
20221109,09:19:57,41943.00,250,2333125
20221109,09:19:59,41939.75,275,2333125
20221109,09:20:01,41942.30,425,2333125
20221109,09:20:02,41940.95,1825,2333125
20221109,09:20:04,41946.20,2450,2333125
20221109,09:20:06,41943.25,800,2333125
20221109,09:20:07,41930.05,775,2333125
20221109,09:20:09,41932.60,175,2333125
20221109,09:20:11,41930.05,500,2333125
20221109,09:20:12,41930.65,850,2333125
20221109,09:20:14,41930.00,775,2333125
20221109,09:20:16,41914.10,1400,2333125
20221109,09:20:18,41917.85,275,2333125
20221109,09:20:19,41907.40,775,2333125
20221109,09:20:21,41911.25,550,2333125
20221109,09:20:23,41915.60,325,2333125
20221109,09:20:24,41912.90,650,2333125
20221109,09:20:26,41922.00,675,2333125
20221109,09:20:28,41925.10,275,2356375
20221109,09:20:29,41920.75,350,2356375
20221109,09:20:31,41930.00,475,2356375
20221109,09:20:33,41930.00,325,2356375
20221109,09:20:34,41938.25,4000,2356375
20221109,09:20:36,41930.00,200,2356375
20221109,09:20:38,41932.00,100,2356375
20221109,09:20:39,41932.35,125,2356375
20221109,09:20:41,41933.70,425,2356375
20221109,09:20:43,41943.00,125,2356375
20221109,09:20:44,41943.05,575,2356375
20221109,09:20:46,41941.65,1350,2356375
20221109,09:20:48,41939.80,575,2356375
20221109,09:20:49,41939.30,225,2356375
20221109,09:20:51,41933.10,500,2356375
20221109,09:20:53,41935.25,175,2356375
20221109,09:20:54,41937.60,75,2356375
20221109,09:20:56,41940.00,1100,2356375
20221109,09:20:58,41941.70,350,2356375
20221109,09:20:59,41943.65,375,2356375
20221109,09:21:01,41941.50,275,2356375
20221109,09:21:03,41938.15,275,2356375
20221109,09:21:04,41932.75,525,2356375
20221109,09:21:06,41938.40,350,2356375
20221109,09:21:08,41933.60,250,2356375
20221109,09:21:09,41930.20,275,2356375
20221109,09:21:11,41928.20,1100,2356375
20221109,09:21:13,41927.05,175,2356375
20221109,09:21:14,41925.40,375,2356375
20221109,09:21:16,41927.60,300,2356375
20221109,09:21:18,41919.40,100,2356375
20221109,09:21:19,41921.60,200,2356375
20221109,09:21:21,41920.25,550,2356375
20221109,09:21:23,41917.75,150,2356375
20221109,09:21:24,41915.05,100,2356375
20221109,09:21:26,41915.20,125,2356375
20221109,09:21:28,41918.35,250,2356375
20221109,09:21:29,41913.55,375,2356375
20221109,09:21:31,41915.00,175,2356375
20221109,09:21:33,41913.40,300,2356375
20221109,09:21:34,41911.95,600,2356375
20221109,09:21:36,41915.20,500,2356375
20221109,09:21:38,41925.00,975,2356375
20221109,09:21:39,41925.80,425,2356375
20221109,09:21:41,41919.05,225,2356375
20221109,09:21:43,41925.00,375,2356375
20221109,09:21:44,41925.80,375,2356375
20221109,09:21:46,41932.35,575,2356375
20221109,09:21:48,41931.85,100,2356375
20221109,09:21:49,41926.75,125,2356375
20221109,09:21:51,41926.75,500,2356375
20221109,09:21:53,41925.80,125,2356375
20221109,09:21:54,41922.70,350,2356375
20221109,09:21:56,41925.20,175,2356375
20221109,09:21:58,41929.40,50,2356375
20221109,09:21:59,41929.50,325,2356375
20221109,09:22:01,41925.00,150,2356375
20221109,09:22:03,41924.30,850,2356375
20221109,09:22:04,41915.45,175,2356375
20221109,09:22:06,41917.25,150,2356375
20221109,09:22:09,41918.70,375,2356375
20221109,09:22:11,41919.90,300,2356375
20221109,09:22:13,41918.35,350,2356375
20221109,09:22:14,41921.50,200,2356375
20221109,09:22:16,41917.40,500,2356375
20221109,09:22:18,41912.25,300,2356375
20221109,09:22:19,41919.70,250,2356375
20221109,09:22:21,41915.60,75,2356375
20221109,09:22:22,41916.20,275,2356375
20221109,09:22:24,41923.50,375,2356375
20221109,09:22:26,41925.65,50,2356375
20221109,09:22:28,41920.50,275,2356375
20221109,09:22:29,41927.10,100,2356375
20221109,09:22:31,41919.10,75,2356375
20221109,09:22:33,41925.25,400,2356375
20221109,09:22:34,41926.10,125,2356375
20221109,09:22:36,41930.00,250,2356375
20221109,09:22:37,41927.75,450,2356375
20221109,09:22:39,41927.70,225,2356375
20221109,09:22:41,41925.75,75,2356375
20221109,09:22:42,41925.00,250,2356375
20221109,09:22:44,41925.00,775,2356375
20221109,09:22:45,41925.00,775,2356375
20221109,09:22:47,41923.05,1600,2356375
20221109,09:22:49,41916.45,175,2356375
20221109,09:22:50,41915.50,75,2356375
20221109,09:22:52,41919.90,300,2356375
20221109,09:22:53,41916.40,75,2356375
20221109,09:22:55,41915.70,100,2356375
20221109,09:22:57,41918.20,350,2356375
20221109,09:22:58,41919.75,50,2356375
20221109,09:23:00,41919.60,200,2356375
20221109,09:23:01,41915.00,250,2356375
20221109,09:23:03,41915.00,250,2356375
20221109,09:23:05,41911.10,400,2356375
20221109,09:23:06,41915.00,1025,2356375
20221109,09:23:08,41914.80,7050,2356375
20221109,09:23:09,41915.00,200,2356375
20221109,09:23:11,41914.85,125,2356375
20221109,09:23:13,41914.80,150,2356375
20221109,09:23:14,41911.05,125,2356375
20221109,09:23:16,41911.20,75,2356375
20221109,09:23:18,41910.35,850,2356375
20221109,09:23:19,41914.30,25,2356375
20221109,09:23:21,41910.35,200,2356375
20221109,09:23:22,41914.30,575,2356375
20221109,09:23:24,41910.10,125,2356375
20221109,09:23:26,41909.95,150,2356375
20221109,09:23:27,41907.70,175,2356325
20221109,09:23:29,41906.00,150,2356325
20221109,09:23:31,41910.00,125,2356325
20221109,09:23:32,41908.00,100,2356325
20221109,09:23:34,41911.85,625,2356325
20221109,09:23:36,41913.10,325,2356325
20221109,09:23:37,41913.20,125,2356325
20221109,09:23:39,41911.35,125,2356325
20221109,09:23:41,41910.00,100,2356325
20221109,09:23:42,41908.75,225,2356325
20221109,09:23:44,41909.85,150,2356325
20221109,09:23:46,41908.00,100,2356325
20221109,09:23:47,41908.05,75,2356325
20221109,09:23:49,41908.85,475,2356325
20221109,09:23:51,41910.70,1475,2356325
20221109,09:23:52,41915.00,350,2356325
20221109,09:23:54,41916.00,1325,2356325
20221109,09:23:56,41919.70,875,2356325
20221109,09:23:57,41920.15,325,2356325
20221109,09:23:59,41916.10,400,2356325
20221109,09:24:01,41919.95,225,2356325
20221109,09:24:02,41920.00,1575,2356325
20221109,09:24:04,41922.50,250,2356325
20221109,09:24:06,41915.20,275,2356325
20221109,09:24:07,41920.00,350,2356325
20221109,09:24:09,41918.35,275,2356325
20221109,09:24:11,41914.25,250,2356325
20221109,09:24:12,41908.00,325,2356325
20221109,09:24:14,41910.55,50,2356325
20221109,09:24:15,41915.75,275,2356325
20221109,09:24:17,41914.15,25,2356325
20221109,09:24:19,41910.60,950,2356325
20221109,09:24:20,41912.25,100,2356325
20221109,09:24:22,41912.15,125,2356325
20221109,09:24:24,41913.00,250,2356325
20221109,09:24:25,41910.55,250,2356325
20221109,09:24:27,41914.10,75,2356325
20221109,09:24:29,41916.45,100,2356325
20221109,09:24:30,41913.35,200,2356325
20221109,09:24:32,41908.35,50,2356325
20221109,09:24:34,41911.30,75,2356325
20221109,09:24:35,41907.00,250,2356325
20221109,09:24:37,41909.60,125,2356325
20221109,09:24:39,41910.20,425,2356325
20221109,09:24:41,41906.15,50,2356325
20221109,09:24:42,41901.60,550,2356325
20221109,09:24:44,41900.30,500,2356325
20221109,09:24:46,41890.90,3275,2356325
20221109,09:24:47,41891.20,700,2356325
20221109,09:24:49,41895.00,225,2356325
20221109,09:24:51,41893.80,300,2356325
20221109,09:24:52,41892.45,175,2356325
20221109,09:24:54,41894.00,300,2356325
20221109,09:24:56,41902.80,250,2356325
20221109,09:24:57,41902.00,125,2356325
20221109,09:24:59,41901.60,475,2356325
20221109,09:25:01,41902.15,325,2356325
20221109,09:25:02,41904.60,75,2356325
20221109,09:25:04,41903.15,350,2356325
20221109,09:25:06,41910.00,150,2356325
20221109,09:25:07,41910.00,75,2356325
20221109,09:25:09,41909.55,175,2356325
20221109,09:25:11,41910.10,200,2356325
20221109,09:25:12,41910.00,100,2356325
20221109,09:25:14,41915.15,725,2356325
20221109,09:25:16,41916.05,225,2356325
20221109,09:25:17,41911.55,225,2356325
20221109,09:25:19,41910.40,300,2356325
20221109,09:25:20,41910.20,250,2356325
20221109,09:25:22,41916.05,425,2356325
20221109,09:25:24,41914.95,150,2356325
20221109,09:25:25,41908.65,325,2356325
20221109,09:25:27,41909.75,175,2356325
20221109,09:25:29,41909.30,50,2356325
20221109,09:25:30,41910.60,100,2356325
20221109,09:25:32,41910.60,200,2356325
20221109,09:25:34,41913.15,225,2356325
20221109,09:25:35,41909.15,225,2356325
20221109,09:25:37,41905.65,75,2356325
20221109,09:25:39,41909.30,125,2356325
20221109,09:25:40,41906.40,50,2356325
20221109,09:25:42,41900.55,375,2356325
20221109,09:25:44,41900.35,525,2356325
20221109,09:25:45,41900.10,1100,2356325
20221109,09:25:47,41900.00,225,2356325
20221109,09:25:49,41899.95,75,2356325
20221109,09:25:50,41905.00,150,2356325
20221109,09:25:52,41901.65,125,2356325
20221109,09:25:54,41907.55,75,2356325
20221109,09:25:55,41901.20,875,2356325
20221109,09:25:57,41904.75,1375,2356325
20221109,09:25:59,41913.35,1625,2356325
20221109,09:26:00,41912.10,125,2356325
20221109,09:26:02,41909.60,200,2356325
20221109,09:26:04,41910.20,300,2356325
20221109,09:26:05,41901.15,125,2356325
20221109,09:26:07,41907.55,150,2356325
20221109,09:26:09,41909.85,200,2356325
20221109,09:26:10,41905.60,325,2356325
20221109,09:26:12,41903.85,1700,2356325
20221109,09:26:14,41907.55,950,2356325
20221109,09:26:15,41907.15,275,2356325
20221109,09:26:17,41906.25,175,2356325
20221109,09:26:19,41909.70,125,2356325
20221109,09:26:20,41907.45,250,2356325
20221109,09:26:22,41908.00,725,2356325
20221109,09:26:24,41902.65,775,2356325
20221109,09:26:25,41911.95,1325,2356325
20221109,09:26:27,41909.90,25,2362725
20221109,09:26:29,41912.90,200,2362725
20221109,09:26:30,41907.60,550,2362725
20221109,09:26:32,41905.05,200,2362725
20221109,09:26:34,41910.20,150,2362725
20221109,09:26:35,41909.10,125,2362725
20221109,09:26:37,41907.05,75,2362725
20221109,09:26:39,41909.70,100,2362725
20221109,09:26:40,41905.40,175,2362725
20221109,09:26:42,41907.70,500,2362725
20221109,09:26:44,41910.00,150,2362725
20221109,09:26:45,41910.00,125,2362725
20221109,09:26:49,41910.00,100,2362725
20221109,09:26:50,41907.00,75,2362725
20221109,09:26:52,41908.25,125,2362725
20221109,09:26:54,41909.95,175,2362725
20221109,09:26:55,41905.00,475,2362725
20221109,09:26:57,41908.00,25,2362725
20221109,09:26:59,41908.00,50,2362725
20221109,09:27:00,41910.00,325,2362725
20221109,09:27:02,41906.75,125,2362725
20221109,09:27:04,41905.00,25,2362725
20221109,09:27:05,41908.40,175,2362725
20221109,09:27:07,41910.00,175,2362725
20221109,09:27:09,41910.20,150,2362725
20221109,09:27:10,41911.15,200,2362725
20221109,09:27:12,41910.00,300,2362725
20221109,09:27:13,41910.00,25,2362725
20221109,09:27:15,41905.25,75,2362725
20221109,09:27:17,41906.05,100,2362725
20221109,09:27:18,41910.00,175,2362725
20221109,09:27:20,41910.00,200,2362725
20221109,09:27:21,41913.00,625,2362725
20221109,09:27:25,41909.20,75,2362725
20221109,09:27:26,41913.00,75,2362725
20221109,09:27:28,41912.00,225,2362725
20221109,09:27:30,41915.00,700,2362725
20221109,09:27:31,41919.40,350,2362725
20221109,09:27:33,41911.10,475,2362725
20221109,09:27:35,41910.95,1350,2362725
20221109,09:27:38,41907.15,50,2362725
20221109,09:27:40,41908.95,275,2362725
20221109,09:27:41,41911.95,150,2362725
20221109,09:27:43,41908.55,150,2362725
20221109,09:27:46,41911.45,50,2362725
20221109,09:27:48,41910.20,225,2362725
20221109,09:27:50,41906.10,25,2362725
20221109,09:27:51,41905.00,275,2362725
20221109,09:27:53,41909.95,125,2362725
20221109,09:27:54,41908.50,450,2362725
20221109,09:27:56,41903.80,675,2362725
20221109,09:27:58,41904.35,325,2362725
20221109,09:27:59,41895.30,1100,2362725
20221109,09:28:01,41892.35,1325,2362725
20221109,09:28:02,41888.40,275,2362725
20221109,09:28:04,41894.85,775,2362725
20221109,09:28:06,41894.75,200,2362725
20221109,09:28:07,41888.35,125,2362725
20221109,09:28:09,41889.05,225,2362725
20221109,09:28:10,41890.05,250,2362725
20221109,09:28:12,41886.00,1100,2362725
20221109,09:28:14,41888.60,825,2362725
20221109,09:28:15,41887.50,300,2362725
20221109,09:28:17,41883.05,575,2362725
20221109,09:28:18,41891.00,175,2362725
20221109,09:28:20,41892.75,825,2362725
20221109,09:28:22,41886.50,75,2362725
20221109,09:28:23,41890.05,925,2362725
20221109,09:28:25,41895.40,175,2362725
20221109,09:28:27,41890.00,800,2362725
20221109,09:28:28,41893.50,175,2362725
20221109,09:28:30,41887.40,525,2362725
20221109,09:28:31,41892.90,325,2362725
20221109,09:28:33,41888.55,600,2362725
20221109,09:28:35,41888.80,525,2362725
20221109,09:28:36,41891.10,625,2362725
20221109,09:28:38,41893.50,100,2362725
20221109,09:28:40,41895.70,425,2362725
20221109,09:28:41,41886.45,1075,2362725
20221109,09:28:43,41892.60,275,2362725
20221109,09:28:44,41884.00,375,2362725
20221109,09:28:46,41888.20,225,2362725
20221109,09:28:48,41890.05,175,2362725
20221109,09:28:49,41890.05,850,2362725
20221109,09:28:51,41890.10,200,2362725
20221109,09:28:53,41895.00,425,2362725
20221109,09:28:54,41895.00,225,2362725
20221109,09:28:56,41900.00,825,2362725
20221109,09:28:58,41904.20,3125,2362725
20221109,09:28:59,41899.15,375,2362725
20221109,09:29:01,41907.80,825,2362725
20221109,09:29:02,41900.25,200,2362725
20221109,09:29:04,41901.70,575,2362725
20221109,09:29:06,41906.55,225,2362725
20221109,09:29:07,41909.25,150,2362725
20221109,09:29:09,41908.00,1725,2362725
20221109,09:29:11,41913.95,700,2362725
20221109,09:29:12,41911.25,250,2362725
20221109,09:29:14,41915.60,1075,2362725
20221109,09:29:15,41906.50,500,2362725
20221109,09:29:17,41905.00,175,2362725
20221109,09:29:19,41901.10,25,2362725
20221109,09:29:20,41905.00,175,2362725
20221109,09:29:22,41905.30,475,2362725
20221109,09:29:24,41905.00,100,2362725
20221109,09:29:25,41908.45,75,2362725
20221109,09:29:27,41902.75,75,2362725
20221109,09:29:29,41913.00,225,2369600
20221109,09:29:32,41912.90,100,2369600
20221109,09:29:33,41910.00,100,2369600
20221109,09:29:35,41910.85,75,2369600
20221109,09:29:37,41907.00,175,2369600
20221109,09:29:38,41902.75,275,2369600
20221109,09:29:40,41908.75,100,2369600
20221109,09:29:42,41908.85,325,2369600
20221109,09:29:43,41909.10,50,2369600
20221109,09:29:45,41905.20,300,2369600
20221109,09:29:46,41900.50,1300,2369600
20221109,09:29:48,41903.95,275,2369600
20221109,09:29:50,41900.00,1000,2369600
20221109,09:29:51,41900.00,25,2369600
20221109,09:29:53,41900.00,100,2369600
20221109,09:29:54,41904.05,225,2369600
20221109,09:29:56,41900.05,50,2369600
20221109,09:29:58,41900.05,1125,2369600
20221109,09:29:59,41900.00,375,2369600
20221109,09:30:01,41900.15,500,2369600
20221109,09:30:02,41897.35,700,2369600
20221109,09:30:04,41905.20,525,2369600
20221109,09:30:06,41906.15,375,2369600
20221109,09:30:07,41900.30,200,2369600
20221109,09:30:09,41905.70,325,2369600
20221109,09:30:11,41906.75,50,2369600
20221109,09:30:12,41904.50,275,2369600
20221109,09:30:14,41910.00,225,2369600
20221109,09:30:15,41907.25,200,2369600
20221109,09:30:17,41908.60,50,2369600
20221109,09:30:19,41908.00,300,2369600
20221109,09:30:20,41904.35,225,2369600
20221109,09:30:22,41911.55,75,2369600
20221109,09:30:23,41908.00,450,2369600
20221109,09:30:25,41908.00,400,2369600
20221109,09:30:27,41906.45,550,2369600
20221109,09:30:28,41910.00,1325,2369600
20221109,09:30:30,41910.00,325,2369600
20221109,09:30:32,41912.00,300,2369600
20221109,09:30:33,41910.00,250,2369600
20221109,09:30:35,41919.40,400,2369600
20221109,09:30:37,41922.05,975,2369600
20221109,09:30:38,41917.25,400,2369600
20221109,09:30:40,41916.25,200,2369600
20221109,09:30:42,41922.40,150,2369600
20221109,09:30:43,41922.80,150,2369600
20221109,09:30:45,41924.30,375,2369600
20221109,09:30:47,41925.00,200,2369600
20221109,09:30:48,41925.00,350,2369600
20221109,09:30:50,41925.15,750,2369600
20221109,09:30:52,41929.00,125,2369600
20221109,09:30:53,41937.85,1450,2369600
20221109,09:30:55,41931.50,2600,2369600
20221109,09:30:57,41939.70,450,2369600
20221109,09:30:58,41934.90,300,2369600
20221109,09:31:00,41932.00,700,2369600
20221109,09:31:02,41931.25,225,2369600
20221109,09:31:03,41931.90,175,2369600
20221109,09:31:05,41935.00,1400,2369600
20221109,09:31:07,41936.45,125,2369600
20221109,09:31:08,41936.75,550,2369600
20221109,09:31:10,41936.85,275,2369600
20221109,09:31:12,41936.95,200,2369600
20221109,09:31:13,41938.05,225,2369600
20221109,09:31:15,41937.30,150,2369600
20221109,09:31:17,41939.10,300,2369600
20221109,09:31:18,41940.10,900,2369600
20221109,09:31:20,41950.00,2675,2369600
20221109,09:31:22,41950.00,450,2369600
20221109,09:31:23,41952.65,1150,2369600
20221109,09:31:25,41952.35,375,2369600
20221109,09:31:27,41950.30,400,2369600
20221109,09:31:29,41949.95,350,2369600
20221109,09:31:30,41948.70,325,2369600
20221109,09:31:32,41949.95,275,2369600
20221109,09:31:34,41950.40,1075,2369600
20221109,09:31:35,41944.00,2550,2369600
20221109,09:31:37,41949.00,325,2369600
20221109,09:31:39,41944.30,950,2369600
20221109,09:31:40,41944.15,150,2369600
20221109,09:31:42,41947.95,350,2369600
20221109,09:31:44,41949.85,1050,2369600
20221109,09:31:45,41950.00,175,2369600
20221109,09:31:47,41952.00,150,2369600
20221109,09:31:49,41953.00,400,2369600
20221109,09:31:50,41954.20,1000,2369600
20221109,09:31:52,41955.00,600,2369600
20221109,09:31:54,41949.40,650,2369600
20221109,09:31:55,41946.65,350,2369600
20221109,09:31:57,41948.25,475,2369600
20221109,09:31:59,41946.35,75,2369600
20221109,09:32:00,41940.00,525,2369600
20221109,09:32:02,41939.65,175,2369600
20221109,09:32:04,41936.70,175,2369600
20221109,09:32:05,41934.90,50,2369600
20221109,09:32:07,41940.30,150,2369600
20221109,09:32:09,41951.40,550,2369600
20221109,09:32:10,41951.05,75,2369600
20221109,09:32:12,41947.55,825,2369600
20221109,09:32:14,41948.00,625,2369600
20221109,09:32:15,41948.00,150,2369600
20221109,09:32:17,41943.45,275,2369600
20221109,09:32:19,41947.65,825,2369600
20221109,09:32:20,41943.50,375,2369600
20221109,09:32:22,41942.55,175,2369600
20221109,09:32:24,41946.10,200,2369600
20221109,09:32:25,41942.25,375,2369600
20221109,09:32:27,41935.00,125,2369600
20221109,09:32:29,41941.10,125,2386750
20221109,09:32:30,41934.50,125,2386750
20221109,09:32:32,41933.75,150,2386750
20221109,09:32:34,41932.10,100,2386750
20221109,09:32:35,41932.05,175,2386750
20221109,09:32:37,41921.35,1775,2386750
20221109,09:32:39,41921.70,175,2386750
20221109,09:32:40,41928.70,300,2386750
20221109,09:32:42,41924.85,200,2386750
20221109,09:32:44,41926.10,125,2386750
20221109,09:32:45,41932.30,900,2386750
20221109,09:32:47,41932.15,250,2386750
20221109,09:32:49,41938.75,125,2386750
20221109,09:32:50,41933.00,25,2386750
20221109,09:32:52,41938.75,75,2386750
20221109,09:32:54,41939.80,150,2386750
20221109,09:32:55,41933.90,100,2386750
20221109,09:32:57,41942.35,275,2386750
20221109,09:32:59,41936.50,100,2386750
20221109,09:33:00,41939.90,275,2386750
20221109,09:33:02,41943.95,50,2386750
20221109,09:33:04,41942.45,275,2386750
20221109,09:33:05,41940.50,25,2386750
20221109,09:33:07,41933.85,475,2386750
20221109,09:33:09,41941.10,175,2386750
20221109,09:33:10,41942.20,75,2386750
20221109,09:33:12,41944.90,50,2386750
20221109,09:33:14,41944.00,75,2386750
20221109,09:33:15,41940.50,75,2386750
20221109,09:33:17,41942.00,50,2386750
20221109,09:33:19,41940.00,50,2386750
20221109,09:33:20,41943.00,100,2386750
20221109,09:33:22,41942.30,150,2386750
20221109,09:33:24,41945.00,175,2386750
20221109,09:33:25,41949.90,150,2386750
20221109,09:33:27,41949.40,400,2386750
20221109,09:33:29,41948.20,325,2386750
20221109,09:33:30,41949.40,75,2386750
20221109,09:33:34,41942.50,500,2386750
20221109,09:33:35,41944.95,325,2386750
20221109,09:33:37,41945.00,975,2386750
20221109,09:33:39,41945.00,200,2386750
20221109,09:33:40,41942.60,150,2386750
20221109,09:33:42,41942.55,150,2386750
20221109,09:33:44,41942.70,100,2386750
20221109,09:33:45,41942.55,50,2386750
20221109,09:33:47,41945.00,75,2386750
20221109,09:33:49,41942.20,800,2386750
20221109,09:33:50,41942.10,25,2386750
20221109,09:33:52,41942.50,325,2386750
20221109,09:33:54,41942.00,75,2386750
20221109,09:33:55,41938.00,275,2386750
20221109,09:33:57,41938.00,200,2386750
20221109,09:33:59,41938.75,75,2386750
20221109,09:34:00,41941.75,250,2386750
20221109,09:34:02,41941.40,325,2386750
20221109,09:34:04,41940.65,150,2386750
20221109,09:34:05,41939.65,125,2386750
20221109,09:34:07,41937.40,1775,2386750
20221109,09:34:09,41929.00,25,2386750
20221109,09:34:12,41928.70,150,2386750
20221109,09:34:14,41926.95,250,2386750
20221109,09:34:15,41929.10,75,2386750
20221109,09:34:17,41932.30,150,2386750
20221109,09:34:19,41925.00,850,2386750
20221109,09:34:20,41929.10,350,2386750
20221109,09:34:22,41929.10,100,2386750
20221109,09:34:24,41929.90,425,2386750
20221109,09:34:25,41929.10,100,2386750
20221109,09:34:27,41925.65,75,2386750
20221109,09:34:29,41924.95,525,2386750
20221109,09:34:30,41930.00,175,2386750
20221109,09:34:32,41925.00,150,2386750
20221109,09:34:34,41925.60,525,2386750
20221109,09:34:35,41920.00,125,2386750
20221109,09:34:37,41923.00,225,2386750
20221109,09:34:39,41922.30,150,2386750
20221109,09:34:40,41921.30,75,2386750
20221109,09:34:42,41919.35,375,2386750
20221109,09:34:44,41914.85,125,2386750
20221109,09:34:45,41917.00,225,2386750
20221109,09:34:47,41912.90,650,2386750
20221109,09:34:49,41917.00,225,2386750
20221109,09:34:50,41915.85,300,2386750
20221109,09:34:52,41922.45,725,2386750
20221109,09:34:54,41917.15,550,2386750
20221109,09:34:55,41915.85,50,2386750
20221109,09:34:57,41916.15,25,2386750
20221109,09:34:58,41920.00,750,2386750
20221109,09:35:00,41920.20,75,2386750
20221109,09:35:02,41919.45,125,2386750
20221109,09:35:03,41918.80,125,2386750
20221109,09:35:05,41920.85,75,2386750
20221109,09:35:07,41925.00,675,2386750
20221109,09:35:08,41924.05,125,2386750
20221109,09:35:10,41930.00,650,2386750
20221109,09:35:12,41930.00,125,2386750
20221109,09:35:13,41932.65,125,2386750
20221109,09:35:15,41931.85,475,2386750
20221109,09:35:17,41919.00,100,2386750
20221109,09:35:18,41918.25,100,2386750
20221109,09:35:20,41919.55,150,2386750
20221109,09:35:22,41922.25,275,2386750
20221109,09:35:23,41921.00,50,2386750
20221109,09:35:25,41922.80,150,2386750
20221109,09:35:28,41928.40,175,2386750
20221109,09:35:30,41935.00,150,2394725
20221109,09:35:31,41935.00,75,2394725
20221109,09:35:33,41940.00,700,2394725
20221109,09:35:35,41934.55,150,2394725
20221109,09:35:36,41930.85,50,2394725
20221109,09:35:38,41935.45,75,2394725
20221109,09:35:40,41931.65,50,2394725
20221109,09:35:41,41938.55,50,2394725
20221109,09:35:43,41936.05,750,2394725
20221109,09:35:45,41929.90,650,2394725
20221109,09:35:46,41928.65,100,2394725
20221109,09:35:48,41928.60,100,2394725
20221109,09:35:49,41929.65,25,2394725
20221109,09:35:51,41929.65,125,2394725
20221109,09:35:53,41930.00,75,2394725
20221109,09:35:54,41928.65,100,2394725
20221109,09:35:56,41926.35,350,2394725
20221109,09:35:58,41930.00,725,2394725
20221109,09:35:59,41930.70,150,2394725
20221109,09:36:01,41931.30,275,2394725
20221109,09:36:03,41935.45,975,2394725
20221109,09:36:04,41943.20,3025,2394725
20221109,09:36:06,41946.00,250,2394725
20221109,09:36:08,41946.00,25,2394725
20221109,09:36:09,41942.50,125,2394725
20221109,09:36:11,41944.95,525,2394725
20221109,09:36:13,41945.10,775,2394725
20221109,09:36:14,41940.45,200,2394725
20221109,09:36:16,41935.45,25,2394725
20221109,09:36:17,41943.40,100,2394725
20221109,09:36:19,41944.15,100,2394725
20221109,09:36:21,41942.85,175,2394725
20221109,09:36:22,41938.00,1175,2394725
20221109,09:36:24,41939.80,50,2394725
20221109,09:36:26,41934.60,25,2394725
20221109,09:36:27,41939.80,125,2394725
20221109,09:36:29,41940.10,225,2394725
20221109,09:36:31,41945.00,275,2394725
20221109,09:36:32,41939.80,100,2394725
20221109,09:36:34,41939.80,150,2394725
20221109,09:36:36,41936.50,50,2394725
20221109,09:36:37,41939.00,75,2394725
20221109,09:36:39,41938.85,25,2394725
20221109,09:36:41,41936.50,125,2394725
20221109,09:36:42,41935.10,50,2394725
20221109,09:36:44,41940.00,100,2394725
20221109,09:36:46,41936.50,125,2394725
20221109,09:36:47,41938.85,50,2394725
20221109,09:36:49,41938.00,50,2394725
20221109,09:36:51,41936.50,25,2394725
20221109,09:36:52,41938.00,75,2394725
20221109,09:36:54,41936.05,550,2394725
20221109,09:36:56,41939.65,2600,2394725
20221109,09:36:57,41935.95,300,2394725
20221109,09:36:59,41942.35,25,2394725
20221109,09:37:01,41939.85,100,2394725
20221109,09:37:04,41944.00,150,2394725
20221109,09:37:06,41947.50,175,2394725
20221109,09:37:07,41947.50,175,2394725
20221109,09:37:09,41946.65,375,2394725
20221109,09:37:11,41946.30,575,2394725
20221109,09:37:12,41938.85,25,2394725
20221109,09:37:14,41937.95,50,2394725
20221109,09:37:16,41938.00,25,2394725
20221109,09:37:17,41938.10,75,2394725
20221109,09:37:19,41940.00,25,2394725
20221109,09:37:21,41944.95,625,2394725
20221109,09:37:22,41938.05,75,2394725
20221109,09:37:24,41940.00,100,2394725
20221109,09:37:26,41939.85,25,2394725
20221109,09:37:27,41940.05,50,2394725
20221109,09:37:31,41942.00,25,2394725
20221109,09:37:32,41944.50,25,2394725
20221109,09:37:36,41943.65,150,2394725
20221109,09:37:37,41947.50,100,2394725
20221109,09:37:39,41947.50,75,2394725
20221109,09:37:41,41939.70,825,2394725
20221109,09:37:42,41943.35,50,2394725
20221109,09:37:44,41938.75,75,2394725
20221109,09:37:46,41944.95,100,2394725
20221109,09:37:47,41940.00,25,2394725
20221109,09:37:49,41940.00,75,2394725
20221109,09:37:51,41936.45,50,2394725
20221109,09:37:52,41936.45,50,2394725
20221109,09:37:54,41935.00,50,2394725
20221109,09:37:56,41935.00,25,2394725
20221109,09:37:57,41933.05,25,2394725
20221109,09:37:59,41930.00,225,2394725
20221109,09:38:01,41926.00,350,2394725
20221109,09:38:02,41924.45,100,2394725
20221109,09:38:04,41921.70,225,2394725
20221109,09:38:06,41930.00,50,2394725
20221109,09:38:07,41926.05,150,2394725
20221109,09:38:09,41925.65,125,2394725
20221109,09:38:11,41923.15,250,2394725
20221109,09:38:12,41922.55,75,2394725
20221109,09:38:14,41925.45,225,2394725
20221109,09:38:16,41924.90,125,2394725
20221109,09:38:17,41924.15,75,2394725
20221109,09:38:19,41922.60,25,2394725
20221109,09:38:21,41918.15,150,2394725
20221109,09:38:22,41918.00,75,2394725
20221109,09:38:24,41915.90,175,2394725
20221109,09:38:27,41920.00,525,2394725
20221109,09:38:29,41910.85,650,2404350
20221109,09:38:31,41910.00,125,2404350
20221109,09:38:32,41910.95,275,2404350
20221109,09:38:34,41906.00,650,2404350
20221109,09:38:36,41906.90,300,2404350
20221109,09:38:37,41907.60,100,2404350
20221109,09:38:39,41910.00,200,2404350
20221109,09:38:40,41908.70,200,2404350
20221109,09:38:42,41908.70,175,2404350
20221109,09:38:44,41908.50,250,2404350
20221109,09:38:45,41912.35,50,2404350
20221109,09:38:47,41908.70,125,2404350
20221109,09:38:49,41905.05,25,2404350
20221109,09:38:50,41900.00,975,2404350
20221109,09:38:52,41906.90,150,2404350
20221109,09:38:54,41905.30,300,2404350
20221109,09:38:55,41900.05,625,2404350
20221109,09:38:57,41895.10,275,2404350
20221109,09:38:59,41900.00,250,2404350
20221109,09:39:00,41895.90,550,2404350
20221109,09:39:02,41900.10,375,2404350
20221109,09:39:04,41905.00,500,2404350
20221109,09:39:05,41904.30,300,2404350
20221109,09:39:07,41907.35,150,2404350
20221109,09:39:09,41907.60,175,2404350
20221109,09:39:10,41907.80,100,2404350
20221109,09:39:12,41904.30,800,2404350
20221109,09:39:13,41900.15,225,2404350
20221109,09:39:15,41895.60,650,2404350
20221109,09:39:17,41898.50,425,2404350
20221109,09:39:18,41898.20,250,2404350
20221109,09:39:20,41897.80,425,2404350
20221109,09:39:22,41881.90,1675,2404350
20221109,09:39:23,41886.10,350,2404350
20221109,09:39:25,41892.20,425,2404350
20221109,09:39:26,41891.95,175,2404350
20221109,09:39:28,41892.70,200,2404350
20221109,09:39:30,41891.00,400,2404350
20221109,09:39:31,41894.15,275,2404350
20221109,09:39:33,41887.70,225,2404350
20221109,09:39:35,41891.90,675,2404350
20221109,09:39:36,41894.15,750,2404350
20221109,09:39:38,41891.40,375,2404350
20221109,09:39:39,41895.00,225,2404350
20221109,09:39:41,41891.40,700,2404350
20221109,09:39:43,41888.00,650,2404350
20221109,09:39:44,41891.40,350,2404350
20221109,09:39:46,41892.35,200,2404350
20221109,09:39:48,41892.80,100,2404350
20221109,09:39:49,41891.40,75,2404350
20221109,09:39:51,41889.10,275,2404350
20221109,09:39:52,41886.15,175,2404350
20221109,09:39:54,41893.70,75,2404350
20221109,09:39:57,41894.80,100,2404350
20221109,09:39:59,41894.00,75,2404350
20221109,09:40:01,41886.00,1000,2404350
20221109,09:40:02,41883.00,550,2404350
20221109,09:40:04,41887.05,150,2404350
20221109,09:40:06,41883.00,575,2404350
20221109,09:40:07,41875.00,2225,2404350
20221109,09:40:09,41872.00,575,2404350
20221109,09:40:10,41866.70,4650,2404350
20221109,09:40:12,41859.00,4075,2404350
20221109,09:40:14,41850.35,2375,2404350
20221109,09:40:16,41850.00,1875,2404350
20221109,09:40:17,41860.00,750,2404350
20221109,09:40:19,41861.60,250,2404350
20221109,09:40:21,41870.00,475,2404350
20221109,09:40:22,41867.10,550,2404350
20221109,09:40:24,41869.00,400,2404350
20221109,09:40:26,41872.40,275,2404350
20221109,09:40:27,41871.00,100,2404350
20221109,09:40:29,41875.00,150,2404350
20221109,09:40:31,41871.00,800,2404350
20221109,09:40:32,41874.90,100,2404350
20221109,09:40:34,41871.05,50,2404350
20221109,09:40:36,41873.80,125,2404350
20221109,09:40:37,41875.00,250,2404350
20221109,09:40:39,41871.10,225,2404350
20221109,09:40:41,41873.80,150,2404350
20221109,09:40:42,41875.00,200,2404350
20221109,09:40:44,41874.35,175,2404350
20221109,09:40:46,41875.00,275,2404350
20221109,09:40:47,41887.15,625,2404350
20221109,09:40:49,41874.90,300,2404350
20221109,09:40:51,41882.45,25,2404350
20221109,09:40:52,41876.30,75,2404350
20221109,09:40:54,41878.95,350,2404350
20221109,09:40:56,41879.05,175,2404350
20221109,09:40:57,41878.80,100,2404350
20221109,09:40:59,41887.50,775,2404350
20221109,09:41:01,41878.35,25,2404350
20221109,09:41:02,41879.00,625,2404350
20221109,09:41:04,41879.65,150,2404350
20221109,09:41:06,41882.00,75,2404350
20221109,09:41:07,41885.05,250,2404350
20221109,09:41:09,41881.75,50,2404350
20221109,09:41:11,41883.05,125,2404350
20221109,09:41:12,41888.00,75,2404350
20221109,09:41:14,41895.10,700,2404350
20221109,09:41:16,41898.60,125,2404350
20221109,09:41:17,41898.40,250,2404350
20221109,09:41:19,41901.40,750,2404350
20221109,09:41:21,41909.15,800,2404350
20221109,09:41:22,41905.90,100,2404350
20221109,09:41:24,41909.15,150,2404350
20221109,09:41:26,41908.00,150,2404350
20221109,09:41:27,41907.40,200,2404350
20221109,09:41:29,41920.00,550,2403650
20221109,09:41:31,41920.00,600,2403650
20221109,09:41:32,41920.00,150,2403650
20221109,09:41:34,41916.65,525,2403650
20221109,09:41:36,41912.00,225,2403650
20221109,09:41:37,41910.00,25,2403650
20221109,09:41:39,41910.00,375,2403650
20221109,09:41:41,41913.70,100,2403650
20221109,09:41:42,41913.30,175,2403650
20221109,09:41:44,41910.00,25,2403650
20221109,09:41:46,41905.90,325,2403650
20221109,09:41:47,41915.35,150,2403650
20221109,09:41:49,41910.95,100,2403650
20221109,09:41:51,41910.80,100,2403650
20221109,09:41:52,41915.35,425,2403650
20221109,09:41:54,41911.35,300,2403650
20221109,09:41:56,41910.30,175,2403650
20221109,09:41:57,41910.35,125,2403650
20221109,09:41:59,41903.70,450,2403650
20221109,09:42:01,41908.05,75,2403650
20221109,09:42:02,41906.40,100,2403650
20221109,09:42:04,41903.30,75,2403650
20221109,09:42:06,41905.30,75,2403650
20221109,09:42:07,41906.95,100,2403650
20221109,09:42:09,41907.15,150,2403650
20221109,09:42:11,41905.55,125,2403650
20221109,09:42:12,41904.95,25,2403650
20221109,09:42:14,41908.35,100,2403650
20221109,09:42:16,41914.40,375,2403650
20221109,09:42:17,41912.40,125,2403650
20221109,09:42:20,41914.25,25,2403650
20221109,09:42:22,41918.80,275,2403650
20221109,09:42:24,41915.65,525,2403650
20221109,09:42:27,41917.95,75,2403650
20221109,09:42:29,41917.65,25,2403650
20221109,09:42:31,41914.70,700,2403650
20221109,09:42:32,41919.00,125,2403650
20221109,09:42:34,41918.00,50,2403650
20221109,09:42:36,41912.75,125,2403650
20221109,09:42:39,41914.35,200,2403650
20221109,09:42:41,41910.50,75,2403650
20221109,09:42:42,41914.40,450,2403650
20221109,09:42:44,41913.35,275,2403650
20221109,09:42:46,41912.05,200,2403650
20221109,09:42:47,41914.95,50,2403650
20221109,09:42:49,41923.00,1075,2403650
20221109,09:42:51,41920.00,100,2403650
20221109,09:42:52,41913.20,125,2403650
20221109,09:42:54,41919.10,25,2403650
20221109,09:42:56,41919.90,50,2403650
20221109,09:42:57,41920.00,25,2403650
20221109,09:42:59,41915.00,225,2403650
20221109,09:43:01,41914.90,150,2403650
20221109,09:43:02,41914.00,575,2403650
20221109,09:43:04,41920.00,100,2403650
20221109,09:43:06,41920.00,25,2403650
20221109,09:43:07,41918.60,350,2403650
20221109,09:43:09,41916.00,75,2403650
20221109,09:43:11,41917.00,25,2403650
20221109,09:43:12,41917.10,250,2403650
20221109,09:43:14,41916.95,25,2403650
20221109,09:43:16,41914.90,100,2403650
20221109,09:43:17,41910.90,125,2403650
20221109,09:43:19,41914.00,75,2403650
20221109,09:43:20,41916.30,25,2403650
20221109,09:43:22,41915.00,75,2403650
20221109,09:43:24,41922.75,400,2403650
20221109,09:43:25,41917.05,175,2403650
20221109,09:43:27,41917.00,75,2403650
20221109,09:43:29,41917.00,50,2403650
20221109,09:43:30,41917.00,50,2403650
20221109,09:43:32,41915.60,100,2403650
20221109,09:43:34,41918.50,75,2403650
20221109,09:43:35,41914.00,250,2403650
20221109,09:43:37,41913.85,100,2403650
20221109,09:43:39,41913.65,25,2403650
20221109,09:43:40,41911.80,100,2403650
20221109,09:43:42,41910.35,100,2403650
20221109,09:43:44,41907.60,175,2403650
20221109,09:43:45,41905.95,125,2403650
20221109,09:43:47,41910.00,100,2403650
20221109,09:43:49,41916.35,25,2403650
20221109,09:43:50,41905.05,125,2403650
20221109,09:43:54,41907.50,50,2403650
20221109,09:43:55,41902.95,175,2403650
20221109,09:43:57,41902.25,75,2403650
20221109,09:43:59,41906.65,150,2403650
20221109,09:44:00,41907.75,575,2403650
20221109,09:44:02,41911.95,175,2403650
20221109,09:44:04,41907.50,50,2403650
20221109,09:44:05,41907.50,50,2403650
20221109,09:44:09,41916.60,50,2403650
20221109,09:44:10,41910.95,25,2403650
20221109,09:44:14,41911.75,75,2403650
20221109,09:44:15,41917.40,75,2403650
20221109,09:44:17,41913.95,25,2403650
20221109,09:44:18,41915.35,50,2403650
20221109,09:44:20,41920.25,275,2403650
20221109,09:44:23,41917.00,250,2403650
20221109,09:44:25,41919.45,625,2403650
20221109,09:44:27,41919.85,275,2403650
20221109,09:44:28,41925.00,175,2403650
20221109,09:44:30,41923.25,50,2409550
20221109,09:44:31,41920.40,350,2409550
20221109,09:44:33,41920.55,50,2409550
20221109,09:44:35,41925.25,325,2409550
20221109,09:44:36,41920.40,525,2409550
20221109,09:44:38,41920.50,50,2409550
20221109,09:44:40,41921.85,50,2409550
20221109,09:44:41,41921.00,50,2409550
20221109,09:44:43,41921.95,150,2409550
20221109,09:44:44,41918.00,75,2409550
20221109,09:44:46,41918.90,250,2409550
20221109,09:44:48,41917.80,25,2409550
20221109,09:44:49,41924.60,125,2409550
20221109,09:44:51,41923.30,1025,2409550
20221109,09:44:54,41923.30,150,2409550
20221109,09:44:56,41923.30,125,2409550
20221109,09:44:57,41919.25,125,2409550
20221109,09:44:59,41924.35,325,2409550
20221109,09:45:00,41925.00,150,2409550
20221109,09:45:02,41923.30,150,2409550
20221109,09:45:04,41933.05,2925,2409550
20221109,09:45:05,41932.60,75,2409550
20221109,09:45:07,41934.05,50,2409550
20221109,09:45:08,41934.35,450,2409550
20221109,09:45:10,41935.60,500,2409550
20221109,09:45:12,41940.00,225,2409550
20221109,09:45:13,41935.90,100,2409550
20221109,09:45:15,41943.00,425,2409550
20221109,09:45:17,41945.00,75,2409550
20221109,09:45:18,41959.00,5825,2409550
20221109,09:45:20,41958.30,1800,2409550
20221109,09:45:22,41962.50,850,2409550
20221109,09:45:23,41961.80,400,2409550
20221109,09:45:25,41960.45,500,2409550
20221109,09:45:26,41961.70,1000,2409550
20221109,09:45:28,41972.10,1725,2409550
20221109,09:45:30,41971.45,175,2409550
20221109,09:45:31,41979.00,3625,2409550
20221109,09:45:33,41981.00,1200,2409550
20221109,09:45:35,41976.55,1400,2409550
20221109,09:45:36,41979.95,1550,2409550
20221109,09:45:38,41976.20,925,2409550
20221109,09:45:40,41977.35,300,2409550
20221109,09:45:41,41975.95,1000,2409550
20221109,09:45:43,41977.60,125,2409550
20221109,09:45:45,41972.00,450,2409550
20221109,09:45:46,41964.65,350,2409550
20221109,09:45:48,41964.25,525,2409550
20221109,09:45:50,41955.65,375,2409550
20221109,09:45:51,41959.90,150,2409550
20221109,09:45:53,41957.55,125,2409550
20221109,09:45:55,41964.90,75,2409550
20221109,09:45:56,41966.70,425,2409550
20221109,09:45:58,41965.90,375,2409550
20221109,09:46:00,41963.00,175,2409550
20221109,09:46:01,41964.10,175,2409550
20221109,09:46:03,41970.80,250,2409550
20221109,09:46:05,41971.50,200,2409550
20221109,09:46:06,41975.00,325,2409550
20221109,09:46:08,41970.00,125,2409550
20221109,09:46:10,41973.10,875,2409550
20221109,09:46:11,41972.35,250,2409550
20221109,09:46:13,41966.00,150,2409550
20221109,09:46:15,41968.30,100,2409550
20221109,09:46:16,41963.75,375,2409550
20221109,09:46:18,41966.75,175,2409550
20221109,09:46:19,41966.80,50,2409550
20221109,09:46:21,41963.75,625,2409550
20221109,09:46:23,41960.30,525,2409550
20221109,09:46:24,41962.00,75,2409550
20221109,09:46:26,41963.85,25,2409550
20221109,09:46:28,41963.05,250,2409550
20221109,09:46:29,41966.80,250,2409550
20221109,09:46:31,41966.75,75,2409550
20221109,09:46:33,41963.05,200,2409550
20221109,09:46:34,41967.75,225,2409550
20221109,09:46:36,41962.95,225,2409550
20221109,09:46:38,41961.35,100,2409550
20221109,09:46:39,41963.55,75,2409550
20221109,09:46:41,41968.00,75,2409550
20221109,09:46:43,41968.95,225,2409550
20221109,09:46:44,41968.00,125,2409550
20221109,09:46:46,41966.15,75,2409550
20221109,09:46:48,41968.95,50,2409550
20221109,09:46:49,41968.95,275,2409550
20221109,09:46:51,41967.55,175,2409550
20221109,09:46:53,41963.20,400,2409550
20221109,09:46:54,41969.00,75,2409550
20221109,09:46:56,41968.95,125,2409550
20221109,09:46:58,41968.00,200,2409550
20221109,09:46:59,41966.65,125,2409550
20221109,09:47:01,41972.00,175,2409550
20221109,09:47:03,41968.25,150,2409550
20221109,09:47:04,41968.95,125,2409550
20221109,09:47:06,41970.95,350,2409550
20221109,09:47:08,41966.00,200,2409550
20221109,09:47:09,41964.90,300,2409550
20221109,09:47:11,41964.90,150,2409550
20221109,09:47:13,41965.15,250,2409550
20221109,09:47:14,41963.15,250,2409550
20221109,09:47:16,41963.10,125,2409550
20221109,09:47:18,41965.15,100,2409550
20221109,09:47:19,41965.15,125,2409550
20221109,09:47:21,41965.15,50,2409550
20221109,09:47:22,41965.05,25,2409550
20221109,09:47:24,41965.45,350,2409550
20221109,09:47:26,41969.80,350,2409550
20221109,09:47:27,41965.45,50,2409550
20221109,09:47:29,41965.45,75,2409550
20221109,09:47:31,41965.45,50,2398975
20221109,09:47:32,41965.20,100,2398975
20221109,09:47:34,41965.20,100,2398975
20221109,09:47:36,41965.25,250,2398975
20221109,09:47:37,41965.25,400,2398975
20221109,09:47:39,41965.05,25,2398975
20221109,09:47:40,41965.05,225,2398975
20221109,09:47:42,41962.90,1800,2398975
20221109,09:47:44,41955.00,150,2398975
20221109,09:47:45,41952.80,75,2398975
20221109,09:47:47,41953.85,100,2398975
20221109,09:47:49,41952.00,50,2398975
20221109,09:47:50,41952.40,550,2398975
20221109,09:47:52,41956.15,75,2398975
20221109,09:47:54,41960.00,275,2398975
20221109,09:47:55,41962.20,100,2398975
20221109,09:47:57,41959.90,50,2398975
20221109,09:47:59,41960.75,125,2398975
20221109,09:48:00,41956.05,25,2398975
20221109,09:48:02,41962.20,75,2398975
20221109,09:48:03,41961.85,200,2398975
20221109,09:48:05,41960.20,75,2398975
20221109,09:48:10,41960.25,25,2398975
20221109,09:48:11,41961.00,300,2398975
20221109,09:48:13,41960.25,75,2398975
20221109,09:48:15,41964.85,50,2398975
20221109,09:48:16,41962.75,50,2398975
20221109,09:48:18,41964.45,25,2398975
20221109,09:48:19,41964.60,50,2398975
20221109,09:48:21,41962.75,100,2398975
20221109,09:48:23,41962.75,300,2398975
20221109,09:48:24,41965.00,625,2398975
20221109,09:48:26,41965.00,175,2398975
20221109,09:48:28,41964.20,225,2398975
20221109,09:48:29,41965.00,225,2398975
20221109,09:48:31,41965.25,75,2398975
20221109,09:48:33,41969.00,225,2398975
20221109,09:48:34,41969.00,125,2398975
20221109,09:48:36,41969.60,50,2398975
20221109,09:48:37,41970.00,250,2398975
20221109,09:48:39,41970.00,75,2398975
20221109,09:48:41,41969.50,50,2398975
20221109,09:48:42,41969.00,200,2398975
20221109,09:48:44,41969.80,75,2398975
20221109,09:48:46,41968.75,25,2398975
20221109,09:48:47,41969.65,125,2398975
20221109,09:48:49,41962.40,225,2398975
20221109,09:48:51,41964.50,675,2398975
20221109,09:48:52,41965.65,350,2398975
20221109,09:48:54,41960.10,25,2398975
20221109,09:48:56,41966.25,75,2398975
20221109,09:48:57,41962.00,200,2398975
20221109,09:48:59,41966.65,50,2398975
20221109,09:49:01,41962.40,125,2398975
20221109,09:49:02,41964.90,300,2398975
20221109,09:49:04,41964.50,150,2398975
20221109,09:49:06,41968.70,25,2398975
20221109,09:49:07,41969.20,150,2398975
20221109,09:49:09,41970.00,1275,2398975
20221109,09:49:11,41965.20,575,2398975
20221109,09:49:12,41969.40,225,2398975
20221109,09:49:16,41968.00,50,2398975
20221109,09:49:17,41970.00,75,2398975
20221109,09:49:19,41970.00,100,2398975
20221109,09:49:21,41968.20,225,2398975
20221109,09:49:22,41965.55,225,2398975
20221109,09:49:24,41972.00,100,2398975
20221109,09:49:25,41972.50,50,2398975
20221109,09:49:27,41974.95,375,2398975
20221109,09:49:29,41973.40,1150,2398975
20221109,09:49:30,41980.70,1425,2398975
20221109,09:49:32,41980.05,275,2398975
20221109,09:49:34,41980.20,125,2398975
20221109,09:49:35,41984.50,1750,2398975
20221109,09:49:37,41984.40,50,2398975
20221109,09:49:39,41985.55,400,2398975
20221109,09:49:40,41981.40,925,2398975
20221109,09:49:42,41981.50,125,2398975
20221109,09:49:44,41984.40,100,2398975
20221109,09:49:45,41983.00,125,2398975
20221109,09:49:47,41979.75,500,2398975
20221109,09:49:49,41979.70,300,2398975
20221109,09:49:50,41983.00,200,2398975
20221109,09:49:52,41978.80,150,2398975
20221109,09:49:54,41978.50,200,2398975
20221109,09:49:55,41980.20,175,2398975
20221109,09:49:57,41984.40,100,2398975
20221109,09:49:59,41981.60,150,2398975
20221109,09:50:00,41984.70,1075,2398975
20221109,09:50:02,41988.40,1050,2398975
20221109,09:50:04,41992.90,2275,2398975
20221109,09:50:05,41989.80,625,2398975
20221109,09:50:07,41993.95,275,2398975
20221109,09:50:09,41992.40,475,2398975
20221109,09:50:10,41994.95,1725,2398975
20221109,09:50:12,41992.05,875,2398975
20221109,09:50:14,41993.10,350,2398975
20221109,09:50:15,41994.50,350,2398975
20221109,09:50:17,41995.00,650,2398975
20221109,09:50:19,41995.45,400,2398975
20221109,09:50:20,41995.50,150,2398975
20221109,09:50:22,41994.70,275,2398975
20221109,09:50:24,41992.85,475,2398975
20221109,09:50:25,41995.00,425,2398975
20221109,09:50:27,41995.00,300,2398975
20221109,09:50:28,41990.00,600,2398975
20221109,09:50:30,41993.00,150,2411900
20221109,09:50:32,41990.00,450,2411900
20221109,09:50:33,41994.05,150,2411900
20221109,09:50:35,41980.30,1500,2411900
20221109,09:50:37,41980.30,225,2411900
20221109,09:50:38,41977.95,750,2411900
20221109,09:50:40,41972.15,50,2411900
20221109,09:50:42,41982.00,300,2411900
20221109,09:50:43,41984.35,225,2411900
20221109,09:50:45,41990.00,300,2411900
20221109,09:50:47,41984.00,50,2411900
20221109,09:50:48,41986.30,325,2411900
20221109,09:50:50,41983.55,275,2411900
20221109,09:50:52,41984.85,125,2411900
20221109,09:50:53,41980.00,250,2411900
20221109,09:50:55,41980.00,200,2411900
20221109,09:50:57,41983.00,25,2411900
20221109,09:50:58,41980.40,225,2411900
20221109,09:51:00,41985.00,50,2411900
20221109,09:51:02,41982.90,250,2411900
20221109,09:51:03,41989.75,125,2411900
20221109,09:51:05,41986.70,100,2411900
20221109,09:51:07,41987.35,225,2411900
20221109,09:51:08,41985.20,150,2411900
20221109,09:51:10,41987.70,125,2411900
20221109,09:51:11,41982.15,75,2411900
20221109,09:51:13,41987.90,925,2411900
20221109,09:51:15,41981.20,50,2411900
20221109,09:51:16,41980.00,500,2411900
20221109,09:51:18,41981.15,325,2411900
20221109,09:51:20,41981.15,100,2411900
20221109,09:51:21,41980.75,550,2411900
20221109,09:51:23,41985.40,25,2411900
20221109,09:51:25,41984.85,375,2411900
20221109,09:51:26,41980.00,300,2411900
20221109,09:51:28,41980.05,175,2411900
20221109,09:51:30,41985.35,50,2411900
20221109,09:51:31,41984.25,50,2411900
20221109,09:51:33,41981.30,800,2411900
20221109,09:51:35,41978.15,525,2411900
20221109,09:51:36,41970.25,100,2411900
20221109,09:51:38,41972.85,400,2411900
20221109,09:51:40,41974.65,200,2411900
20221109,09:51:43,41968.80,75,2411900
20221109,09:51:44,41974.70,950,2411900
20221109,09:51:46,41968.10,100,2411900
20221109,09:51:48,41967.10,50,2411900
20221109,09:51:49,41965.00,100,2411900
20221109,09:51:51,41963.55,100,2411900
20221109,09:51:54,41963.00,275,2411900
20221109,09:51:56,41961.10,25,2411900
20221109,09:51:58,41965.00,275,2411900
20221109,09:51:59,41970.30,750,2411900
20221109,09:52:01,41965.20,125,2411900
20221109,09:52:03,41967.60,100,2411900
20221109,09:52:04,41969.90,25,2411900
20221109,09:52:06,41972.10,100,2411900
20221109,09:52:08,41973.00,725,2411900
20221109,09:52:09,41973.00,100,2411900
20221109,09:52:11,41980.00,200,2411900
20221109,09:52:13,41974.25,25,2411900
20221109,09:52:14,41979.95,25,2411900
20221109,09:52:16,41980.00,75,2411900
20221109,09:52:17,41980.30,225,2411900
20221109,09:52:21,41980.00,275,2411900
20221109,09:52:22,41977.50,25,2411900
20221109,09:52:24,41976.75,100,2411900
20221109,09:52:26,41977.35,75,2411900
20221109,09:52:27,41973.20,25,2411900
20221109,09:52:29,41972.90,275,2411900
20221109,09:52:31,41974.95,200,2411900
20221109,09:52:32,41972.35,50,2411900
20221109,09:52:34,41977.50,100,2411900
20221109,09:52:35,41976.00,75,2411900
20221109,09:52:37,41972.05,50,2411900
20221109,09:52:39,41970.70,50,2411900
20221109,09:52:40,41976.00,225,2411900
20221109,09:52:47,41973.40,175,2411900
20221109,09:52:48,41973.40,275,2411900
20221109,09:52:50,41970.70,525,2411900
20221109,09:52:52,41973.40,75,2411900
20221109,09:52:53,41977.30,250,2411900
20221109,09:52:55,41970.00,300,2411900
20221109,09:52:57,41970.20,150,2411900
20221109,09:53:00,41970.00,325,2411900
20221109,09:53:03,41968.00,275,2411900
20221109,09:53:05,41969.00,50,2411900
20221109,09:53:06,41964.45,100,2411900
20221109,09:53:08,41963.20,50,2411900
20221109,09:53:10,41960.30,275,2411900
20221109,09:53:11,41961.55,275,2411900
20221109,09:53:13,41964.90,125,2411900
20221109,09:53:15,41963.60,75,2411900
20221109,09:53:16,41963.80,25,2411900
20221109,09:53:18,41961.40,325,2411900
20221109,09:53:20,41965.00,25,2411900
20221109,09:53:21,41966.00,25,2411900
20221109,09:53:23,41961.40,50,2411900
20221109,09:53:25,41960.00,25,2411900
20221109,09:53:26,41960.00,25,2411900
20221109,09:53:28,41961.40,75,2411900
20221109,09:53:29,41964.60,175,2411900
20221109,09:53:31,41961.00,25,2411900
20221109,09:53:33,41964.95,750,2418075
20221109,09:53:34,41965.75,75,2418075
20221109,09:53:36,41965.15,50,2418075
20221109,09:53:38,41962.15,275,2418075
20221109,09:53:40,41965.00,50,2418075
20221109,09:53:41,41965.05,125,2418075
20221109,09:53:43,41969.20,125,2418075
20221109,09:53:45,41969.20,75,2418075
20221109,09:53:46,41966.90,175,2418075
20221109,09:53:48,41970.00,25,2418075
20221109,09:53:50,41969.25,125,2418075
20221109,09:53:55,41966.05,25,2418075
20221109,09:53:56,41969.25,75,2418075
20221109,09:53:58,41968.40,175,2418075
20221109,09:54:00,41970.20,100,2418075
20221109,09:54:01,41970.75,25,2418075
20221109,09:54:03,41972.00,25,2418075
20221109,09:54:05,41970.95,925,2418075
20221109,09:54:06,41973.05,275,2418075
20221109,09:54:08,41969.25,175,2418075
20221109,09:54:10,41965.00,525,2418075
20221109,09:54:11,41966.25,75,2418075
20221109,09:54:13,41965.15,250,2418075
20221109,09:54:15,41961.00,50,2418075
20221109,09:54:16,41958.65,200,2418075
20221109,09:54:18,41958.20,25,2418075
20221109,09:54:19,41958.35,75,2418075
20221109,09:54:21,41955.65,250,2418075
20221109,09:54:23,41954.00,150,2418075
20221109,09:54:26,41955.65,75,2418075
20221109,09:54:28,41952.05,25,2418075
20221109,09:54:29,41952.05,25,2418075
20221109,09:54:31,41952.30,25,2418075
20221109,09:54:33,41956.25,50,2418075
20221109,09:54:34,41956.25,200,2418075
20221109,09:54:36,41960.00,450,2418075
20221109,09:54:38,41955.70,50,2418075
20221109,09:54:39,41955.70,125,2418075
20221109,09:54:41,41955.80,25,2418075
20221109,09:54:43,41945.00,1275,2418075
20221109,09:54:44,41948.00,75,2418075
20221109,09:54:46,41945.00,300,2418075
20221109,09:54:48,41945.00,75,2418075
20221109,09:54:49,41945.00,200,2418075
20221109,09:54:51,41945.00,100,2418075
20221109,09:54:53,41951.90,375,2418075
20221109,09:54:54,41949.20,75,2418075
20221109,09:54:56,41941.55,125,2418075
20221109,09:54:58,41941.35,25,2418075
20221109,09:54:59,41942.65,200,2418075
20221109,09:55:01,41941.00,50,2418075
20221109,09:55:03,41940.70,1325,2418075
20221109,09:55:04,41944.45,3075,2418075
20221109,09:55:06,41940.80,200,2418075
20221109,09:55:08,41943.65,125,2418075
20221109,09:55:09,41942.85,1525,2418075
20221109,09:55:11,41937.20,900,2418075
20221109,09:55:13,41942.65,75,2418075
20221109,09:55:14,41943.95,775,2418075
20221109,09:55:16,41942.95,100,2418075
20221109,09:55:18,41946.15,125,2418075
20221109,09:55:19,41941.15,125,2418075
20221109,09:55:21,41944.00,75,2418075
20221109,09:55:23,41941.30,75,2418075
20221109,09:55:24,41944.00,125,2418075
20221109,09:55:26,41941.30,25,2418075
20221109,09:55:27,41940.20,50,2418075
20221109,09:55:29,41942.00,25,2418075
20221109,09:55:31,41942.00,100,2418075
20221109,09:55:32,41940.20,175,2418075
20221109,09:55:34,41940.60,175,2418075
20221109,09:55:36,41941.30,125,2418075
20221109,09:55:37,41947.00,650,2418075
20221109,09:55:39,41949.00,25,2418075
20221109,09:55:40,41950.00,750,2418075
20221109,09:55:42,41951.00,50,2418075
20221109,09:55:44,41947.35,825,2418075
20221109,09:55:45,41953.90,50,2418075
20221109,09:55:51,41951.45,25,2418075
20221109,09:55:52,41955.00,75,2418075
20221109,09:55:54,41953.15,25,2418075
20221109,09:55:57,41958.90,175,2418075
20221109,09:55:59,41952.65,25,2418075
20221109,09:56:02,41951.95,25,2418075
20221109,09:56:04,41951.50,200,2418075
20221109,09:56:05,41951.70,175,2418075
20221109,09:56:07,41951.70,125,2418075
20221109,09:56:08,41955.80,75,2418075
20221109,09:56:10,41955.20,50,2418075
20221109,09:56:12,41951.50,150,2418075
20221109,09:56:13,41948.00,75,2418075
20221109,09:56:15,41945.00,50,2418075
20221109,09:56:17,41936.00,475,2418075
20221109,09:56:18,41940.95,125,2418075
20221109,09:56:20,41935.00,200,2418075
20221109,09:56:22,41942.75,50,2418075
20221109,09:56:23,41940.60,200,2418075
20221109,09:56:25,41935.00,175,2418075
20221109,09:56:27,41935.00,175,2418075
20221109,09:56:28,41934.65,50,2418075
20221109,09:56:30,41928.00,350,2418075
20221109,09:56:32,41925.00,350,2418075
20221109,09:56:33,41916.05,4250,2422575
20221109,09:56:35,41913.40,650,2422575
20221109,09:56:37,41916.90,925,2422575
20221109,09:56:38,41916.65,525,2422575
20221109,09:56:40,41925.10,775,2422575
20221109,09:56:42,41923.20,175,2422575
20221109,09:56:43,41916.20,675,2422575
20221109,09:56:45,41916.95,125,2422575
20221109,09:56:47,41915.55,350,2422575
20221109,09:56:48,41910.00,125,2422575
20221109,09:56:50,41910.00,75,2422575
20221109,09:56:52,41909.00,175,2422575
20221109,09:56:53,41912.35,550,2422575
20221109,09:56:55,41907.05,175,2422575
20221109,09:56:56,41915.00,150,2422575
20221109,09:56:58,41912.35,500,2422575
20221109,09:57:00,41912.55,175,2422575
20221109,09:57:01,41916.20,150,2422575
20221109,09:57:03,41913.50,25,2422575
20221109,09:57:05,41915.00,25,2422575
20221109,09:57:06,41916.50,200,2422575
20221109,09:57:08,41919.00,25,2422575
20221109,09:57:10,41915.20,225,2422575
20221109,09:57:11,41915.20,50,2422575
20221109,09:57:13,41915.20,75,2422575
20221109,09:57:15,41915.55,50,2422575
20221109,09:57:16,41918.00,100,2422575
20221109,09:57:18,41919.00,375,2422575
20221109,09:57:19,41915.55,25,2422575
20221109,09:57:21,41915.55,50,2422575
20221109,09:57:23,41918.95,300,2422575
20221109,09:57:24,41914.10,200,2422575
20221109,09:57:26,41913.70,25,2422575
20221109,09:57:27,41910.00,50,2422575
20221109,09:57:29,41910.25,125,2422575
20221109,09:57:31,41909.40,425,2422575
20221109,09:57:32,41909.40,25,2422575
20221109,09:57:34,41908.00,50,2422575
20221109,09:57:36,41913.15,100,2422575
20221109,09:57:37,41913.15,50,2422575
20221109,09:57:40,41913.15,50,2422575
20221109,09:57:42,41911.15,75,2422575
20221109,09:57:44,41920.00,50,2422575
20221109,09:57:45,41919.05,25,2422575
20221109,09:57:47,41916.45,125,2422575
20221109,09:57:48,41916.45,25,2422575
20221109,09:57:50,41916.45,50,2422575
20221109,09:57:52,41916.45,75,2422575
20221109,09:57:53,41916.30,100,2422575
20221109,09:57:55,41914.70,150,2422575
20221109,09:57:56,41913.95,125,2422575
20221109,09:57:58,41915.00,25,2422575
20221109,09:58:00,41915.00,225,2422575
20221109,09:58:01,41915.00,75,2422575
20221109,09:58:03,41920.00,125,2422575
20221109,09:58:05,41915.40,50,2422575
20221109,09:58:08,41920.95,150,2422575
20221109,09:58:09,41918.80,50,2422575
20221109,09:58:11,41915.60,25,2422575
20221109,09:58:13,41917.00,275,2422575
20221109,09:58:14,41920.00,125,2422575
20221109,09:58:16,41917.90,50,2422575
20221109,09:58:19,41918.75,25,2422575
20221109,09:58:21,41923.50,100,2422575
20221109,09:58:26,41922.95,100,2422575
20221109,09:58:27,41915.20,350,2422575
20221109,09:58:29,41924.45,400,2422575
20221109,09:58:31,41922.80,250,2422575
20221109,09:58:34,41922.60,25,2422575
20221109,09:58:36,41927.20,50,2422575
20221109,09:58:37,41925.20,125,2422575
20221109,09:58:39,41921.50,75,2422575
20221109,09:58:41,41922.10,75,2422575
20221109,09:58:42,41928.00,50,2422575
20221109,09:58:47,41924.00,25,2422575
20221109,09:58:49,41924.00,75,2422575
20221109,09:58:51,41920.00,575,2422575
20221109,09:58:52,41920.35,100,2422575
20221109,09:58:54,41920.35,50,2422575
20221109,09:58:56,41921.45,100,2422575
20221109,09:58:57,41918.70,100,2422575
20221109,09:58:59,41919.10,50,2422575
20221109,09:59:01,41919.15,25,2422575
20221109,09:59:02,41923.35,225,2422575
20221109,09:59:04,41921.40,500,2422575
20221109,09:59:06,41920.75,50,2422575
20221109,09:59:07,41917.00,150,2422575
20221109,09:59:09,41916.00,300,2422575
20221109,09:59:11,41913.95,550,2422575
20221109,09:59:12,41912.30,50,2422575
20221109,09:59:14,41912.60,525,2422575
20221109,09:59:16,41912.00,225,2422575
20221109,09:59:17,41908.05,425,2422575
20221109,09:59:19,41910.00,200,2422575
20221109,09:59:20,41906.05,125,2422575
20221109,09:59:22,41910.20,125,2422575
20221109,09:59:24,41905.45,225,2422575
20221109,09:59:25,41907.90,50,2422575
20221109,09:59:27,41906.60,100,2422575
20221109,09:59:29,41908.35,575,2422575
20221109,09:59:30,41912.40,525,2422575
20221109,09:59:32,41912.45,50,2422575
20221109,09:59:34,41916.25,125,2429600
20221109,09:59:35,41909.10,175,2429600
20221109,09:59:37,41908.35,100,2429600
20221109,09:59:39,41908.35,25,2429600
20221109,09:59:40,41916.20,100,2429600
20221109,09:59:42,41910.20,425,2429600
20221109,09:59:44,41910.15,50,2429600
20221109,09:59:45,41912.20,50,2429600
20221109,09:59:47,41919.65,100,2429600
20221109,09:59:49,41915.20,1450,2429600
20221109,09:59:50,41913.85,25,2429600
20221109,09:59:52,41913.10,175,2429600
20221109,09:59:54,41913.85,25,2429600
20221109,09:59:55,41915.25,825,2429600
20221109,09:59:57,41913.95,425,2429600
20221109,09:59:59,41913.35,25,2429600
20221109,10:00:00,41912.35,50,2429600
20221109,10:00:02,41909.10,225,2429600
20221109,10:00:04,41908.35,125,2429600
20221109,10:00:07,41919.05,525,2429600
20221109,10:00:09,41919.05,275,2429600
20221109,10:00:10,41914.10,125,2429600
20221109,10:00:12,41915.75,100,2429600
20221109,10:00:14,41919.10,150,2429600
20221109,10:00:16,41924.00,50,2429600
20221109,10:00:17,41922.05,350,2429600
20221109,10:00:19,41920.10,125,2429600
20221109,10:00:20,41920.20,50,2429600
20221109,10:00:22,41922.00,50,2429600
20221109,10:00:24,41920.80,25,2429600
20221109,10:00:25,41920.50,25,2429600
20221109,10:00:27,41920.85,50,2429600
20221109,10:00:29,41920.20,100,2429600
20221109,10:00:30,41920.00,100,2429600
20221109,10:00:32,41919.05,150,2429600
20221109,10:00:34,41915.00,150,2429600
20221109,10:00:35,41919.05,50,2429600
20221109,10:00:37,41916.40,150,2429600
20221109,10:00:39,41915.00,175,2429600
20221109,10:00:40,41915.00,75,2429600
20221109,10:00:42,41915.00,150,2429600
20221109,10:00:44,41915.05,75,2429600
20221109,10:00:45,41915.00,1050,2429600
20221109,10:00:47,41905.50,350,2429600
20221109,10:00:49,41911.00,75,2429600
20221109,10:00:50,41905.55,250,2429600
20221109,10:00:52,41910.00,125,2429600
20221109,10:00:54,41910.00,150,2429600
20221109,10:00:55,41910.20,25,2429600
20221109,10:00:57,41915.00,200,2429600
20221109,10:00:59,41913.40,300,2429600
20221109,10:01:02,41911.00,100,2429600
20221109,10:01:04,41911.00,75,2429600
20221109,10:01:05,41910.85,125,2429600
20221109,10:01:07,41910.00,50,2429600
20221109,10:01:09,41911.00,525,2429600
20221109,10:01:10,41910.00,75,2429600
20221109,10:01:12,41914.85,75,2429600
20221109,10:01:14,41908.90,175,2429600
20221109,10:01:15,41905.00,50,2429600
20221109,10:01:17,41908.90,100,2429600
20221109,10:01:19,41904.65,200,2429600
20221109,10:01:20,41902.25,100,2429600
20221109,10:01:22,41899.00,4100,2429600
20221109,10:01:24,41892.50,550,2429600
20221109,10:01:25,41892.20,75,2429600
20221109,10:01:27,41891.00,125,2429600
20221109,10:01:29,41890.30,250,2429600
20221109,10:01:30,41894.20,125,2429600
20221109,10:01:32,41891.20,400,2429600
20221109,10:01:34,41898.30,275,2429600
20221109,10:01:35,41896.20,225,2429600
20221109,10:01:37,41893.75,875,2429600
20221109,10:01:39,41891.75,400,2429600
20221109,10:01:40,41898.65,25,2429600
20221109,10:01:42,41893.15,100,2429600
20221109,10:01:44,41894.50,425,2429600
20221109,10:01:45,41899.00,25,2429600
20221109,10:01:47,41897.50,475,2429600
20221109,10:01:49,41894.50,200,2429600
20221109,10:01:50,41894.05,75,2429600
20221109,10:01:54,41895.20,75,2429600
20221109,10:01:55,41895.55,200,2429600
20221109,10:01:57,41895.25,300,2429600
20221109,10:01:59,41895.35,75,2429600
20221109,10:02:00,41900.00,100,2429600
20221109,10:02:02,41899.65,50,2429600
20221109,10:02:04,41895.20,100,2429600
20221109,10:02:05,41895.20,25,2429600
20221109,10:02:07,41895.20,75,2429600
20221109,10:02:09,41900.50,675,2429600
20221109,10:02:10,41902.75,100,2429600
20221109,10:02:12,41910.00,150,2429600
20221109,10:02:14,41913.10,150,2429600
20221109,10:02:15,41914.10,50,2429600
20221109,10:02:17,41910.65,200,2429600
20221109,10:02:18,41911.60,225,2429600
20221109,10:02:20,41915.65,150,2429600
20221109,10:02:22,41908.05,525,2429600
20221109,10:02:24,41916.20,50,2429600
20221109,10:02:25,41914.40,25,2429600
20221109,10:02:27,41917.05,25,2429600
20221109,10:02:28,41915.20,50,2429600
20221109,10:02:30,41918.80,125,2429600
20221109,10:02:32,41914.90,200,2429600
20221109,10:02:33,41912.15,150,2431950
20221109,10:02:35,41920.00,100,2431950
20221109,10:02:37,41915.20,425,2431950
20221109,10:02:38,41910.20,100,2431950
20221109,10:02:41,41914.00,25,2431950
20221109,10:02:45,41915.70,100,2431950
20221109,10:02:46,41915.00,150,2431950
20221109,10:02:48,41920.10,575,2431950
20221109,10:02:49,41917.90,75,2431950
20221109,10:02:51,41922.65,125,2431950
20221109,10:02:53,41923.20,50,2431950
20221109,10:02:56,41922.00,125,2431950
20221109,10:02:59,41920.20,175,2431950
20221109,10:03:01,41924.40,25,2431950
20221109,10:03:03,41928.10,250,2431950
20221109,10:03:04,41928.70,175,2431950
20221109,10:03:07,41930.00,200,2431950
20221109,10:03:09,41930.00,50,2431950
20221109,10:03:11,41928.70,25,2431950
20221109,10:03:12,41925.70,125,2431950
20221109,10:03:14,41928.70,100,2431950
20221109,10:03:15,41925.20,275,2431950
20221109,10:03:17,41924.40,250,2431950
20221109,10:03:19,41925.20,50,2431950
20221109,10:03:20,41928.70,25,2431950
20221109,10:03:22,41923.25,150,2431950
20221109,10:03:24,41921.80,50,2431950
20221109,10:03:25,41925.20,50,2431950
20221109,10:03:27,41924.00,125,2431950
20221109,10:03:29,41921.10,100,2431950
20221109,10:03:32,41920.00,175,2431950
20221109,10:03:34,41920.00,225,2431950
20221109,10:03:35,41919.95,175,2431950
20221109,10:03:38,41911.25,50,2431950
20221109,10:03:40,41919.90,475,2431950
20221109,10:03:42,41920.00,50,2431950
20221109,10:03:45,41920.00,125,2431950
20221109,10:03:47,41920.00,125,2431950
20221109,10:03:48,41917.95,175,2431950
20221109,10:03:50,41920.00,50,2431950
20221109,10:03:52,41920.20,75,2431950
20221109,10:03:53,41915.20,25,2431950
20221109,10:03:55,41920.00,25,2431950
20221109,10:03:58,41924.45,25,2431950
20221109,10:04:00,41924.55,25,2431950
20221109,10:04:01,41916.80,225,2431950
20221109,10:04:03,41920.00,125,2431950
20221109,10:04:06,41920.00,25,2431950
20221109,10:04:08,41916.90,50,2431950
20221109,10:04:09,41920.00,25,2431950
20221109,10:04:11,41923.75,200,2431950
20221109,10:04:13,41923.45,300,2431950
20221109,10:04:14,41924.40,50,2431950
20221109,10:04:16,41924.40,150,2431950
20221109,10:04:19,41924.40,25,2431950
20221109,10:04:21,41926.40,500,2431950
20221109,10:04:22,41926.50,100,2431950
20221109,10:04:24,41928.00,125,2431950
20221109,10:04:29,41928.70,25,2431950
20221109,10:04:31,41929.95,100,2431950
20221109,10:04:32,41930.55,375,2431950
20221109,10:04:34,41930.30,75,2431950
20221109,10:04:36,41934.50,575,2431950
20221109,10:04:37,41930.00,175,2431950
20221109,10:04:39,41935.15,175,2431950
20221109,10:04:41,41937.00,200,2431950
20221109,10:04:43,41938.00,100,2431950
20221109,10:04:44,41941.60,525,2431950
20221109,10:04:46,41938.05,500,2431950
20221109,10:04:48,41938.65,75,2431950
20221109,10:04:49,41935.20,275,2431950
20221109,10:04:51,41930.75,75,2431950
20221109,10:04:53,41937.10,150,2431950
20221109,10:04:54,41936.15,75,2431950
20221109,10:04:56,41934.95,75,2431950
20221109,10:04:58,41937.15,25,2431950
20221109,10:04:59,41938.65,75,2431950
20221109,10:05:01,41939.20,100,2431950
20221109,10:05:03,41939.10,175,2431950
20221109,10:05:04,41942.00,25,2431950
20221109,10:05:06,41937.20,50,2431950
20221109,10:05:08,41940.35,100,2431950
20221109,10:05:09,41937.15,75,2431950
20221109,10:05:11,41940.20,25,2431950
20221109,10:05:13,41940.95,25,2431950
20221109,10:05:14,41940.00,100,2431950
20221109,10:05:16,41940.00,25,2431950
20221109,10:05:18,41937.55,50,2431950
20221109,10:05:19,41933.90,225,2431950
20221109,10:05:21,41934.25,3650,2431950
20221109,10:05:23,41936.95,450,2431950
20221109,10:05:24,41932.90,200,2431950
20221109,10:05:26,41932.55,25,2431950
20221109,10:05:27,41934.90,175,2431950
20221109,10:05:29,41930.65,100,2431950
20221109,10:05:31,41930.00,225,2431950
20221109,10:05:32,41930.00,25,2431950
20221109,10:05:37,41919.10,250,2441775
20221109,10:05:39,41922.40,25,2441775
20221109,10:05:40,41925.50,675,2441775
20221109,10:05:42,41934.95,75,2441775
20221109,10:05:44,41935.00,125,2441775
20221109,10:05:45,41929.00,200,2441775
20221109,10:05:47,41930.00,50,2441775
20221109,10:05:48,41930.00,175,2441775
20221109,10:05:50,41931.20,550,2441775
20221109,10:05:52,41932.90,50,2441775
20221109,10:05:53,41932.50,25,2441775
20221109,10:05:55,41932.40,50,2441775
20221109,10:05:57,41935.00,75,2441775
20221109,10:05:58,41933.10,200,2441775
20221109,10:06:00,41932.40,50,2441775
20221109,10:06:01,41935.40,125,2441775
20221109,10:06:03,41935.25,50,2441775
20221109,10:06:05,41935.80,50,2441775
20221109,10:06:06,41939.65,50,2441775
20221109,10:06:08,41935.00,50,2441775
20221109,10:06:10,41935.00,100,2441775
20221109,10:06:11,41935.00,25,2441775
20221109,10:06:13,41937.20,125,2441775
20221109,10:06:14,41940.00,25,2441775
20221109,10:06:16,41938.80,50,2441775
20221109,10:06:19,41935.00,25,2441775
20221109,10:06:21,41938.30,75,2441775
20221109,10:06:22,41935.65,50,2441775
20221109,10:06:24,41939.25,75,2441775
20221109,10:06:26,41940.00,25,2441775
20221109,10:06:29,41940.95,100,2441775
20221109,10:06:32,41937.55,50,2441775
20221109,10:06:34,41940.85,125,2441775
20221109,10:06:36,41948.55,250,2441775
20221109,10:06:37,41961.00,3875,2441775
20221109,10:06:39,41956.95,200,2441775
20221109,10:06:41,41960.60,275,2441775
20221109,10:06:42,41950.00,125,2441775
20221109,10:06:44,41955.20,250,2441775
20221109,10:06:46,41952.65,50,2441775
20221109,10:06:47,41955.20,25,2441775
20221109,10:06:49,41953.55,25,2441775
20221109,10:06:57,41952.95,125,2441775
20221109,10:06:59,41948.25,50,2441775
20221109,10:07:02,41949.95,50,2441775
20221109,10:07:06,41953.60,150,2441775
20221109,10:07:07,41954.30,300,2441775
20221109,10:07:09,41955.00,50,2441775
20221109,10:07:11,41948.00,400,2441775
20221109,10:07:14,41949.10,25,2441775
20221109,10:07:16,41950.75,200,2441775
20221109,10:07:17,41946.75,50,2441775
20221109,10:07:19,41950.00,25,2441775
20221109,10:07:22,41950.00,25,2441775
20221109,10:07:24,41950.05,25,2441775
20221109,10:07:25,41949.85,975,2441775
20221109,10:07:27,41946.25,75,2441775
20221109,10:07:30,41948.30,25,2441775
20221109,10:07:32,41949.10,25,2441775
20221109,10:07:35,41945.65,100,2441775
20221109,10:07:40,41949.10,25,2441775
20221109,10:07:48,41945.65,50,2441775
20221109,10:07:53,41945.65,200,2441775
20221109,10:07:55,41949.10,25,2441775
20221109,10:07:56,41949.85,325,2441775
20221109,10:07:58,41953.40,675,2441775
20221109,10:08:00,41949.15,75,2441775
20221109,10:08:01,41950.35,75,2441775
20221109,10:08:03,41947.15,50,2441775
20221109,10:08:05,41946.05,25,2441775
20221109,10:08:06,41951.35,50,2441775
20221109,10:08:10,41950.00,25,2441775
20221109,10:08:11,41951.95,50,2441775
20221109,10:08:13,41952.60,25,2441775
20221109,10:08:16,41952.15,325,2441775
20221109,10:08:18,41951.80,125,2441775
20221109,10:08:19,41947.95,125,2441775
20221109,10:08:21,41945.85,425,2441775
20221109,10:08:24,41950.60,200,2441775
20221109,10:08:26,41947.70,75,2441775
20221109,10:08:27,41944.80,25,2441775
20221109,10:08:29,41944.85,25,2441775
20221109,10:08:31,41947.05,50,2441775
20221109,10:08:32,41945.80,75,2441775
20221109,10:08:36,41935.90,275,2446175
20221109,10:08:37,41934.65,50,2446175
20221109,10:08:39,41934.05,125,2446175
20221109,10:08:41,41930.10,125,2446175
20221109,10:08:42,41940.10,25,2446175
20221109,10:08:44,41940.25,50,2446175
20221109,10:08:46,41935.00,25,2446175
20221109,10:08:49,41935.00,975,2446175
20221109,10:08:51,41934.70,50,2446175
20221109,10:08:52,41930.15,150,2446175
20221109,10:08:54,41935.95,25,2446175
20221109,10:08:56,41934.25,25,2446175
20221109,10:08:59,41931.80,25,2446175
20221109,10:09:01,41934.10,25,2446175
20221109,10:09:03,41934.95,350,2446175
20221109,10:09:04,41934.45,150,2446175
20221109,10:09:06,41927.20,1900,2446175
20221109,10:09:08,41931.90,100,2446175
20221109,10:09:09,41925.55,100,2446175
20221109,10:09:11,41928.50,150,2446175
20221109,10:09:12,41928.00,25,2446175
20221109,10:09:14,41929.15,125,2446175
20221109,10:09:16,41922.45,50,2446175
20221109,10:09:19,41922.35,50,2446175
20221109,10:09:21,41922.45,50,2446175
20221109,10:09:22,41926.65,300,2446175
20221109,10:09:24,41930.85,125,2446175
20221109,10:09:25,41928.00,150,2446175
20221109,10:09:27,41927.10,75,2446175
20221109,10:09:29,41926.80,25,2446175
20221109,10:09:30,41927.80,2350,2446175
20221109,10:09:32,41929.50,25,2446175
20221109,10:09:34,41928.35,1675,2446175
20221109,10:09:35,41926.80,100,2446175
20221109,10:09:37,41921.10,150,2446175
20221109,10:09:39,41926.05,25,2446175
20221109,10:09:40,41926.90,175,2446175
20221109,10:09:42,41920.00,300,2446175
20221109,10:09:44,41912.85,350,2446175
20221109,10:09:45,41918.60,100,2446175
20221109,10:09:47,41920.00,325,2446175
20221109,10:09:48,41920.85,125,2446175
20221109,10:09:50,41928.05,350,2446175
20221109,10:09:52,41927.40,125,2446175
20221109,10:09:53,41919.60,250,2446175
20221109,10:09:55,41927.95,25,2446175
20221109,10:09:57,41925.95,100,2446175
20221109,10:09:58,41926.40,125,2446175
20221109,10:10:00,41923.80,275,2446175
20221109,10:10:02,41925.95,200,2446175
20221109,10:10:03,41925.80,225,2446175
20221109,10:10:05,41918.45,250,2446175
20221109,10:10:06,41919.25,150,2446175
20221109,10:10:08,41923.45,125,2446175
20221109,10:10:10,41927.65,75,2446175
20221109,10:10:11,41926.25,100,2446175
20221109,10:10:13,41921.75,150,2446175
20221109,10:10:15,41925.95,100,2446175
20221109,10:10:16,41925.50,50,2446175
20221109,10:10:18,41925.05,200,2446175
20221109,10:10:19,41928.35,125,2446175
20221109,10:10:21,41927.65,100,2446175
20221109,10:10:23,41930.00,25,2446175
20221109,10:10:24,41925.50,75,2446175
20221109,10:10:26,41921.40,50,2446175
20221109,10:10:29,41924.95,25,2446175
20221109,10:10:31,41920.30,50,2446175
20221109,10:10:33,41922.35,25,2446175
20221109,10:10:34,41920.35,75,2446175
20221109,10:10:36,41920.50,75,2446175
20221109,10:10:38,41919.55,75,2446175
20221109,10:10:41,41917.70,100,2446175
20221109,10:10:43,41915.00,475,2446175
20221109,10:10:44,41912.70,200,2446175
20221109,10:10:46,41915.00,50,2446175
20221109,10:10:48,41918.05,1800,2446175
20221109,10:10:51,41912.00,25,2446175
20221109,10:10:53,41912.70,25,2446175
20221109,10:10:54,41914.25,50,2446175
20221109,10:10:56,41910.05,500,2446175
20221109,10:10:58,41916.15,75,2446175
20221109,10:10:59,41910.00,125,2446175
20221109,10:11:01,41909.85,225,2446175
20221109,10:11:03,41910.80,25,2446175
20221109,10:11:06,41910.00,75,2446175
20221109,10:11:08,41910.00,275,2446175
20221109,10:11:09,41906.95,75,2446175
20221109,10:11:11,41910.00,150,2446175
20221109,10:11:13,41911.55,225,2446175
20221109,10:11:15,41911.85,225,2446175
20221109,10:11:16,41915.00,850,2446175
20221109,10:11:18,41915.00,25,2446175
20221109,10:11:19,41913.80,50,2446175
20221109,10:11:21,41914.20,75,2446175
20221109,10:11:24,41915.00,175,2446175
20221109,10:11:28,41918.05,275,2446175
20221109,10:11:29,41923.75,75,2446175
20221109,10:11:31,41921.15,25,2446175
20221109,10:11:34,41920.00,25,2446175
20221109,10:11:36,41923.80,25,2444700
20221109,10:11:38,41920.00,225,2444700
20221109,10:11:39,41916.35,150,2444700
20221109,10:11:41,41914.80,100,2444700
20221109,10:11:43,41919.65,150,2444700
20221109,10:11:44,41921.95,50,2444700
20221109,10:11:46,41920.45,150,2444700
20221109,10:11:48,41919.85,100,2444700
20221109,10:11:49,41926.90,175,2444700
20221109,10:11:51,41923.65,50,2444700
20221109,10:11:53,41917.55,25,2444700
20221109,10:11:54,41918.25,75,2444700
20221109,10:11:56,41928.30,50,2444700
20221109,10:11:59,41921.45,150,2444700
20221109,10:12:03,41925.65,75,2444700
20221109,10:12:04,41925.45,275,2444700
20221109,10:12:06,41923.00,25,2444700
20221109,10:12:08,41921.60,25,2444700
20221109,10:12:09,41920.05,100,2444700
20221109,10:12:11,41920.80,50,2444700
20221109,10:12:14,41925.00,25,2444700
20221109,10:12:18,41921.95,50,2444700
20221109,10:12:19,41924.20,50,2444700
20221109,10:12:21,41926.15,25,2444700
20221109,10:12:23,41922.00,100,2444700
20221109,10:12:24,41921.95,25,2444700
20221109,10:12:26,41927.75,100,2444700
20221109,10:12:28,41929.00,50,2444700
20221109,10:12:31,41923.20,50,2444700
20221109,10:12:33,41930.00,100,2444700
20221109,10:12:34,41928.35,50,2444700
20221109,10:12:36,41931.10,50,2444700
20221109,10:12:39,41928.55,100,2444700
20221109,10:12:41,41933.80,350,2444700
20221109,10:12:42,41927.35,50,2444700
20221109,10:12:44,41931.00,25,2444700
20221109,10:12:46,41927.05,50,2444700
20221109,10:12:49,41931.00,25,2444700
20221109,10:12:51,41927.70,125,2444700
20221109,10:12:52,41925.45,50,2444700
20221109,10:12:54,41920.70,25,2444700
20221109,10:12:56,41926.20,75,2444700
20221109,10:12:57,41929.35,100,2444700
20221109,10:12:59,41930.85,50,2444700
20221109,10:13:01,41930.35,25,2444700
20221109,10:13:02,41926.25,100,2444700
20221109,10:13:04,41922.05,25,2444700
20221109,10:13:06,41920.00,50,2444700
20221109,10:13:07,41922.05,25,2444700
20221109,10:13:09,41920.00,125,2444700
20221109,10:13:11,41920.00,25,2444700
20221109,10:13:12,41925.15,50,2444700
20221109,10:13:14,41923.10,25,2444700
20221109,10:13:16,41924.55,125,2444700
20221109,10:13:17,41913.85,100,2444700
20221109,10:13:19,41921.15,25,2444700
20221109,10:13:24,41919.65,50,2444700
20221109,10:13:26,41924.65,2575,2444700
20221109,10:13:27,41916.60,925,2444700
20221109,10:13:34,41920.00,25,2444700
20221109,10:13:36,41917.60,25,2444700
20221109,10:13:39,41920.00,25,2444700
20221109,10:13:42,41920.00,100,2444700
20221109,10:13:44,41917.65,25,2444700
20221109,10:13:45,41918.95,50,2444700
20221109,10:13:47,41920.00,25,2444700
20221109,10:13:49,41925.00,75,2444700
20221109,10:13:50,41925.00,25,2444700
20221109,10:13:52,41925.00,225,2444700
20221109,10:13:54,41925.60,175,2444700
20221109,10:13:55,41922.35,50,2444700
20221109,10:13:57,41928.30,25,2444700
20221109,10:14:00,41928.80,25,2444700
20221109,10:14:02,41929.00,25,2444700
20221109,10:14:04,41924.85,125,2444700
20221109,10:14:05,41929.00,25,2444700
20221109,10:14:08,41922.60,50,2444700
20221109,10:14:10,41928.25,25,2444700
20221109,10:14:12,41925.00,75,2444700
20221109,10:14:13,41929.00,75,2444700
20221109,10:14:15,41924.50,75,2444700
20221109,10:14:16,41920.25,75,2444700
20221109,10:14:18,41928.70,75,2444700
20221109,10:14:21,41925.55,50,2444700
20221109,10:14:23,41923.50,250,2444700
20221109,10:14:25,41930.00,150,2444700
20221109,10:14:26,41930.85,50,2444700
20221109,10:14:28,41925.95,100,2444700
20221109,10:14:30,41928.90,225,2444700
20221109,10:14:31,41920.05,175,2444700
20221109,10:14:33,41923.30,50,2444700
20221109,10:14:35,41925.30,25,2444700
20221109,10:14:36,41920.00,100,2448250
20221109,10:14:38,41920.35,25,2448250
20221109,10:14:39,41927.75,25,2448250
20221109,10:14:42,41926.70,25,2448250
20221109,10:14:44,41922.90,100,2448250
20221109,10:14:46,41924.30,125,2448250
20221109,10:14:49,41923.50,50,2448250
20221109,10:14:52,41919.80,50,2448250
20221109,10:14:55,41923.00,75,2448250
20221109,10:15:00,41927.65,350,2448250
20221109,10:15:02,41920.75,200,2448250
20221109,10:15:04,41924.35,175,2448250
20221109,10:15:07,41926.10,475,2448250
20221109,10:15:09,41926.30,75,2448250
20221109,10:15:10,41928.35,150,2448250
20221109,10:15:12,41940.00,300,2448250
20221109,10:15:14,41932.90,250,2448250
20221109,10:15:15,41930.40,125,2448250
20221109,10:15:17,41930.00,75,2448250
20221109,10:15:18,41930.40,75,2448250
20221109,10:15:23,41933.40,50,2448250
20221109,10:15:28,41933.40,25,2448250
20221109,10:15:30,41933.40,150,2448250
20221109,10:15:32,41930.45,25,2448250
20221109,10:15:33,41930.40,50,2448250
20221109,10:15:35,41934.90,125,2448250
20221109,10:15:36,41933.40,50,2448250
20221109,10:15:38,41930.60,50,2448250
20221109,10:15:40,41933.40,25,2448250
20221109,10:15:46,41939.60,50,2448250
20221109,10:15:48,41934.30,25,2448250
20221109,10:15:49,41937.55,75,2448250
20221109,10:15:51,41933.00,75,2448250
20221109,10:15:56,41933.40,75,2448250
20221109,10:15:59,41938.15,125,2448250
20221109,10:16:01,41940.00,25,2448250
20221109,10:16:02,41940.00,50,2448250
20221109,10:16:06,41938.60,50,2448250
20221109,10:16:07,41935.85,50,2448250
20221109,10:16:09,41935.85,50,2448250
20221109,10:16:11,41935.85,75,2448250
20221109,10:16:14,41937.15,25,2448250
20221109,10:16:16,41930.00,450,2448250
20221109,10:16:17,41932.80,150,2448250
20221109,10:16:19,41928.70,425,2448250
20221109,10:16:20,41930.85,50,2448250
20221109,10:16:22,41924.40,50,2448250
20221109,10:16:24,41930.00,50,2448250
20221109,10:16:30,41935.00,175,2448250
20221109,10:16:32,41934.70,50,2448250
20221109,10:16:35,41930.50,75,2448250
20221109,10:16:37,41930.50,75,2448250
20221109,10:16:38,41930.65,50,2448250
20221109,10:16:40,41925.25,100,2448250
20221109,10:16:42,41924.95,25,2448250
20221109,10:16:43,41924.35,125,2448250
20221109,10:16:45,41930.15,75,2448250
20221109,10:16:46,41923.35,25,2448250
20221109,10:16:48,41931.05,25,2448250
20221109,10:16:51,41925.00,50,2448250
20221109,10:16:53,41925.15,25,2448250
20221109,10:16:54,41925.60,25,2448250
20221109,10:16:56,41921.05,25,2448250
20221109,10:16:58,41924.70,25,2448250
20221109,10:16:59,41923.65,25,2448250
20221109,10:17:01,41922.40,150,2448250
20221109,10:17:04,41924.35,25,2448250
20221109,10:17:06,41920.00,250,2448250
20221109,10:17:07,41921.00,500,2448250
20221109,10:17:09,41922.75,25,2448250
20221109,10:17:11,41917.95,325,2448250
20221109,10:17:12,41913.65,25,2448250
20221109,10:17:14,41915.00,75,2448250
20221109,10:17:16,41915.00,100,2448250
20221109,10:17:17,41914.20,125,2448250
20221109,10:17:19,41915.05,25,2448250
20221109,10:17:22,41913.40,25,2448250
20221109,10:17:24,41921.65,1275,2448250
20221109,10:17:25,41915.90,25,2448250
20221109,10:17:27,41913.30,575,2448250
20221109,10:17:29,41913.65,125,2448250
20221109,10:17:30,41910.30,75,2448250
20221109,10:17:32,41914.00,50,2448250
20221109,10:17:34,41917.25,225,2448250
20221109,10:17:35,41913.75,25,2449525
20221109,10:17:37,41913.30,75,2449525
20221109,10:17:39,41915.20,50,2449525
20221109,10:17:40,41919.40,50,2449525
20221109,10:17:44,41920.00,50,2449525
20221109,10:17:45,41920.05,25,2449525
20221109,10:17:47,41919.35,225,2449525
20221109,10:17:49,41919.05,25,2449525
20221109,10:17:50,41913.05,50,2449525
20221109,10:17:55,41915.95,200,2449525
20221109,10:17:57,41919.10,25,2449525
20221109,10:17:59,41912.70,25,2449525
20221109,10:18:02,41911.00,75,2449525
20221109,10:18:04,41910.00,325,2449525
20221109,10:18:05,41908.65,100,2449525
20221109,10:18:07,41910.05,75,2449525
20221109,10:18:09,41908.35,50,2449525
20221109,10:18:10,41908.05,50,2449525
20221109,10:18:14,41908.75,100,2449525
20221109,10:18:15,41907.45,100,2449525
20221109,10:18:17,41910.50,275,2449525
20221109,10:18:19,41912.00,25,2449525
20221109,10:18:20,41914.25,75,2449525
20221109,10:18:22,41914.05,100,2449525
20221109,10:18:24,41917.25,25,2449525
20221109,10:18:28,41912.70,25,2449525
20221109,10:18:30,41915.80,50,2449525
20221109,10:18:33,41915.60,125,2449525
20221109,10:18:35,41916.10,75,2449525
20221109,10:18:38,41915.05,250,2449525
20221109,10:18:40,41913.55,125,2449525
20221109,10:18:41,41911.35,25,2449525
20221109,10:18:45,41916.50,25,2449525
20221109,10:18:46,41917.80,50,2449525
20221109,10:18:48,41912.70,25,2449525
20221109,10:18:50,41913.50,25,2449525
20221109,10:18:56,41912.30,50,2449525
20221109,10:18:59,41916.50,125,2449525
20221109,10:19:01,41914.10,50,2449525
20221109,10:19:03,41913.05,125,2449525
20221109,10:19:04,41918.95,50,2449525
20221109,10:19:06,41919.00,125,2449525
20221109,10:19:08,41917.25,150,2449525
20221109,10:19:09,41921.45,125,2449525
20221109,10:19:11,41923.00,200,2449525
20221109,10:19:13,41917.25,100,2449525
20221109,10:19:14,41925.00,150,2449525
20221109,10:19:16,41925.00,50,2449525
20221109,10:19:18,41923.10,25,2449525
20221109,10:19:21,41923.75,100,2449525
20221109,10:19:24,41930.00,125,2449525
20221109,10:19:27,41927.85,25,2449525
20221109,10:19:29,41931.70,75,2449525
20221109,10:19:31,41932.95,100,2449525
20221109,10:19:32,41932.75,150,2449525
20221109,10:19:34,41933.55,25,2449525
20221109,10:19:35,41930.40,75,2449525
20221109,10:19:37,41930.75,75,2449525
20221109,10:19:38,41929.35,125,2449525
20221109,10:19:40,41927.05,200,2449525
20221109,10:19:42,41925.00,75,2449525
20221109,10:19:43,41925.10,25,2449525
20221109,10:19:46,41920.70,50,2449525
20221109,10:19:48,41920.30,50,2449525
20221109,10:19:51,41920.00,50,2449525
20221109,10:19:56,41920.65,50,2449525
20221109,10:19:58,41916.05,150,2449525
20221109,10:20:00,41923.10,75,2449525
20221109,10:20:01,41916.10,50,2449525
20221109,10:20:03,41920.00,25,2449525
20221109,10:20:05,41923.30,350,2449525
20221109,10:20:06,41920.35,75,2449525
20221109,10:20:08,41930.10,125,2449525
20221109,10:20:13,41927.05,125,2449525
20221109,10:20:14,41926.40,225,2449525
20221109,10:20:16,41931.50,900,2449525
20221109,10:20:18,41929.95,50,2449525
20221109,10:20:19,41931.85,50,2449525
20221109,10:20:21,41925.05,125,2449525
20221109,10:20:24,41927.50,125,2449525
20221109,10:20:26,41924.65,125,2449525
20221109,10:20:28,41923.55,50,2449525
20221109,10:20:29,41920.40,25,2449525
20221109,10:20:32,41920.45,75,2449525
20221109,10:20:34,41920.05,75,2449525
20221109,10:20:36,41924.35,500,2451725
20221109,10:20:39,41920.05,50,2451725
20221109,10:20:42,41916.70,200,2451725
20221109,10:20:44,41923.45,875,2451725
20221109,10:20:46,41923.15,25,2451725
20221109,10:20:49,41916.60,125,2451725
20221109,10:20:51,41916.60,50,2451725
20221109,10:20:55,41916.60,50,2451725
20221109,10:20:57,41917.25,425,2451725
20221109,10:20:59,41917.90,50,2451725
20221109,10:21:00,41922.20,100,2451725
20221109,10:21:04,41922.20,275,2451725
20221109,10:21:05,41922.20,50,2451725
20221109,10:21:07,41925.10,25,2451725
20221109,10:21:09,41920.45,25,2451725
20221109,10:21:10,41930.00,150,2451725
20221109,10:21:12,41930.00,325,2451725
20221109,10:21:13,41926.00,50,2451725
20221109,10:21:15,41927.30,50,2451725
20221109,10:21:17,41923.25,75,2451725
20221109,10:21:20,41930.00,200,2451725
20221109,10:21:22,41925.75,150,2451725
20221109,10:21:23,41928.70,50,2451725
20221109,10:21:25,41926.10,25,2451725
20221109,10:21:28,41926.00,50,2451725
20221109,10:21:30,41923.60,25,2451725
20221109,10:21:31,41926.00,375,2451725
20221109,10:21:33,41925.45,75,2451725
20221109,10:21:34,41925.00,25,2451725
20221109,10:21:36,41925.50,50,2451725
20221109,10:21:39,41931.85,250,2451725
20221109,10:21:41,41934.35,50,2451725
20221109,10:21:42,41935.70,75,2451725
20221109,10:21:44,41935.90,50,2451725
20221109,10:21:47,41937.45,25,2451725
20221109,10:21:49,41934.45,150,2451725
20221109,10:21:50,41934.00,75,2451725
20221109,10:21:54,41931.55,75,2451725
20221109,10:21:55,41933.95,50,2451725
20221109,10:21:57,41933.95,75,2451725
20221109,10:22:00,41931.55,25,2451725
20221109,10:22:01,41938.60,100,2451725
20221109,10:22:03,41938.60,25,2451725
20221109,10:22:04,41938.60,25,2451725
20221109,10:22:06,41940.00,50,2451725
20221109,10:22:07,41940.00,25,2451725
20221109,10:22:09,41936.75,150,2451725
20221109,10:22:10,41933.30,100,2451725
20221109,10:22:12,41934.00,50,2451725
20221109,10:22:14,41933.25,75,2451725
20221109,10:22:18,41935.20,50,2451725
20221109,10:22:20,41935.20,25,2451725
20221109,10:22:22,41931.05,100,2451725
20221109,10:22:23,41936.10,100,2451725
20221109,10:22:25,41934.95,50,2451725
20221109,10:22:26,41933.70,50,2451725
20221109,10:22:28,41935.00,50,2451725
20221109,10:22:30,41935.50,25,2451725
20221109,10:22:31,41932.95,175,2451725
20221109,10:22:33,41936.15,50,2451725
20221109,10:22:34,41930.35,50,2451725
20221109,10:22:36,41935.90,125,2451725
20221109,10:22:38,41932.70,200,2451725
20221109,10:22:39,41932.35,50,2451725
20221109,10:22:41,41930.05,75,2451725
20221109,10:22:43,41932.30,100,2451725
20221109,10:22:44,41933.50,25,2451725
20221109,10:22:46,41934.00,100,2451725
20221109,10:22:47,41935.80,25,2451725
20221109,10:22:51,41931.10,75,2451725
20221109,10:22:54,41934.05,75,2451725
20221109,10:22:55,41934.00,25,2451725
20221109,10:22:57,41932.45,125,2451725
20221109,10:22:59,41931.65,350,2451725
20221109,10:23:00,41931.60,125,2451725
20221109,10:23:02,41928.00,75,2451725
20221109,10:23:04,41924.55,150,2451725
20221109,10:23:05,41920.35,50,2451725
20221109,10:23:07,41920.30,25,2451725
20221109,10:23:09,41922.25,50,2451725
20221109,10:23:10,41930.85,125,2451725
20221109,10:23:12,41927.10,25,2451725
20221109,10:23:14,41931.60,100,2451725
20221109,10:23:15,41934.00,50,2451725
20221109,10:23:17,41933.60,75,2451725
20221109,10:23:19,41935.00,175,2451725
20221109,10:23:20,41930.60,75,2451725
20221109,10:23:22,41937.65,1100,2451725
20221109,10:23:23,41933.70,25,2451725
20221109,10:23:25,41934.55,50,2451725
20221109,10:23:27,41933.25,75,2451725
20221109,10:23:28,41933.70,50,2451725
20221109,10:23:30,41933.70,25,2451725
20221109,10:23:32,41931.85,100,2451725
20221109,10:23:33,41929.85,75,2451725
20221109,10:23:35,41931.10,75,2451725
20221109,10:23:37,41925.65,25,2456025
20221109,10:23:38,41926.60,100,2456025
20221109,10:23:40,41927.75,100,2456025
20221109,10:23:43,41928.10,25,2456025
20221109,10:23:46,41933.70,25,2456025
20221109,10:23:48,41934.65,50,2456025
20221109,10:23:49,41934.80,50,2456025
20221109,10:23:51,41936.30,75,2456025
20221109,10:23:53,41935.00,75,2456025
20221109,10:23:54,41932.50,25,2456025
20221109,10:23:56,41935.70,50,2456025
20221109,10:23:57,41935.00,75,2456025
20221109,10:23:59,41935.00,175,2456025
20221109,10:24:01,41935.00,100,2456025
20221109,10:24:02,41935.00,100,2456025
20221109,10:24:04,41933.60,325,2456025
20221109,10:24:06,41934.20,200,2456025
20221109,10:24:07,41933.65,600,2456025
20221109,10:24:09,41933.60,475,2456025
20221109,10:24:11,41934.90,375,2456025
20221109,10:24:12,41937.35,175,2456025
20221109,10:24:14,41937.60,25,2456025
20221109,10:24:15,41931.40,25,2456025
20221109,10:24:17,41933.65,50,2456025
20221109,10:24:19,41933.25,75,2456025
20221109,10:24:20,41934.10,100,2456025
20221109,10:24:22,41938.30,175,2456025
20221109,10:24:24,41940.00,200,2456025
20221109,10:24:25,41938.25,150,2456025
20221109,10:24:27,41936.70,100,2456025
20221109,10:24:29,41935.10,75,2456025
20221109,10:24:32,41937.35,75,2456025
20221109,10:24:33,41935.15,325,2456025
20221109,10:24:35,41933.65,400,2456025
20221109,10:24:37,41934.80,50,2456025
20221109,10:24:38,41934.85,125,2456025
20221109,10:24:41,41929.95,400,2456025
20221109,10:24:43,41935.55,75,2456025
20221109,10:24:45,41933.45,75,2456025
20221109,10:24:46,41930.85,75,2456025
20221109,10:24:48,41930.85,50,2456025
20221109,10:24:58,41930.85,75,2456025
20221109,10:24:59,41933.25,75,2456025
20221109,10:25:01,41935.00,50,2456025
20221109,10:25:03,41932.50,200,2456025
20221109,10:25:04,41927.10,200,2456025
20221109,10:25:06,41930.85,50,2456025
20221109,10:25:07,41928.15,25,2456025
20221109,10:25:09,41930.00,75,2456025
20221109,10:25:12,41930.00,50,2456025
20221109,10:25:14,41930.85,50,2456025
20221109,10:25:15,41935.45,50,2456025
20221109,10:25:17,41935.45,25,2456025
20221109,10:25:19,41933.55,125,2456025
20221109,10:25:20,41935.15,225,2456025
20221109,10:25:22,41938.00,25,2456025
20221109,10:25:24,41939.50,75,2456025
20221109,10:25:25,41940.00,75,2456025
20221109,10:25:27,41940.00,50,2456025
20221109,10:25:28,41934.95,125,2456025
20221109,10:25:32,41938.30,50,2456025
20221109,10:25:35,41935.05,75,2456025
20221109,10:25:36,41933.45,375,2456025
20221109,10:25:38,41933.30,50,2456025
20221109,10:25:40,41930.05,50,2456025
20221109,10:25:41,41934.75,25,2456025
20221109,10:25:43,41933.10,50,2456025
20221109,10:25:45,41929.60,75,2456025
20221109,10:25:46,41927.30,25,2456025
20221109,10:25:48,41930.00,75,2456025
20221109,10:25:49,41926.05,50,2456025
20221109,10:25:51,41928.45,25,2456025
20221109,10:25:53,41929.85,25,2456025
20221109,10:25:54,41926.15,150,2456025
20221109,10:25:56,41925.00,100,2456025
20221109,10:25:58,41930.40,100,2456025
20221109,10:26:03,41926.05,75,2456025
20221109,10:26:04,41929.30,25,2456025
20221109,10:26:06,41926.10,75,2456025
20221109,10:26:09,41926.35,50,2456025
20221109,10:26:11,41926.05,50,2456025
20221109,10:26:13,41930.00,100,2456025
20221109,10:26:16,41926.60,50,2456025
20221109,10:26:18,41930.00,25,2456025
20221109,10:26:19,41932.80,100,2456025
20221109,10:26:22,41930.00,50,2456025
20221109,10:26:24,41930.00,50,2456025
20221109,10:26:26,41932.60,150,2456025
20221109,10:26:27,41928.25,75,2456025
20221109,10:26:32,41932.00,25,2456025
20221109,10:26:34,41929.45,100,2456025
20221109,10:26:35,41932.10,25,2456025
20221109,10:26:39,41930.00,100,2460450
20221109,10:26:40,41934.90,75,2460450
20221109,10:26:42,41934.25,125,2460450
20221109,10:26:44,41930.20,275,2460450
20221109,10:26:45,41934.75,25,2460450
20221109,10:26:47,41933.85,150,2460450
20221109,10:26:48,41935.20,50,2460450
20221109,10:26:50,41935.35,50,2460450
20221109,10:26:52,41933.85,225,2460450
20221109,10:26:53,41933.85,25,2460450
20221109,10:26:55,41937.70,75,2460450
20221109,10:26:56,41935.75,25,2460450
20221109,10:26:58,41938.00,50,2460450
20221109,10:27:00,41930.70,1275,2460450
20221109,10:27:01,41930.40,100,2460450
20221109,10:27:03,41926.20,125,2460450
20221109,10:27:08,41934.30,900,2460450
20221109,10:27:11,41934.60,50,2460450
20221109,10:27:13,41934.80,25,2460450
20221109,10:27:15,41933.15,25,2460450
20221109,10:27:18,41934.30,25,2460450
20221109,10:27:19,41931.65,50,2460450
20221109,10:27:21,41931.60,25,2460450
20221109,10:27:22,41937.20,225,2460450
20221109,10:27:24,41932.40,25,2460450
20221109,10:27:26,41936.85,25,2460450
20221109,10:27:27,41936.80,25,2460450
20221109,10:27:29,41937.00,25,2460450
20221109,10:27:32,41938.00,100,2460450
20221109,10:27:36,41936.00,100,2460450
20221109,10:27:37,41934.30,50,2460450
20221109,10:27:39,41937.50,125,2460450
20221109,10:27:40,41938.25,25,2460450
20221109,10:27:42,41938.10,75,2460450
20221109,10:27:45,41937.15,75,2460450
20221109,10:27:47,41938.35,25,2460450
20221109,10:27:49,41937.90,75,2460450
20221109,10:27:50,41932.05,100,2460450
20221109,10:27:52,41932.00,50,2460450
20221109,10:27:53,41934.20,125,2460450
20221109,10:27:55,41931.05,125,2460450
20221109,10:27:57,41934.45,25,2460450
20221109,10:27:58,41934.45,100,2460450
20221109,10:28:02,41938.00,75,2460450
20221109,10:28:05,41938.00,175,2460450
20221109,10:28:06,41939.55,50,2460450
20221109,10:28:08,41937.35,125,2460450
20221109,10:28:09,41936.70,50,2460450
20221109,10:28:11,41940.00,125,2460450
20221109,10:28:13,41939.55,100,2460450
20221109,10:28:14,41938.55,125,2460450
20221109,10:28:16,41931.65,300,2460450
20221109,10:28:18,41934.85,25,2460450
20221109,10:28:22,41932.60,50,2460450
20221109,10:28:24,41936.80,125,2460450
20221109,10:28:26,41937.75,175,2460450
20221109,10:28:27,41939.35,625,2460450
20221109,10:28:29,41939.55,150,2460450
20221109,10:28:31,41940.05,400,2460450
20221109,10:28:32,41941.95,150,2460450
20221109,10:28:34,41941.35,100,2460450
20221109,10:28:37,41942.15,25,2460450
20221109,10:28:39,41945.50,225,2460450
20221109,10:28:41,41945.05,250,2460450
20221109,10:28:42,41951.50,1550,2460450
20221109,10:28:44,41951.70,125,2460450
20221109,10:28:46,41951.45,950,2460450
20221109,10:28:48,41951.90,325,2460450
20221109,10:28:49,41954.25,100,2460450
20221109,10:28:51,41952.35,750,2460450
20221109,10:28:53,41954.05,150,2460450
20221109,10:28:54,41956.05,350,2460450
20221109,10:28:56,41956.35,25,2460450
20221109,10:28:57,41956.35,725,2460450
20221109,10:28:59,41962.25,2200,2460450
20221109,10:29:01,41961.65,225,2460450
20221109,10:29:02,41961.65,325,2460450
20221109,10:29:04,41958.40,50,2460450
20221109,10:29:06,41960.25,325,2460450
20221109,10:29:07,41956.30,225,2460450
20221109,10:29:09,41958.05,175,2460450
20221109,10:29:11,41955.75,200,2460450
20221109,10:29:12,41951.70,300,2460450
20221109,10:29:14,41954.50,25,2460450
20221109,10:29:16,41952.60,525,2460450
20221109,10:29:17,41956.60,150,2460450
20221109,10:29:19,41957.65,500,2460450
20221109,10:29:20,41957.65,250,2460450
20221109,10:29:22,41956.60,50,2460450
20221109,10:29:24,41958.05,25,2460450
20221109,10:29:25,41961.60,275,2460450
20221109,10:29:27,41961.00,50,2460450
20221109,10:29:29,41960.00,325,2460450
20221109,10:29:30,41960.00,200,2460450
20221109,10:29:32,41958.65,125,2460450
20221109,10:29:34,41959.25,75,2460450
20221109,10:29:35,41958.45,100,2460450
