20221109,09:15:01,42184.05,1,344025
20221109,09:15:01,42186.55,1,344025
20221109,09:15:01,42179.55,175,344025
20221109,09:15:02,42179.50,75,344025
20221109,09:15:06,42164.00,25,344025
20221109,09:15:07,42155.10,200,344025
20221109,09:15:08,42155.10,75,344025
20221109,09:15:10,42143.90,325,344025
20221109,09:15:11,42130.50,250,344025
20221109,09:15:13,42112.00,150,344025
20221109,09:15:14,42109.45,125,344025
20221109,09:15:15,42127.05,250,344025
20221109,09:15:17,42128.75,25,344025
20221109,09:15:18,42136.50,125,344025
20221109,09:15:21,42136.60,50,344025
20221109,09:15:23,42126.25,25,344025
20221109,09:15:24,42126.80,100,344025
20221109,09:15:26,42136.50,75,344025
20221109,09:15:27,42148.50,125,344025
20221109,09:15:29,42118.55,400,344025
20221109,09:15:30,42122.50,100,344025
20221109,09:15:32,42134.15,50,344025
20221109,09:15:36,42136.05,100,344025
20221109,09:15:38,42142.15,25,344025
20221109,09:15:39,42143.45,125,344025
20221109,09:15:41,42134.90,25,344025
20221109,09:15:42,42134.15,25,344025
20221109,09:15:45,42125.00,25,344025
20221109,09:15:47,42125.15,175,344025
20221109,09:15:53,42102.10,100,344025
20221109,09:15:55,42102.05,25,344025
20221109,09:15:56,42100.05,50,344025
20221109,09:15:58,42100.00,125,344025
20221109,09:15:59,42090.00,25,344025
20221109,09:16:02,42080.00,25,344025
20221109,09:16:04,42077.00,125,344025
20221109,09:16:06,42060.20,100,344025
20221109,09:16:09,42057.05,175,344025
20221109,09:16:10,42056.00,275,344025
20221109,09:16:13,42079.35,25,344025
20221109,09:16:15,42091.55,75,344025
20221109,09:16:21,42099.95,50,344025
20221109,09:16:23,42101.00,250,344025
20221109,09:16:27,42120.00,50,344025
20221109,09:16:29,42125.00,75,344025
20221109,09:16:30,42121.10,25,344025
20221109,09:16:32,42117.30,50,344025
20221109,09:16:34,42120.00,475,344025
20221109,09:16:35,42129.95,75,344025
20221109,09:16:40,42130.00,75,344025
20221109,09:16:41,42123.35,25,344025
20221109,09:16:43,42130.00,225,344025
20221109,09:16:46,42120.00,100,344025
20221109,09:16:47,42115.85,75,344025
20221109,09:16:49,42118.00,25,344025
20221109,09:16:51,42123.00,275,344025
20221109,09:16:52,42111.75,25,344025
20221109,09:16:54,42111.00,75,344025
20221109,09:16:55,42111.00,75,344025
20221109,09:16:57,42111.05,50,344025
20221109,09:17:00,42101.00,50,344025
20221109,09:17:01,42090.05,100,344025
20221109,09:17:03,42101.25,25,344025
20221109,09:17:05,42100.00,425,344025
20221109,09:17:06,42110.10,125,344025
20221109,09:17:08,42101.30,25,344025
20221109,09:17:09,42101.25,25,344025
20221109,09:17:12,42100.05,200,344025
20221109,09:17:17,42102.20,125,344025
20221109,09:17:23,42105.35,25,344025
20221109,09:17:24,42117.15,25,344025
20221109,09:17:32,42110.45,250,343300
20221109,09:17:35,42110.00,25,343300
20221109,09:17:37,42110.00,25,343300
20221109,09:17:40,42100.75,25,343300
20221109,09:17:41,42100.75,25,343300
20221109,09:17:43,42108.95,25,343300
20221109,09:17:44,42110.95,25,343300
20221109,09:17:46,42111.95,25,343300
20221109,09:17:52,42110.00,50,343300
20221109,09:17:55,42112.20,25,343300
20221109,09:17:57,42117.15,50,343300
20221109,09:18:00,42123.35,25,343300
20221109,09:18:01,42123.35,175,343300
20221109,09:18:03,42130.00,50,343300
20221109,09:18:05,42133.00,125,343300
20221109,09:18:15,42133.00,25,343300
20221109,09:18:17,42125.50,500,343300
20221109,09:18:20,42121.15,25,343300
20221109,09:18:22,42125.50,25,343300
20221109,09:18:23,42128.95,525,343300
20221109,09:18:25,42123.05,50,343300
20221109,09:18:27,42119.70,25,343300
20221109,09:18:30,42119.20,100,343300
20221109,09:18:35,42116.60,100,343300
20221109,09:18:36,42113.10,75,343300
20221109,09:18:38,42113.10,100,343300
20221109,09:18:41,42100.00,275,343300
20221109,09:18:43,42100.00,350,343300
20221109,09:18:45,42113.10,50,343300
20221109,09:18:46,42117.10,75,343300
20221109,09:18:48,42113.05,50,343300
20221109,09:18:51,42109.60,25,343300
20221109,09:18:53,42117.35,50,343300
20221109,09:18:54,42117.60,25,343300
20221109,09:18:56,42130.00,125,343300
20221109,09:18:58,42124.90,75,343300
20221109,09:19:04,42123.75,25,343300
20221109,09:19:06,42123.75,25,343300
20221109,09:19:08,42125.05,75,343300
20221109,09:19:11,42125.50,25,343300
20221109,09:19:14,42130.00,150,343300
20221109,09:19:16,42124.05,25,343300
20221109,09:19:22,42111.80,25,343300
20221109,09:19:24,42115.95,25,343300
20221109,09:19:27,42119.95,25,343300
20221109,09:19:29,42113.95,50,343300
20221109,09:19:32,42111.05,25,343300
20221109,09:19:36,42126.35,150,343300
20221109,09:19:37,42129.40,25,343300
20221109,09:19:44,42117.10,50,343300
20221109,09:19:47,42112.10,25,343300
20221109,09:19:51,42119.50,25,343300
20221109,09:19:59,42129.95,50,343300
20221109,09:20:01,42131.25,300,343300
20221109,09:20:02,42125.00,25,343300
20221109,09:20:04,42129.80,25,343300
20221109,09:20:06,42132.30,225,343300
20221109,09:20:07,42119.50,100,343300
20221109,09:20:09,42120.00,25,343300
20221109,09:20:14,42112.10,50,343300
20221109,09:20:18,42106.50,25,343300
20221109,09:20:19,42100.00,150,343300
20221109,09:20:28,42103.15,25,343300
20221109,09:20:33,42122.50,225,344675
20221109,09:20:34,42118.35,125,344675
20221109,09:20:36,42116.10,75,344675
20221109,09:20:43,42125.00,75,344675
20221109,09:20:46,42125.60,100,344675
20221109,09:20:49,42122.95,25,344675
20221109,09:20:53,42119.85,25,344675
20221109,09:20:54,42130.40,100,344675
20221109,09:20:58,42120.75,25,344675
20221109,09:21:04,42121.80,50,344675
20221109,09:21:06,42115.05,25,344675
20221109,09:21:09,42121.50,25,344675
20221109,09:21:11,42108.05,25,344675
20221109,09:21:18,42110.00,75,344675
20221109,09:21:19,42104.05,25,344675
20221109,09:21:21,42107.15,75,344675
20221109,09:21:24,42101.05,25,344675
20221109,09:21:29,42100.00,25,344675
20221109,09:21:31,42107.75,25,344675
20221109,09:21:34,42105.30,25,344675
20221109,09:21:36,42106.95,275,344675
20221109,09:21:41,42103.35,25,344675
20221109,09:21:44,42104.85,50,344675
20221109,09:21:48,42113.25,25,344675
20221109,09:21:59,42107.30,25,344675
20221109,09:22:01,42106.05,25,344675
20221109,09:22:04,42097.75,25,344675
20221109,09:22:08,42095.25,50,344675
20221109,09:22:09,42095.40,25,344675
20221109,09:22:13,42098.55,25,344675
20221109,09:22:16,42094.90,25,344675
20221109,09:22:18,42103.00,25,344675
20221109,09:22:21,42097.80,25,344675
20221109,09:22:26,42106.75,25,344675
20221109,09:22:36,42110.90,25,344675
20221109,09:22:37,42110.90,75,344675
20221109,09:22:41,42110.90,75,344675
20221109,09:22:44,42107.50,75,344675
20221109,09:22:45,42110.00,25,344675
20221109,09:22:57,42100.55,50,344675
20221109,09:23:02,42100.05,50,344675
20221109,09:23:06,42100.00,25,344675
20221109,09:23:08,42098.10,250,344675
20221109,09:23:11,42098.80,50,344675
20221109,09:23:21,42099.95,25,344675
20221109,09:23:24,42090.95,75,344675
20221109,09:23:27,42087.55,400,344675
20221109,09:23:47,42091.15,50,344675
20221109,09:23:51,42094.20,25,345125
20221109,09:23:54,42100.00,25,345125
20221109,09:23:56,42100.00,75,345125
20221109,09:24:01,42100.50,50,345125
20221109,09:24:06,42100.75,25,345125
20221109,09:24:09,42100.50,25,345125
20221109,09:24:11,42098.65,25,345125
20221109,09:24:12,42094.10,50,345125
20221109,09:24:15,42098.35,25,345125
20221109,09:24:17,42094.10,50,345125
20221109,09:24:19,42094.10,50,345125
20221109,09:24:25,42098.35,50,345125
20221109,09:24:27,42099.50,25,345125
20221109,09:24:30,42100.00,25,345125
20221109,09:24:34,42092.15,25,345125
20221109,09:24:39,42090.10,25,345125
20221109,09:24:41,42098.30,100,345125
20221109,09:24:42,42082.65,150,345125
20221109,09:24:46,42075.00,425,345125
20221109,09:24:49,42084.55,75,345125
20221109,09:24:56,42080.65,25,345125
20221109,09:25:04,42090.00,25,345125
20221109,09:25:06,42096.60,50,345125
20221109,09:25:12,42087.30,250,345125
20221109,09:25:17,42100.00,25,345125
20221109,09:25:27,42090.10,25,345125
20221109,09:25:34,42098.30,25,345125
20221109,09:25:39,42098.10,125,345125
20221109,09:25:40,42090.10,250,345125
20221109,09:25:42,42096.40,50,345125
20221109,09:25:47,42087.30,25,345125
20221109,09:25:52,42087.30,50,345125
20221109,09:26:02,42087.35,25,345125
20221109,09:26:10,42096.95,25,345125
20221109,09:26:22,42086.35,175,345125
20221109,09:26:25,42088.00,25,345125
20221109,09:26:30,42090.75,25,345500
20221109,09:26:40,42089.05,25,345500
20221109,09:26:42,42092.40,25,345500
20221109,09:26:49,42096.00,50,345500
20221109,09:26:52,42090.75,25,345500
20221109,09:27:00,42094.95,75,345500
20221109,09:27:05,42090.75,25,345500
20221109,09:27:17,42090.05,25,345500
20221109,09:27:18,42090.75,25,345500
20221109,09:27:20,42090.00,25,345500
20221109,09:27:22,42094.95,50,345500
20221109,09:27:23,42090.20,25,345500
20221109,09:27:27,42092.25,25,345500
20221109,09:27:30,42094.00,25,345500
20221109,09:27:33,42096.35,25,345500
20221109,09:27:54,42090.00,25,345500
20221109,09:27:59,42087.40,25,345500
20221109,09:28:01,42080.00,575,345500
20221109,09:28:06,42082.00,75,345500
20221109,09:28:07,42075.50,75,345500
20221109,09:28:14,42075.00,50,345500
20221109,09:28:15,42074.55,25,345500
20221109,09:28:20,42075.00,25,345500
20221109,09:28:23,42074.55,50,345500
20221109,09:28:25,42074.55,75,345500
20221109,09:28:27,42074.55,375,345500
20221109,09:28:31,42073.25,25,345500
20221109,09:28:36,42076.05,25,345500
20221109,09:28:40,42073.55,150,345500
20221109,09:28:41,42072.05,25,345500
20221109,09:28:44,42071.60,25,345500
20221109,09:28:46,42075.95,25,345500
20221109,09:28:49,42070.65,50,345500
20221109,09:28:53,42073.35,25,345500
20221109,09:28:56,42085.00,25,345500
20221109,09:28:58,42082.20,75,345500
20221109,09:29:03,42091.95,25,345500
20221109,09:29:06,42084.95,50,345500
20221109,09:29:09,42090.10,25,345500
20221109,09:29:16,42096.00,25,345500
20221109,09:29:17,42096.75,75,345500
20221109,09:29:29,42095.95,25,345500
20221109,09:29:32,42099.80,25,345600
20221109,09:29:43,42087.30,50,345600
20221109,09:29:48,42084.05,50,345600
20221109,09:29:55,42085.05,25,345600
20221109,09:30:01,42091.80,100,345600
20221109,09:30:09,42094.75,25,345600
20221109,09:30:12,42096.75,25,345600
20221109,09:30:15,42099.00,100,345600
20221109,09:30:29,42099.00,25,345600
20221109,09:30:32,42094.15,25,345600
20221109,09:30:35,42100.00,225,345600
20221109,09:30:39,42100.65,25,345600
20221109,09:30:45,42105.00,25,345600
20221109,09:30:49,42114.85,100,345600
20221109,09:30:52,42111.00,25,345600
20221109,09:30:54,42115.25,50,345600
20221109,09:30:55,42120.65,75,345600
20221109,09:30:57,42124.80,50,345600
20221109,09:30:59,42118.40,100,345600
20221109,09:31:02,42115.05,125,345600
20221109,09:31:05,42125.00,100,345600
20221109,09:31:14,42124.90,25,345600
20221109,09:31:15,42126.00,25,345600
20221109,09:31:19,42129.25,50,345600
20221109,09:31:20,42130.00,50,345600
20221109,09:31:22,42130.00,100,345600
20221109,09:31:29,42130.05,50,345600
20221109,09:31:30,42126.25,75,345600
20221109,09:31:35,42130.00,25,345600
20221109,09:31:39,42135.85,175,345600
20221109,09:31:42,42130.00,75,345600
20221109,09:31:44,42136.20,50,345600
20221109,09:31:45,42137.05,100,345600
20221109,09:31:49,42132.70,25,345600
20221109,09:31:50,42139.40,100,345600
20221109,09:31:54,42136.70,150,345600
20221109,09:31:55,42130.00,75,345600
20221109,09:31:57,42133.35,100,345600
20221109,09:32:00,42125.80,50,345600
20221109,09:32:04,42118.15,25,345600
20221109,09:32:05,42119.90,25,345600
20221109,09:32:09,42129.85,50,345600
20221109,09:32:24,42125.45,50,345600
20221109,09:32:25,42120.85,25,345600
20221109,09:32:29,42129.00,25,345600
20221109,09:32:37,42117.00,75,346375
20221109,09:32:39,42107.25,100,346375
20221109,09:32:44,42110.75,25,346375
20221109,09:32:49,42118.70,50,346375
20221109,09:32:50,42125.00,50,346375
20221109,09:32:52,42124.60,25,346375
20221109,09:32:54,42118.70,50,346375
20221109,09:32:55,42127.80,50,346375
20221109,09:33:04,42128.95,25,346375
20221109,09:33:07,42120.30,50,346375
20221109,09:33:10,42129.00,25,346375
20221109,09:33:19,42131.45,25,346375
20221109,09:33:20,42125.00,50,346375
20221109,09:33:30,42130.00,25,346375
20221109,09:33:32,42131.65,25,346375
20221109,09:33:34,42131.65,50,346375
20221109,09:33:35,42136.75,25,346375
20221109,09:33:39,42127.50,125,346375
20221109,09:33:47,42126.90,50,346375
20221109,09:33:49,42127.25,50,346375
20221109,09:33:52,42126.00,25,346375
20221109,09:33:54,42127.25,25,346375
20221109,09:33:55,42122.30,25,346375
20221109,09:33:59,42120.00,75,346375
20221109,09:34:00,42119.50,25,346375
20221109,09:34:12,42115.30,25,346375
20221109,09:34:14,42119.70,25,346375
20221109,09:34:20,42115.00,25,346375
20221109,09:34:32,42110.00,25,346375
20221109,09:34:35,42108.00,25,346375
20221109,09:34:39,42105.00,25,346375
20221109,09:34:47,42102.05,25,346375
20221109,09:34:49,42109.05,150,346375
20221109,09:34:50,42104.55,25,346375
20221109,09:34:57,42103.35,50,346375
20221109,09:34:58,42110.00,25,346375
20221109,09:35:00,42108.10,25,346375
20221109,09:35:02,42115.10,25,346375
20221109,09:35:03,42108.45,75,346375
20221109,09:35:08,42110.00,100,346375
20221109,09:35:12,42119.80,25,346375
20221109,09:35:17,42112.80,250,346375
20221109,09:35:30,42120.00,25,346375
20221109,09:35:43,42126.15,25,346575
20221109,09:35:49,42120.95,25,346575
20221109,09:35:53,42113.80,25,346575
20221109,09:35:59,42125.20,225,346575
20221109,09:36:04,42126.00,25,346575
20221109,09:36:11,42127.25,50,346575
20221109,09:36:14,42129.15,125,346575
20221109,09:36:19,42125.00,50,346575
20221109,09:36:21,42133.70,75,346575
20221109,09:36:24,42129.45,50,346575
20221109,09:36:37,42131.35,125,346575
20221109,09:36:41,42130.20,25,346575
20221109,09:36:51,42121.25,75,346575
20221109,09:36:54,42130.00,25,346575
20221109,09:36:59,42125.40,50,346575
20221109,09:37:02,42123.50,125,346575
20221109,09:37:06,42130.20,50,346575
20221109,09:37:11,42132.85,25,346575
20221109,09:37:24,42125.00,25,346575
20221109,09:37:26,42125.00,25,346575
20221109,09:37:27,42130.00,50,346575
20221109,09:37:34,42126.90,25,346575
20221109,09:37:36,42130.00,50,346575
20221109,09:37:37,42128.40,25,346575
20221109,09:37:39,42128.35,25,346575
20221109,09:37:49,42124.00,25,346575
20221109,09:37:51,42124.00,125,346575
20221109,09:37:54,42125.70,75,346575
20221109,09:37:56,42119.40,25,346575
20221109,09:38:02,42110.00,25,346575
20221109,09:38:04,42113.05,25,346575
20221109,09:38:09,42113.60,25,346575
20221109,09:38:29,42105.00,25,346575
20221109,09:38:32,42100.00,50,347125
20221109,09:38:39,42096.05,25,347125
20221109,09:38:44,42096.50,25,347125
20221109,09:38:50,42094.00,50,347125
20221109,09:38:57,42090.00,50,347125
20221109,09:38:59,42086.10,50,347125
20221109,09:39:09,42090.40,50,347125
20221109,09:39:12,42088.15,25,347125
20221109,09:39:15,42088.15,25,347125
20221109,09:39:17,42086.00,50,347125
20221109,09:39:20,42084.00,500,347125
20221109,09:39:22,42080.00,75,347125
20221109,09:39:26,42080.00,25,347125
20221109,09:39:35,42075.10,25,347125
20221109,09:39:48,42078.05,25,347125
20221109,09:39:56,42084.95,25,347125
20221109,09:39:57,42078.05,25,347125
20221109,09:40:01,42082.50,50,347125
20221109,09:40:02,42072.05,50,347125
20221109,09:40:06,42072.05,75,347125
20221109,09:40:07,42070.00,100,347125
20221109,09:40:12,42044.75,800,347125
20221109,09:40:14,42036.80,100,347125
20221109,09:40:16,42036.80,50,347125
20221109,09:40:22,42058.60,125,347125
20221109,09:40:31,42059.05,50,347125
20221109,09:40:34,42058.00,75,347125
20221109,09:40:41,42059.05,25,347125
20221109,09:40:47,42062.70,50,347125
20221109,09:40:49,42063.25,75,347125
20221109,09:40:52,42062.00,50,347125
20221109,09:40:59,42064.20,75,347125
20221109,09:41:11,42068.70,25,347125
20221109,09:41:12,42070.00,50,347125
20221109,09:41:16,42082.00,75,347125
20221109,09:41:21,42090.95,25,347125
20221109,09:41:29,42100.00,225,347125
20221109,09:41:31,42100.00,300,347125
20221109,09:41:34,42100.20,50,347900
20221109,09:41:36,42096.15,25,347900
20221109,09:41:39,42090.60,25,347900
20221109,09:41:44,42096.85,50,347900
20221109,09:41:51,42100.00,25,347900
20221109,09:42:01,42092.10,75,347900
20221109,09:42:02,42086.25,25,347900
20221109,09:42:06,42088.15,50,347900
20221109,09:42:09,42090.20,25,347900
20221109,09:42:16,42100.00,50,347900
20221109,09:42:21,42099.90,25,347900
20221109,09:42:22,42100.00,50,347900
20221109,09:42:41,42100.00,50,347900
20221109,09:42:42,42100.00,50,347900
20221109,09:42:57,42105.00,25,347900
20221109,09:43:04,42105.00,25,347900
20221109,09:43:17,42096.00,25,347900
20221109,09:43:24,42111.70,50,347900
20221109,09:43:29,42100.00,150,347900
20221109,09:43:34,42100.00,25,347900
20221109,09:43:40,42096.25,25,347900
20221109,09:43:45,42096.00,50,347900
20221109,09:43:49,42096.05,25,347900
20221109,09:43:52,42090.05,25,347900
20221109,09:43:57,42096.10,25,347900
20221109,09:44:10,42095.40,25,347900
20221109,09:44:20,42100.00,25,347900
20221109,09:44:23,42100.00,25,347900
20221109,09:44:25,42100.00,125,347900
20221109,09:44:30,42100.55,250,347900
20221109,09:44:38,42107.25,25,348250
20221109,09:44:51,42108.70,25,348250
20221109,09:45:04,42112.00,75,348250
20221109,09:45:08,42118.75,25,348250
20221109,09:45:10,42120.00,50,348250
20221109,09:45:15,42125.00,25,348250
20221109,09:45:18,42135.00,200,348250
20221109,09:45:20,42140.00,150,348250
20221109,09:45:22,42141.00,25,348250
20221109,09:45:25,42142.00,50,348250
20221109,09:45:28,42150.00,200,348250
20221109,09:45:30,42150.00,25,348250
20221109,09:45:31,42155.00,1150,348250
20221109,09:45:33,42158.25,50,348250
20221109,09:45:35,42160.05,125,348250
20221109,09:45:38,42160.00,25,348250
20221109,09:45:43,42160.00,25,348250
20221109,09:45:45,42160.00,75,348250
20221109,09:45:48,42150.00,150,348250
20221109,09:45:50,42147.70,75,348250
20221109,09:45:56,42147.70,25,348250
20221109,09:46:15,42153.25,25,348250
20221109,09:46:16,42146.90,50,348250
20221109,09:46:39,42146.00,25,348250
20221109,09:46:44,42147.30,25,348250
20221109,09:46:46,42150.00,25,348250
20221109,09:46:54,42150.00,25,348250
20221109,09:46:59,42150.00,50,348250
20221109,09:47:04,42155.00,25,348250
20221109,09:47:08,42150.00,50,348250
20221109,09:47:11,42150.00,50,348250
20221109,09:47:21,42144.90,100,348250
20221109,09:47:24,42150.00,25,348250
20221109,09:47:26,42152.95,25,348250
20221109,09:47:32,42143.15,150,348250
20221109,09:47:36,42152.80,25,348250
20221109,09:47:44,42143.00,50,348250
20221109,09:47:45,42143.00,100,348250
20221109,09:47:50,42132.00,25,348250
20221109,09:47:54,42138.15,25,348250
20221109,09:47:59,42136.25,25,348250
20221109,09:48:02,42140.00,25,348250
20221109,09:48:15,42143.00,25,348250
20221109,09:48:33,42144.85,50,348250
20221109,09:48:37,42146.95,50,348250
20221109,09:48:46,42150.00,25,348250
20221109,09:48:49,42145.00,25,348250
20221109,09:48:51,42146.80,200,348250
20221109,09:49:04,42143.50,25,348250
20221109,09:49:09,42152.80,25,348250
20221109,09:49:29,42155.00,25,348250
20221109,09:49:34,42165.00,50,348250
20221109,09:49:47,42165.25,250,348250
20221109,09:49:49,42164.00,100,348250
20221109,09:50:00,42166.70,50,348250
20221109,09:50:02,42171.80,25,348250
20221109,09:50:04,42175.00,50,348250
20221109,09:50:09,42175.00,75,348250
20221109,09:50:10,42175.00,25,348250
20221109,09:50:14,42175.00,100,348250
20221109,09:50:19,42180.00,125,348250
20221109,09:50:20,42180.00,125,348250
20221109,09:50:24,42175.90,50,348250
20221109,09:50:27,42180.00,25,348250
20221109,09:50:29,42178.45,150,348250
20221109,09:50:30,42178.45,375,348250
20221109,09:50:32,42175.00,100,348250
20221109,09:50:35,42175.00,225,348675
20221109,09:50:37,42170.95,50,348675
20221109,09:50:39,42165.00,300,348675
20221109,09:50:44,42164.90,25,348675
20221109,09:50:58,42165.00,50,348675
20221109,09:51:05,42164.50,25,348675
20221109,09:51:08,42163.45,100,348675
20221109,09:51:13,42163.75,25,348675
20221109,09:51:15,42164.00,25,348675
20221109,09:51:21,42165.00,25,348675
20221109,09:51:33,42165.00,100,348675
20221109,09:51:35,42163.00,50,348675
20221109,09:51:36,42160.00,125,348675
20221109,09:51:51,42153.40,100,348675
20221109,09:52:09,42155.00,25,348675
20221109,09:52:11,42160.00,50,348675
20221109,09:52:16,42160.35,25,348675
20221109,09:52:17,42163.70,50,348675
20221109,09:52:32,42157.25,75,348675
20221109,09:52:34,42162.95,100,348675
20221109,09:52:57,42154.10,25,348675
20221109,09:53:06,42151.10,25,348675
20221109,09:53:11,42153.95,125,348675
20221109,09:53:25,42148.75,75,348675
20221109,09:53:28,42145.00,75,348675
20221109,09:53:30,42145.00,150,348675
20221109,09:53:41,42149.05,25,349125
20221109,09:53:45,42149.40,25,349125
20221109,09:54:05,42155.00,25,349125
20221109,09:54:06,42149.75,50,349125
20221109,09:54:08,42150.05,25,349125
20221109,09:54:16,42143.00,150,349125
20221109,09:54:19,42143.00,25,349125
20221109,09:54:23,42143.00,25,349125
20221109,09:54:58,42135.05,25,349125
20221109,09:55:16,42125.65,350,349125
20221109,09:55:24,42126.25,25,349125
20221109,09:55:39,42133.00,25,349125
20221109,09:55:49,42135.05,50,349125
20221109,09:55:54,42136.35,25,349125
20221109,09:56:02,42139.55,25,349125
20221109,09:56:15,42133.30,75,349125
20221109,09:56:17,42129.00,50,349125
20221109,09:56:18,42125.95,25,349125
20221109,09:56:28,42120.85,50,349125
20221109,09:56:30,42120.05,25,349125
20221109,09:56:33,42104.35,75,349125
20221109,09:56:35,42100.00,250,349600
20221109,09:56:37,42105.55,50,349600
20221109,09:56:38,42100.95,100,349600
20221109,09:56:43,42105.00,100,349600
20221109,09:56:45,42100.25,25,349600
20221109,09:56:50,42100.00,25,349600
20221109,09:56:52,42099.95,675,349600
20221109,09:56:53,42098.65,100,349600
20221109,09:57:03,42100.00,25,349600
20221109,09:57:10,42099.90,25,349600
20221109,09:57:18,42101.40,25,349600
20221109,09:57:23,42099.65,25,349600
20221109,09:57:32,42098.80,25,349600
20221109,09:57:37,42096.95,25,349600
20221109,09:57:48,42099.50,100,349600
20221109,09:58:05,42100.00,25,349600
20221109,09:58:18,42102.35,25,349600
20221109,09:58:22,42102.40,75,349600
20221109,09:58:37,42105.50,25,349600
20221109,09:58:41,42105.50,25,349600
20221109,09:58:49,42114.85,25,349600
20221109,09:58:56,42108.95,25,349600
20221109,09:58:57,42100.80,25,349600
20221109,09:59:11,42101.90,100,349600
20221109,09:59:12,42101.00,25,349600
20221109,09:59:14,42100.00,100,349600
20221109,09:59:45,42100.00,25,349600
20221109,09:59:49,42097.40,325,349800
20221109,09:59:55,42100.00,25,349800
20221109,10:00:07,42094.90,25,349800
20221109,10:00:10,42100.65,25,349800
20221109,10:00:17,42113.75,25,349800
20221109,10:00:29,42111.75,25,349800
20221109,10:00:32,42104.45,25,349800
20221109,10:00:47,42100.00,50,349800
20221109,10:00:49,42094.05,25,349800
20221109,10:00:55,42099.85,25,349800
20221109,10:01:00,42101.45,25,349800
20221109,10:01:02,42099.65,25,349800
20221109,10:01:09,42093.10,100,349800
20221109,10:01:19,42093.10,50,349800
20221109,10:01:22,42090.00,350,349800
20221109,10:01:25,42087.00,25,349800
20221109,10:01:37,42080.25,25,349800
20221109,10:01:44,42081.15,100,349800
20221109,10:01:49,42080.75,25,349800
20221109,10:01:59,42087.20,125,349800
20221109,10:02:12,42092.95,25,349800
20221109,10:02:14,42093.20,50,349800
20221109,10:02:28,42100.00,125,349800
20221109,10:02:37,42100.00,25,350175
20221109,10:02:50,42100.00,125,350175
20221109,10:02:51,42108.95,25,350175
20221109,10:03:03,42106.00,25,350175
20221109,10:03:04,42106.35,25,350175
20221109,10:03:15,42113.95,25,350175
20221109,10:03:39,42100.00,25,350175
20221109,10:04:09,42102.90,25,350175
20221109,10:04:11,42102.90,25,350175
20221109,10:04:19,42104.45,25,350175
20221109,10:04:41,42115.15,25,350175
20221109,10:04:46,42121.25,25,350175
20221109,10:05:36,42112.20,75,350400
20221109,10:05:42,42117.95,25,350400
20221109,10:05:50,42121.25,25,350400
20221109,10:06:05,42118.30,25,350400
20221109,10:06:29,42130.45,25,350400
20221109,10:06:37,42136.65,25,350400
20221109,10:06:39,42144.00,75,350400
20221109,10:06:44,42142.00,125,350400
20221109,10:06:49,42135.60,25,350400
20221109,10:06:51,42142.25,25,350400
20221109,10:06:59,42135.00,25,350400
20221109,10:07:11,42136.55,75,350400
20221109,10:07:35,42133.25,75,350400
20221109,10:07:50,42130.85,100,350400
20221109,10:07:53,42130.85,50,350400
20221109,10:07:55,42130.00,175,350400
20221109,10:07:57,42130.85,125,350400
20221109,10:08:33,42130.00,50,350400
20221109,10:08:36,42128.50,100,350400
20221109,10:08:57,42120.00,50,350600
20221109,10:09:01,42125.00,25,350600
20221109,10:09:04,42120.00,50,350600
20221109,10:09:58,42110.00,50,350600
20221109,10:10:07,42109.20,25,350600
20221109,10:10:11,42116.00,50,350600
20221109,10:10:20,42107.10,25,350600
20221109,10:10:26,42116.00,50,350600
20221109,10:10:35,42107.25,25,350600
20221109,10:11:01,42100.00,25,350600
20221109,10:11:03,42102.60,50,350600
20221109,10:11:06,42100.05,25,350600
20221109,10:11:11,42100.00,100,350600
20221109,10:11:26,42102.30,25,350600
20221109,10:11:28,42110.00,25,350600
20221109,10:11:31,42106.80,25,350600
20221109,10:11:39,42107.50,25,350875
20221109,10:11:46,42107.85,25,350875
20221109,10:12:34,42115.00,25,350875
20221109,10:12:41,42115.20,25,350875
20221109,10:12:49,42120.00,25,350875
20221109,10:12:53,42115.20,25,350875
20221109,10:13:12,42104.95,25,350875
20221109,10:13:47,42105.50,25,350875
20221109,10:14:25,42115.00,50,350875
20221109,10:14:54,42114.95,100,350900
20221109,10:15:07,42115.00,25,350900
20221109,10:15:10,42115.00,400,350900
20221109,10:15:22,42124.00,50,350900
20221109,10:15:23,42123.40,25,350900
20221109,10:15:25,42123.50,50,350900
20221109,10:15:27,42123.50,25,350900
20221109,10:15:30,42124.00,50,350900
20221109,10:15:33,42124.00,25,350900
20221109,10:15:38,42124.00,25,350900
20221109,10:16:09,42125.00,50,350900
20221109,10:16:11,42127.00,150,350900
20221109,10:16:16,42124.00,25,350900
20221109,10:16:32,42115.85,25,350900
20221109,10:16:37,42123.95,25,350900
20221109,10:16:45,42120.55,25,350900
20221109,10:16:56,42111.00,25,350900
20221109,10:17:01,42108.05,75,350900
20221109,10:17:06,42106.20,25,350900
20221109,10:17:22,42105.45,25,350900
20221109,10:17:26,42105.00,25,350900
20221109,10:17:29,42102.00,25,350900
20221109,10:17:37,42102.00,300,351525
20221109,10:18:02,42100.00,50,351525
20221109,10:18:19,42097.45,25,351525
20221109,10:18:33,42107.00,25,351525
20221109,10:19:13,42107.00,25,351525
20221109,10:19:14,42110.00,25,351525
20221109,10:19:42,42109.40,25,351525
20221109,10:19:58,42105.80,25,351525
20221109,10:20:08,42111.00,25,351525
20221109,10:20:11,42114.00,25,351525
20221109,10:20:14,42114.00,25,351525
20221109,10:20:26,42113.00,25,351525
20221109,10:20:49,42106.95,50,351550
20221109,10:20:51,42106.95,25,351550
20221109,10:21:10,42114.00,25,351550
20221109,10:21:19,42110.20,25,351550
20221109,10:21:39,42114.00,100,351550
20221109,10:21:42,42118.00,25,351550
20221109,10:21:46,42120.00,25,351550
20221109,10:22:12,42122.50,75,351550
20221109,10:22:38,42122.50,25,351550
20221109,10:23:00,42121.45,25,351550
20221109,10:23:02,42118.40,25,351550
20221109,10:23:04,42113.90,25,351550
20221109,10:23:10,42113.75,25,351550
20221109,10:23:35,42117.95,25,351550
20221109,10:23:48,42120.00,25,351800
20221109,10:23:59,42120.00,25,351800
20221109,10:24:04,42118.70,25,351800
20221109,10:24:20,42118.75,50,351800
20221109,10:24:24,42120.25,25,351800
20221109,10:24:43,42121.30,75,351800
20221109,10:24:55,42120.05,25,351800
20221109,10:25:09,42120.00,50,351800
20221109,10:25:11,42120.00,25,351800
20221109,10:25:20,42120.05,25,351800
20221109,10:25:22,42120.00,50,351800
20221109,10:26:11,42118.95,25,351800
20221109,10:26:26,42113.15,50,351800
20221109,10:26:30,42120.00,25,351800
20221109,10:26:34,42120.00,25,351800
20221109,10:26:57,42120.00,25,351925
20221109,10:27:08,42120.00,25,351925
20221109,10:27:37,42120.00,25,351925
20221109,10:27:39,42120.00,25,351925
20221109,10:27:41,42120.00,25,351925
20221109,10:27:57,42120.00,25,351925
20221109,10:28:05,42120.00,75,351925
20221109,10:28:10,42120.00,25,351925
20221109,10:28:11,42120.00,425,351925
20221109,10:28:13,42120.00,100,351925
20221109,10:28:28,42118.85,50,351925
20221109,10:28:31,42125.00,25,351925
20221109,10:28:42,42130.00,100,351925
20221109,10:28:54,42135.00,100,351925
20221109,10:28:59,42145.00,150,351925
20221109,10:29:01,42148.80,25,351925
20221109,10:29:06,42142.10,50,351925
20221109,10:29:11,42140.05,75,351925
20221109,10:29:12,42141.25,75,351925
20221109,10:29:25,42148.00,100,351925
20221109,10:29:29,42148.80,25,351925
20221109,10:29:32,42147.80,100,351925
20221109,10:29:34,42146.65,25,351925
20221109,10:29:49,42136.10,75,352150
20221109,10:29:52,42136.10,25,352150
20221109,10:29:54,42132.05,25,352150
20221109,10:30:05,42139.05,25,352150
20221109,10:30:07,42146.95,25,352150
20221109,10:30:08,42147.00,200,352150
20221109,10:30:10,42143.45,600,352150
20221109,10:30:12,42142.30,50,352150
20221109,10:30:18,42147.10,25,352150
20221109,10:30:31,42142.10,50,352150
20221109,10:30:37,42147.50,25,352150
20221109,10:30:52,42147.50,25,352150
20221109,10:30:54,42147.50,125,352150
20221109,10:31:13,42141.40,25,352150
20221109,10:31:23,42138.30,25,352150
20221109,10:31:31,42141.40,25,352150
20221109,10:31:32,42141.40,25,352150
20221109,10:31:44,42137.10,25,352150
20221109,10:32:02,42134.00,25,352150
20221109,10:32:10,42131.40,25,352150
20221109,10:32:28,42128.85,50,352150
20221109,10:32:30,42128.80,25,352150
20221109,10:32:35,42129.55,25,352150
20221109,10:32:43,42125.00,25,353150
20221109,10:32:44,42131.40,25,353150
20221109,10:32:56,42131.00,50,353150
20221109,10:33:01,42131.35,25,353150
20221109,10:33:11,42131.00,25,353150
20221109,10:33:29,42131.40,75,353150
20221109,10:33:34,42138.00,25,353150
20221109,10:33:35,42143.00,200,353150
20221109,10:33:43,42145.00,25,353150
20221109,10:33:50,42145.00,75,353150
20221109,10:33:58,42147.65,175,353150
20221109,10:34:21,42146.05,25,353150
20221109,10:34:37,42146.00,75,353150
20221109,10:34:47,42145.05,25,353150
20221109,10:34:52,42146.00,25,353150
20221109,10:35:06,42150.00,125,353150
20221109,10:35:08,42150.00,850,353150
20221109,10:35:10,42151.00,25,353150
20221109,10:35:13,42155.20,75,353150
20221109,10:35:16,42148.60,25,353150
20221109,10:35:25,42156.90,25,353150
20221109,10:35:33,42159.40,50,353150
20221109,10:35:34,42160.00,25,353150
20221109,10:35:38,42159.40,25,353150
20221109,10:35:48,42156.20,25,353775
20221109,10:35:56,42152.00,100,353775
20221109,10:36:14,42150.00,50,353775
20221109,10:36:15,42147.05,25,353775
20221109,10:36:20,42147.00,25,353775
20221109,10:36:30,42145.95,50,353775
20221109,10:36:43,42155.00,25,353775
20221109,10:36:55,42153.90,25,353775
20221109,10:37:06,42153.90,25,353775
20221109,10:37:14,42150.10,75,353775
20221109,10:37:25,42146.30,50,353775
20221109,10:37:30,42150.10,50,353775
20221109,10:37:46,42150.10,25,353775
20221109,10:37:48,42150.10,25,353775
20221109,10:37:59,42150.10,25,353775
20221109,10:38:02,42150.00,25,353775
20221109,10:38:22,42142.15,50,353775
20221109,10:38:37,42143.05,25,353775
20221109,10:38:46,42142.10,25,354125
20221109,10:38:47,42140.05,100,354125
20221109,10:38:49,42133.95,25,354125
20221109,10:38:54,42136.70,25,354125
20221109,10:39:30,42130.00,25,354125
20221109,10:39:32,42128.80,50,354125
20221109,10:39:38,42127.20,25,354125
20221109,10:39:43,42120.00,25,354125
20221109,10:39:46,42115.10,125,354125
20221109,10:40:08,42115.00,25,354125
20221109,10:40:34,42110.00,50,354125
20221109,10:40:38,42105.25,50,354125
20221109,10:40:56,42113.95,50,354125
20221109,10:41:09,42113.00,25,354125
20221109,10:41:12,42115.00,25,354125
20221109,10:41:27,42115.00,25,354125
20221109,10:41:29,42117.20,25,354125
20221109,10:41:39,42128.00,150,354125
20221109,10:41:40,42128.05,25,354125
20221109,10:41:45,42124.85,25,354275
20221109,10:42:00,42125.90,25,354275
20221109,10:42:07,42123.80,25,354275
20221109,10:42:12,42119.60,50,354275
20221109,10:42:27,42128.90,75,354275
20221109,10:42:29,42130.00,50,354275
20221109,10:42:30,42135.00,25,354275
20221109,10:42:37,42137.00,100,354275
20221109,10:42:45,42135.20,325,354275
20221109,10:42:50,42134.25,25,354275
20221109,10:42:53,42135.50,25,354275
20221109,10:43:03,42133.60,100,354275
20221109,10:43:10,42132.10,25,354275
20221109,10:43:13,42136.20,25,354275
20221109,10:43:21,42144.00,100,354275
20221109,10:43:36,42144.55,25,354275
20221109,10:43:48,42150.80,125,354275
20221109,10:44:11,42143.25,25,354275
20221109,10:44:24,42150.80,25,354275
20221109,10:44:36,42152.45,25,354275
20221109,10:44:42,42150.80,125,354575
20221109,10:45:10,42142.60,25,354575
20221109,10:45:23,42147.40,75,354575
20221109,10:45:31,42147.40,25,354575
20221109,10:45:36,42149.20,25,354575
20221109,10:45:38,42150.00,25,354575
20221109,10:45:39,42152.00,100,354575
20221109,10:45:42,42152.45,25,354575
20221109,10:45:44,42152.20,25,354575
20221109,10:45:50,42155.00,25,354575
20221109,10:45:59,42154.00,25,354575
20221109,10:46:00,42155.55,25,354575
20221109,10:46:03,42155.95,25,354575
20221109,10:46:05,42159.95,25,354575
20221109,10:46:10,42160.00,325,354575
20221109,10:46:26,42158.80,75,354575
20221109,10:46:28,42155.35,50,354575
20221109,10:46:34,42159.00,25,354575
20221109,10:46:36,42160.00,25,354575
20221109,10:46:37,42162.60,50,354575
20221109,10:46:45,42164.15,25,354575
20221109,10:47:15,42160.00,25,354575
20221109,10:47:18,42156.15,25,354575
20221109,10:47:25,42157.65,25,354575
20221109,10:47:31,42152.30,25,354575
20221109,10:47:39,42149.80,25,354575
20221109,10:47:50,42154.70,50,354650
20221109,10:48:00,42160.50,75,354650
20221109,10:48:13,42152.85,50,354650
20221109,10:48:35,42157.60,25,354650
20221109,10:48:50,42154.80,25,354650
20221109,10:49:03,42152.00,25,354650
20221109,10:49:04,42151.70,50,354650
20221109,10:49:11,42145.60,25,354650
20221109,10:49:25,42140.00,50,354650
20221109,10:50:24,42140.35,50,354650
20221109,10:50:25,42140.35,25,354650
20221109,10:50:59,42136.65,25,355025
20221109,10:51:02,42137.75,25,355025
20221109,10:51:07,42139.45,25,355025
20221109,10:51:15,42139.20,25,355025
20221109,10:51:18,42138.00,25,355025
20221109,10:51:42,42123.90,25,355025
20221109,10:51:53,42131.10,125,355025
20221109,10:52:02,42124.05,75,355025
20221109,10:52:25,42129.25,25,355025
20221109,10:52:53,42122.70,25,355025
20221109,10:52:54,42120.85,225,355025
20221109,10:52:56,42118.80,100,355025
20221109,10:53:06,42117.80,25,355025
20221109,10:53:16,42119.05,25,355025
20221109,10:53:18,42120.00,100,355025
20221109,10:53:26,42116.40,150,355025
20221109,10:53:27,42115.45,25,355025
20221109,10:53:29,42113.75,125,355025
20221109,10:53:30,42123.95,50,355025
20221109,10:53:32,42117.95,50,355025
20221109,10:53:37,42114.25,25,355025
20221109,10:53:38,42114.30,25,355025
20221109,10:53:40,42114.10,25,355025
20221109,10:53:46,42121.95,25,355550
20221109,10:53:48,42115.95,25,355550
20221109,10:53:53,42115.00,50,355550
20221109,10:53:59,42115.30,25,355550
20221109,10:54:12,42117.65,25,355550
20221109,10:54:13,42118.45,25,355550
20221109,10:54:22,42117.15,25,355550
20221109,10:54:23,42117.00,25,355550
20221109,10:54:28,42113.85,25,355550
20221109,10:54:31,42108.50,50,355550
20221109,10:54:46,42105.05,25,355550
20221109,10:54:48,42106.25,25,355550
20221109,10:54:56,42107.75,50,355550
20221109,10:55:06,42105.90,50,355550
20221109,10:55:09,42110.00,25,355550
20221109,10:55:14,42119.25,125,355550
20221109,10:55:16,42106.60,75,355550
20221109,10:55:27,42110.45,75,355550
20221109,10:55:29,42115.95,25,355550
20221109,10:55:34,42111.25,25,355550
20221109,10:55:50,42117.30,25,355550
20221109,10:55:56,42119.25,25,355550
20221109,10:55:58,42120.00,25,355550
20221109,10:56:29,42120.00,25,355550
20221109,10:56:36,42122.55,25,355550
20221109,10:56:40,42122.10,25,355550
20221109,10:56:45,42125.00,25,355700
20221109,10:56:53,42123.05,25,355700
20221109,10:57:10,42128.00,25,355700
20221109,10:57:15,42129.65,25,355700
20221109,10:57:18,42132.05,25,355700
20221109,10:57:23,42130.55,25,355700
20221109,10:57:37,42128.35,25,355700
20221109,10:57:58,42122.60,50,355700
20221109,10:58:00,42124.85,25,355700
20221109,10:58:18,42131.00,25,355700
20221109,10:58:23,42127.95,25,355700
20221109,10:58:34,42120.00,25,355700
20221109,10:58:39,42115.00,25,355700
20221109,10:58:48,42110.00,25,355700
20221109,10:59:09,42107.00,25,355700
20221109,10:59:11,42106.95,25,355700
20221109,10:59:19,42110.00,25,355700
20221109,10:59:34,42110.00,25,355700
20221109,10:59:41,42115.10,100,355700
20221109,10:59:44,42110.00,50,355700
20221109,10:59:53,42110.45,25,355800
20221109,11:00:03,42117.85,100,355800
20221109,11:00:05,42127.00,25,355800
20221109,11:00:08,42122.30,25,355800
20221109,11:00:34,42117.60,25,355800
20221109,11:00:37,42117.60,25,355800
20221109,11:00:44,42126.60,25,355800
20221109,11:01:25,42127.95,25,355800
20221109,11:01:32,42122.20,25,355800
20221109,11:02:29,42122.20,50,355800
20221109,11:02:46,42117.65,25,355750
20221109,11:03:21,42131.85,25,355750
20221109,11:03:28,42124.00,25,355750
20221109,11:04:13,42115.00,25,355750
20221109,11:04:15,42110.00,25,355750
20221109,11:04:38,42117.65,25,355750
20221109,11:04:57,42117.00,25,355750
20221109,11:05:01,42119.00,25,355750
20221109,11:05:20,42121.55,25,355750
20221109,11:05:22,42121.20,25,355750
20221109,11:06:12,42116.75,50,355875
20221109,11:06:15,42125.85,25,355875
20221109,11:06:32,42124.10,25,355875
20221109,11:07:02,42120.30,25,355875
20221109,11:07:34,42114.35,25,355875
20221109,11:08:01,42108.40,50,355875
20221109,11:08:11,42109.30,25,355875
20221109,11:08:18,42109.30,25,355875
20221109,11:08:50,42107.00,25,355825
20221109,11:08:53,42107.80,25,355825
20221109,11:09:03,42105.00,25,355825
20221109,11:09:06,42105.00,75,355825
20221109,11:09:15,42105.00,25,355825
20221109,11:09:17,42105.00,175,355825
20221109,11:09:22,42104.90,25,355825
20221109,11:09:25,42105.00,50,355825
20221109,11:09:58,42105.00,25,355825
20221109,11:09:59,42102.90,50,355825
20221109,11:10:14,42105.00,450,355825
20221109,11:10:16,42105.00,25,355825
20221109,11:10:17,42105.00,275,355825
20221109,11:10:22,42105.00,100,355825
20221109,11:10:41,42105.00,100,355825
20221109,11:10:51,42109.30,25,355825
20221109,11:10:59,42109.30,25,355825
20221109,11:11:05,42119.00,225,355825
20221109,11:11:07,42119.90,225,355825
20221109,11:11:09,42121.50,150,355825
20221109,11:11:10,42120.80,225,355825
20221109,11:11:12,42123.95,225,355825
20221109,11:11:13,42123.95,225,355825
20221109,11:11:49,42112.95,150,356625
20221109,11:11:50,42113.35,225,356625
20221109,11:11:52,42115.95,150,356625
20221109,11:12:27,42105.00,25,356625
20221109,11:12:28,42105.00,25,356625
20221109,11:12:36,42101.15,25,356625
20221109,11:12:46,42105.95,25,356625
20221109,11:13:27,42114.05,25,356625
20221109,11:13:47,42123.25,25,356625
20221109,11:14:52,42119.25,25,357075
20221109,11:15:08,42124.05,25,357075
20221109,11:16:19,42125.00,25,357075
20221109,11:16:34,42124.15,25,357075
20221109,11:17:06,42133.30,25,357075
20221109,11:17:21,42135.00,25,357075
20221109,11:17:26,42130.15,25,357075
20221109,11:17:27,42130.00,25,357075
20221109,11:17:32,42131.75,100,357075
20221109,11:17:44,42130.00,25,357075
20221109,11:17:47,42126.40,75,357150
20221109,11:18:11,42127.45,25,357150
20221109,11:19:09,42125.00,25,357150
20221109,11:19:14,42120.20,25,357150
20221109,11:19:21,42120.00,50,357150
20221109,11:19:22,42117.55,25,357150
20221109,11:19:39,42122.15,25,357150
20221109,11:20:36,42135.00,25,357150
20221109,11:20:40,42131.15,25,357150
20221109,11:20:45,42135.00,25,357150
20221109,11:20:56,42139.95,75,357325
20221109,11:21:03,42139.95,25,357325
20221109,11:21:04,42138.50,100,357325
20221109,11:22:13,42120.15,25,357325
20221109,11:22:17,42116.10,75,357325
20221109,11:22:18,42116.10,25,357325
20221109,11:22:33,42116.65,25,357325
20221109,11:22:54,42124.35,25,357325
20221109,11:23:50,42131.70,25,357450
20221109,11:23:52,42132.90,25,357450
20221109,11:23:53,42128.30,25,357450
20221109,11:24:01,42127.95,25,357450
20221109,11:24:17,42122.20,25,357450
20221109,11:24:22,42122.15,25,357450
20221109,11:24:25,42122.15,50,357450
20221109,11:24:29,42114.25,25,357450
20221109,11:24:50,42116.80,25,357450
20221109,11:24:53,42118.55,25,357450
20221109,11:25:29,42130.00,25,357450
20221109,11:25:55,42122.15,50,357450
20221109,11:26:12,42122.75,50,357450
20221109,11:27:06,42130.00,25,357575
20221109,11:27:11,42130.20,25,357575
20221109,11:27:27,42140.00,50,357575
20221109,11:27:42,42140.00,25,357575
20221109,11:27:45,42140.00,25,357575
20221109,11:27:55,42140.15,100,357575
20221109,11:28:17,42132.50,25,357575
20221109,11:28:18,42136.60,25,357575
20221109,11:28:35,42129.25,100,357575
20221109,11:29:03,42127.55,25,357575
20221109,11:29:19,42130.95,50,357575
20221109,11:29:40,42125.05,25,357575
20221109,11:29:57,42122.25,25,357600
20221109,11:30:04,42133.95,25,357600
20221109,11:30:30,42122.25,25,357600
20221109,11:30:36,42122.25,25,357600
20221109,11:30:46,42122.25,25,357600
20221109,11:30:53,42122.00,25,357600
20221109,11:31:23,42120.05,50,357600
20221109,11:31:47,42120.00,50,357600
20221109,11:32:01,42119.00,25,357600
20221109,11:32:10,42117.00,25,357600
20221109,11:32:21,42117.00,25,357600
20221109,11:32:29,42115.85,25,357600
20221109,11:33:20,42127.35,100,357750
20221109,11:33:30,42128.45,25,357750
20221109,11:33:49,42122.25,25,357750
20221109,11:34:10,42118.85,25,357750
20221109,11:35:52,42118.85,25,357725
20221109,11:36:10,42115.25,25,357725
20221109,11:36:53,42115.15,50,357725
20221109,11:37:00,42115.15,25,357725
20221109,11:37:15,42120.00,25,357725
20221109,11:37:33,42115.00,25,357725
20221109,11:37:47,42122.30,25,357725
20221109,11:38:12,42115.35,75,357725
20221109,11:38:33,42119.70,25,357725
20221109,11:38:39,42115.00,25,357725
20221109,11:38:56,42114.00,25,357775
20221109,11:39:05,42115.35,25,357775
20221109,11:39:21,42110.00,300,357775
20221109,11:39:43,42107.65,25,357775
20221109,11:40:00,42105.60,25,357775
20221109,11:40:03,42102.50,150,357775
20221109,11:40:11,42108.15,25,357775
20221109,11:40:20,42102.50,25,357775
20221109,11:40:27,42101.55,25,357775
20221109,11:40:28,42095.95,1225,357775
20221109,11:40:30,42094.00,25,357775
20221109,11:40:51,42087.75,25,357775
20221109,11:40:55,42095.90,25,357775
20221109,11:41:12,42100.95,25,357775
20221109,11:41:23,42102.55,25,357775
20221109,11:42:14,42117.85,25,357850
20221109,11:42:55,42116.25,25,357850
20221109,11:43:32,42108.15,25,357850
20221109,11:44:09,42112.00,25,357850
20221109,11:44:35,42115.00,25,357850
20221109,11:44:41,42120.90,25,357850
20221109,11:44:56,42120.95,25,357875
20221109,11:45:05,42125.95,25,357875
20221109,11:45:12,42119.40,25,357875
20221109,11:45:36,42123.45,75,357875
20221109,11:46:43,42123.95,25,357875
20221109,11:46:52,42119.95,75,357875
20221109,11:46:56,42120.00,25,357875
20221109,11:46:59,42120.00,275,357875
20221109,11:47:30,42120.00,25,357875
20221109,11:47:31,42120.00,25,357875
20221109,11:47:42,42117.05,50,357875
20221109,11:47:47,42120.00,75,357875
20221109,11:48:03,42120.00,25,358225
20221109,11:48:18,42119.80,25,358225
20221109,11:48:44,42116.90,25,358225
20221109,11:49:07,42120.00,125,358225
20221109,11:49:27,42120.00,25,358225
20221109,11:49:39,42120.00,25,358225
20221109,11:49:40,42120.00,100,358225
20221109,11:49:47,42120.00,75,358225
20221109,11:49:50,42120.00,100,358225
20221109,11:50:05,42120.00,25,358225
20221109,11:50:39,42115.45,50,358225
20221109,11:51:05,42120.00,25,358400
20221109,11:51:33,42114.45,100,358400
20221109,11:51:35,42122.95,25,358400
20221109,11:51:48,42117.05,25,358400
20221109,11:51:51,42117.05,50,358400
20221109,11:52:07,42123.00,50,358400
20221109,11:52:10,42128.00,25,358400
20221109,11:52:12,42128.00,25,358400
20221109,11:53:54,42133.30,25,358600
20221109,11:53:57,42135.00,125,358600
20221109,11:54:02,42139.55,50,358600
20221109,11:54:09,42140.85,25,358600
20221109,11:54:12,42140.00,75,358600
20221109,11:54:32,42139.60,50,358600
20221109,11:54:34,42139.55,50,358600
20221109,11:54:36,42139.55,50,358600
20221109,11:54:57,42140.00,100,358600
20221109,11:55:41,42137.40,25,358600
20221109,11:55:42,42137.40,50,358600
20221109,11:56:14,42140.00,25,358600
20221109,11:56:20,42140.00,50,358600
20221109,11:56:22,42140.00,75,358600
20221109,11:56:47,42137.40,25,358600
20221109,11:56:51,42136.05,25,358600
20221109,11:57:02,42138.00,25,358700
20221109,11:57:14,42130.45,25,358700
20221109,11:57:26,42130.45,25,358700
20221109,11:57:28,42130.45,25,358700
20221109,11:57:33,42136.00,125,358700
20221109,11:57:36,42130.45,50,358700
20221109,11:57:44,42124.75,25,358700
20221109,11:57:53,42130.45,25,358700
20221109,11:58:05,42126.10,25,358700
20221109,11:58:09,42133.00,25,358700
20221109,11:58:32,42136.00,25,358700
20221109,11:59:35,42129.00,100,358700
20221109,11:59:57,42122.90,75,359075
20221109,12:00:08,42129.00,25,359075
20221109,12:00:42,42122.00,25,359075
20221109,12:01:58,42116.20,25,359075
20221109,12:02:09,42116.20,50,359075
20221109,12:02:11,42110.90,25,359075
20221109,12:02:19,42110.85,25,359075
20221109,12:02:27,42120.00,50,359075
20221109,12:02:29,42120.00,25,359075
20221109,12:02:32,42120.00,25,359075
20221109,12:03:04,42115.20,25,359250
20221109,12:03:07,42115.20,25,359250
20221109,12:04:04,42110.00,25,359250
20221109,12:04:14,42106.65,50,359250
20221109,12:04:17,42106.65,50,359250
20221109,12:04:20,42106.65,25,359250
20221109,12:04:23,42112.95,25,359250
20221109,12:04:33,42107.20,25,359250
20221109,12:04:49,42111.80,25,359250
20221109,12:04:59,42112.00,50,359250
20221109,12:05:15,42106.65,25,359250
20221109,12:05:29,42106.60,25,359250
20221109,12:05:31,42105.55,25,359250
20221109,12:05:43,42109.00,25,359250
20221109,12:05:58,42108.00,25,359250
20221109,12:05:59,42108.00,25,359425
20221109,12:06:27,42115.00,50,359425
20221109,12:07:07,42115.00,25,359425
20221109,12:07:56,42115.00,25,359425
20221109,12:07:58,42115.00,50,359425
20221109,12:08:30,42114.00,25,359425
20221109,12:08:46,42109.85,25,359425
20221109,12:08:53,42109.85,50,359425
20221109,12:09:50,42107.05,25,359450
20221109,12:09:54,42110.70,25,359450
20221109,12:10:14,42112.00,25,359450
20221109,12:10:18,42112.00,750,359450
20221109,12:10:36,42108.45,25,359450
20221109,12:10:37,42108.45,25,359450
20221109,12:10:45,42107.00,50,359450
20221109,12:10:52,42102.95,25,359450
20221109,12:11:00,42102.90,50,359450
20221109,12:11:02,42100.00,25,359450
20221109,12:11:03,42100.00,150,359450
20221109,12:11:05,42099.00,125,359450
20221109,12:11:18,42095.95,25,359450
20221109,12:11:19,42093.00,50,359450
20221109,12:11:24,42090.00,100,359450
20221109,12:11:26,42086.05,50,359450
20221109,12:11:28,42086.00,25,359450
20221109,12:11:33,42081.75,50,359450
20221109,12:11:34,42075.00,650,359450
20221109,12:11:36,42071.95,275,359450
20221109,12:11:52,42068.50,900,359450
20221109,12:11:56,42061.35,50,359450
20221109,12:12:06,42069.90,25,359350
20221109,12:12:20,42067.90,50,359350
20221109,12:12:27,42060.80,25,359350
20221109,12:12:29,42060.00,275,359350
20221109,12:12:42,42061.25,25,359350
20221109,12:12:51,42069.15,25,359350
20221109,12:12:55,42063.75,25,359350
20221109,12:12:56,42058.55,100,359350
20221109,12:13:11,42058.55,25,359350
20221109,12:13:13,42045.00,575,359350
20221109,12:13:14,42040.00,25,359350
20221109,12:13:16,42040.00,100,359350
20221109,12:13:24,42037.35,25,359350
20221109,12:13:31,42032.05,525,359350
20221109,12:13:41,42032.05,25,359350
20221109,12:13:44,42040.50,150,359350
20221109,12:13:47,42038.25,25,359350
20221109,12:13:55,42047.10,25,359350
20221109,12:14:00,42051.75,25,359350
20221109,12:14:07,42049.45,25,359350
20221109,12:14:20,42047.40,50,359350
20221109,12:14:21,42052.00,25,359350
20221109,12:14:30,42049.85,25,359350
20221109,12:14:36,42046.30,50,359350
20221109,12:14:40,42045.00,25,359350
20221109,12:14:50,42047.40,50,359350
20221109,12:14:51,42051.95,25,359350
20221109,12:14:53,42044.35,50,359350
20221109,12:15:08,42045.90,25,359525
20221109,12:15:15,42060.55,175,359525
20221109,12:15:51,42063.25,50,359525
20221109,12:15:53,42064.10,25,359525
20221109,12:16:19,42065.00,125,359525
20221109,12:16:37,42064.10,25,359525
20221109,12:16:39,42064.10,50,359525
20221109,12:16:44,42070.95,25,359525
20221109,12:16:52,42069.70,525,359525
20221109,12:16:53,42060.30,50,359525
20221109,12:16:55,42066.75,25,359525
20221109,12:17:21,42069.00,25,359525
20221109,12:17:22,42075.95,25,359525
20221109,12:17:29,42080.55,25,359525
20221109,12:17:31,42079.70,25,359525
20221109,12:17:52,42079.70,25,359525
20221109,12:17:54,42073.10,50,359525
20221109,12:18:25,42079.85,25,359875
20221109,12:18:31,42075.10,25,359875
20221109,12:18:58,42075.10,25,359875
20221109,12:19:01,42073.10,25,359875
20221109,12:19:13,42073.55,25,359875
20221109,12:19:14,42067.00,50,359875
20221109,12:19:26,42069.65,25,359875
20221109,12:19:36,42060.00,25,359875
20221109,12:19:51,42067.40,25,359875
20221109,12:19:53,42062.25,25,359875
20221109,12:20:47,42065.00,25,359875
20221109,12:21:09,42070.00,50,359925
20221109,12:21:18,42079.20,25,359925
20221109,12:21:27,42077.45,25,359925
20221109,12:22:19,42069.20,25,359925
20221109,12:22:41,42071.95,25,359925
20221109,12:23:08,42075.95,25,359925
20221109,12:23:12,42073.85,25,359925
20221109,12:23:18,42070.00,25,359925
20221109,12:23:20,42070.00,75,359925
20221109,12:23:25,42062.25,25,359925
20221109,12:23:26,42060.00,50,359925
20221109,12:23:39,42062.90,150,359925
20221109,12:23:49,42070.50,25,359925
20221109,12:24:07,42064.75,25,360100
20221109,12:24:31,42075.80,25,360100
20221109,12:25:04,42062.90,25,360100
20221109,12:25:05,42060.05,25,360100
20221109,12:25:12,42060.50,25,360100
20221109,12:25:20,42070.05,25,360100
20221109,12:25:45,42065.70,25,360100
20221109,12:25:56,42066.45,25,360100
20221109,12:26:32,42077.80,25,360100
20221109,12:26:43,42078.60,25,360100
20221109,12:26:54,42079.65,25,360100
20221109,12:27:20,42065.80,25,360175
20221109,12:27:22,42074.95,25,360175
20221109,12:27:57,42074.95,25,360175
20221109,12:28:38,42067.95,25,360175
20221109,12:30:01,42080.00,25,360200
20221109,12:30:10,42090.15,50,360200
20221109,12:30:33,42119.75,100,360200
20221109,12:30:34,42112.00,25,360200
20221109,12:30:38,42113.65,25,360200
20221109,12:31:04,42113.00,25,360200
20221109,12:31:09,42101.00,25,360200
20221109,12:31:52,42084.85,25,360200
20221109,12:32:00,42092.55,25,360200
20221109,12:32:01,42093.90,50,360200
20221109,12:32:26,42080.00,50,360200
20221109,12:33:21,42089.90,25,360300
20221109,12:33:57,42098.00,75,360300
20221109,12:33:59,42106.40,25,360300
20221109,12:34:24,42099.90,25,360300
20221109,12:34:38,42095.00,225,360300
20221109,12:34:40,42099.90,50,360300
20221109,12:35:14,42102.90,50,360300
20221109,12:35:48,42103.00,50,360300
20221109,12:36:04,42100.00,150,360525
20221109,12:36:06,42100.00,150,360525
20221109,12:36:10,42101.75,75,360525
20221109,12:36:14,42106.95,25,360525
20221109,12:36:21,42099.65,25,360525
20221109,12:36:31,42097.00,50,360525
20221109,12:36:33,42097.20,25,360525
20221109,12:36:34,42100.00,50,360525
20221109,12:36:36,42107.00,25,360525
20221109,12:36:38,42099.70,25,360525
20221109,12:36:57,42100.15,75,360525
20221109,12:37:08,42118.00,25,360525
20221109,12:38:13,42119.55,25,360525
20221109,12:38:18,42118.00,25,360525
20221109,12:38:40,42119.80,25,360525
20221109,12:40:40,42103.95,625,361075
20221109,12:40:58,42108.00,50,361075
20221109,12:41:11,42115.65,25,361075
20221109,12:41:43,42119.80,25,361075
20221109,12:41:48,42125.00,400,361075
20221109,12:41:55,42130.00,25,361075
20221109,12:42:24,42130.55,75,360525
20221109,12:42:27,42136.30,500,360525
20221109,12:42:45,42137.85,75,360525
20221109,12:43:26,42139.60,25,360525
20221109,12:43:35,42140.00,25,360525
20221109,12:43:41,42140.00,125,360525
20221109,12:43:58,42140.00,125,360525
20221109,12:44:06,42150.00,200,360525
20221109,12:44:19,42150.00,50,360525
20221109,12:44:57,42140.50,25,360525
20221109,12:45:08,42150.00,25,360600
20221109,12:45:29,42149.95,25,360600
20221109,12:45:51,42140.00,25,360600
20221109,12:46:21,42135.70,50,360600
20221109,12:47:04,42131.00,25,360600
20221109,12:47:11,42130.05,50,360600
20221109,12:47:23,42135.00,25,360600
20221109,12:47:40,42135.70,25,360600
20221109,12:48:09,42137.55,75,360550
20221109,12:48:20,42132.55,25,360550
20221109,12:48:39,42135.00,25,360550
20221109,12:48:40,42135.00,175,360550
20221109,12:48:42,42137.55,25,360550
20221109,12:49:10,42138.55,25,360550
20221109,12:49:26,42144.85,125,360550
20221109,12:49:35,42145.00,50,360550
20221109,12:49:43,42137.00,25,360550
20221109,12:50:20,42136.05,25,360550
20221109,12:50:40,42135.00,75,360550
20221109,12:50:44,42135.00,25,360550
20221109,12:50:45,42135.00,125,360550
20221109,12:51:29,42136.00,25,360575
20221109,12:51:51,42134.70,25,360575
20221109,12:52:01,42135.20,50,360575
20221109,12:52:28,42138.40,50,360575
20221109,12:53:02,42130.00,50,360575
20221109,12:53:04,42125.05,25,360575
20221109,12:53:16,42130.00,25,360575
20221109,12:53:28,42119.55,50,360575
20221109,12:53:33,42129.65,50,360575
20221109,12:54:32,42115.05,25,360650
20221109,12:54:41,42120.00,100,360650
20221109,12:54:42,42120.00,100,360650
20221109,12:56:21,42115.00,25,360650
20221109,12:57:10,42105.00,25,360825
20221109,12:57:27,42107.65,75,360825
20221109,12:57:32,42110.55,25,360825
20221109,12:59:07,42125.20,275,360825
20221109,13:02:05,42143.90,50,360750
20221109,13:02:12,42143.90,100,360750
20221109,13:02:20,42150.05,425,360750
20221109,13:02:21,42155.00,25,360750
20221109,13:02:23,42159.85,50,360750
20221109,13:02:31,42150.00,25,360750
20221109,13:03:17,42153.05,25,360825
20221109,13:04:08,42147.70,100,360825
20221109,13:04:23,42147.00,25,360825
20221109,13:04:24,42147.65,75,360825
20221109,13:04:41,42137.00,25,360825
20221109,13:05:04,42140.00,25,360825
20221109,13:06:38,42131.15,25,360925
20221109,13:07:22,42126.15,25,360925
20221109,13:07:32,42132.05,25,360925
20221109,13:07:47,42140.00,125,360925
20221109,13:07:49,42139.00,50,360925
20221109,13:08:18,42147.70,25,360925
20221109,13:08:20,42150.55,25,360925
20221109,13:08:31,42145.05,25,360925
20221109,13:09:03,42150.00,25,360925
20221109,13:09:16,42145.00,25,360950
20221109,13:09:47,42150.00,25,360950
20221109,13:10:37,42146.60,50,360950
20221109,13:11:31,42138.00,25,360950
20221109,13:11:35,42136.50,50,360950
20221109,13:11:48,42133.10,100,360950
20221109,13:12:32,42134.00,25,361100
20221109,13:13:43,42134.05,25,361100
20221109,13:15:04,42141.30,25,361100
20221109,13:15:06,42144.55,25,361100
20221109,13:15:14,42150.00,25,361125
20221109,13:15:37,42135.80,25,361125
20221109,13:16:01,42145.00,25,361125
20221109,13:16:11,42150.00,25,361125
20221109,13:16:12,42150.00,200,361125
20221109,13:16:16,42151.10,25,361125
20221109,13:16:29,42158.65,50,361125
20221109,13:16:31,42157.30,25,361125
20221109,13:16:32,42151.15,25,361125
20221109,13:17:07,42153.80,25,361125
20221109,13:17:09,42151.10,25,361125
20221109,13:18:10,42131.00,25,361250
20221109,13:18:21,42125.00,125,361250
20221109,13:18:26,42125.00,25,361250
20221109,13:18:33,42115.00,25,361250
20221109,13:18:40,42118.15,25,361250
20221109,13:18:52,42127.05,25,361250
20221109,13:21:04,42131.00,25,361250
20221109,13:21:22,42134.05,25,361325
20221109,13:21:30,42134.05,25,361325
20221109,13:21:59,42124.65,25,361325
20221109,13:22:00,42128.05,25,361325
20221109,13:22:18,42128.95,25,361325
20221109,13:22:31,42130.30,100,361325
20221109,13:23:14,42124.00,25,361325
20221109,13:23:24,42117.00,100,361325
20221109,13:23:50,42121.10,25,361325
20221109,13:24:03,42125.05,125,361325
20221109,13:24:18,42131.05,25,361175
20221109,13:24:30,42136.80,25,361175
20221109,13:25:06,42140.00,25,361175
20221109,13:25:23,42137.15,25,361175
20221109,13:25:36,42135.00,25,361175
20221109,13:25:58,42138.30,50,361175
20221109,13:26:07,42146.15,25,361175
20221109,13:26:10,42139.05,75,361175
20221109,13:26:13,42140.00,25,361175
20221109,13:26:15,42138.00,50,361175
20221109,13:26:40,42138.05,50,361175
20221109,13:26:48,42139.05,50,361175
20221109,13:27:00,42145.40,25,361175
20221109,13:27:24,42135.25,25,361225
20221109,13:27:29,42144.95,25,361225
20221109,13:27:30,42138.15,25,361225
20221109,13:27:32,42137.05,50,361225
20221109,13:27:34,42143.30,25,361225
20221109,13:27:38,42136.00,125,361225
20221109,13:27:42,42141.30,25,361225
20221109,13:27:43,42131.10,25,361225
20221109,13:27:50,42131.05,25,361225
20221109,13:27:53,42131.00,25,361225
20221109,13:28:08,42136.00,25,361225
20221109,13:28:42,42135.00,25,361225
20221109,13:28:49,42131.00,25,361225
20221109,13:29:02,42135.00,25,361225
20221109,13:29:26,42137.10,50,361225
20221109,13:29:54,42137.10,50,361225
20221109,13:30:05,42139.00,25,361225
20221109,13:30:13,42143.00,25,361225
20221109,13:30:15,42145.00,25,361225
20221109,13:30:21,42149.95,25,361225
20221109,13:30:30,42139.00,25,361225
20221109,13:31:11,42145.00,50,361225
20221109,13:31:44,42146.40,25,361225
20221109,13:31:59,42148.55,25,361225
20221109,13:32:07,42150.00,75,361225
20221109,13:32:14,42150.00,25,361225
20221109,13:32:19,42154.70,25,361225
20221109,13:32:49,42140.00,25,361225
20221109,13:33:27,42145.00,50,361175
20221109,13:33:34,42145.00,175,361175
20221109,13:35:09,42145.00,75,361175
20221109,13:35:11,42148.55,100,361175
20221109,13:35:14,42162.00,700,361175
20221109,13:35:29,42165.00,25,361175
20221109,13:35:34,42171.00,100,361175
20221109,13:35:36,42174.85,100,361175
20221109,13:35:41,42175.00,25,361175
20221109,13:35:44,42168.05,25,361175
20221109,13:35:56,42163.15,25,361175
20221109,13:36:14,42175.00,100,361700
20221109,13:36:35,42177.00,175,361700
20221109,13:37:07,42176.25,25,361700
20221109,13:37:15,42175.45,125,361700
20221109,13:37:31,42180.40,275,361700
20221109,13:37:33,42182.00,25,361700
20221109,13:37:56,42179.15,25,361700
20221109,13:38:07,42185.00,100,361700
20221109,13:38:27,42182.90,25,361700
20221109,13:38:35,42185.00,25,361700
20221109,13:38:48,42179.00,25,361700
20221109,13:39:14,42184.15,25,361775
20221109,13:39:16,42181.00,50,361775
20221109,13:39:22,42179.75,50,361775
20221109,13:39:30,42183.40,75,361775
20221109,13:39:44,42182.10,25,361775
20221109,13:39:53,42179.00,25,361775
20221109,13:40:05,42180.10,25,361775
20221109,13:40:15,42185.00,75,361775
20221109,13:40:17,42190.00,25,361775
20221109,13:40:18,42192.00,75,361775
20221109,13:40:23,42192.00,25,361775
20221109,13:40:27,42197.45,125,361775
20221109,13:40:38,42197.45,25,361775
20221109,13:40:51,42197.70,25,361775
20221109,13:40:54,42197.70,50,361775
20221109,13:40:56,42197.00,25,361775
20221109,13:40:58,42190.10,125,361775
20221109,13:41:15,42199.00,150,361775
20221109,13:41:19,42199.00,25,361775
20221109,13:41:23,42199.00,25,361775
20221109,13:41:27,42200.00,125,361775
20221109,13:41:37,42200.00,25,361775
20221109,13:41:39,42200.00,25,361775
20221109,13:41:44,42198.95,25,361775
20221109,13:42:06,42197.45,125,361775
20221109,13:42:10,42199.95,125,361825
20221109,13:42:14,42195.15,25,361825
20221109,13:42:28,42196.05,25,361825
20221109,13:42:45,42195.45,25,361825
20221109,13:43:04,42194.90,25,361825
20221109,13:43:35,42195.00,25,361825
20221109,13:43:36,42194.90,25,361825
20221109,13:43:38,42194.85,25,361825
20221109,13:43:41,42195.45,25,361825
20221109,13:43:49,42195.45,25,361825
20221109,13:43:57,42195.45,50,361825
20221109,13:44:01,42200.00,100,361825
20221109,13:44:02,42201.00,900,361825
20221109,13:44:06,42204.00,25,361825
20221109,13:44:07,42205.00,25,361825
20221109,13:44:10,42205.00,50,361825
20221109,13:44:14,42210.00,75,361825
20221109,13:44:25,42213.00,125,361825
20221109,13:44:34,42213.00,50,361825
20221109,13:44:35,42202.15,75,361825
20221109,13:44:42,42195.55,450,361825
20221109,13:44:45,42193.10,25,361825
20221109,13:44:47,42190.75,25,361825
20221109,13:44:48,42196.00,25,361825
20221109,13:44:53,42187.45,25,361825
20221109,13:44:55,42189.70,25,361825
20221109,13:44:56,42189.10,100,361825
20221109,13:44:58,42183.05,100,361825
20221109,13:45:01,42189.15,25,361825
20221109,13:45:11,42180.05,25,361550
20221109,13:45:13,42189.45,25,361550
20221109,13:45:16,42184.15,25,361550
20221109,13:45:18,42182.45,100,361550
20221109,13:45:32,42174.05,50,361550
20221109,13:45:47,42182.00,25,361550
20221109,13:45:50,42185.00,25,361550
20221109,13:46:24,42186.00,400,361550
20221109,13:46:43,42199.95,25,361550
20221109,13:46:44,42200.00,200,361550
20221109,13:46:49,42200.00,25,361550
20221109,13:47:01,42199.80,25,361550
20221109,13:47:02,42200.95,50,361550
20221109,13:47:19,42202.65,25,361550
20221109,13:47:20,42200.95,25,361550
20221109,13:47:43,42198.40,25,361550
20221109,13:47:49,42200.05,25,361550
20221109,13:48:17,42202.90,25,361575
20221109,13:48:19,42200.65,25,361575
20221109,13:48:21,42200.90,25,361575
20221109,13:48:39,42201.05,50,361575
20221109,13:48:40,42205.00,25,361575
20221109,13:48:44,42201.95,25,361575
20221109,13:48:53,42202.35,100,361575
20221109,13:49:07,42205.05,25,361575
20221109,13:49:15,42206.00,25,361575
20221109,13:49:18,42205.05,25,361575
20221109,13:49:26,42208.50,25,361575
20221109,13:49:28,42210.00,50,361575
20221109,13:49:31,42209.95,50,361575
20221109,13:49:35,42210.00,100,361575
20221109,13:49:41,42206.95,25,361575
20221109,13:49:46,42210.00,50,361575
20221109,13:49:53,42210.00,50,361575
20221109,13:49:58,42210.00,25,361575
20221109,13:50:10,42211.90,25,361575
20221109,13:50:11,42215.00,50,361575
20221109,13:50:13,42215.00,50,361575
20221109,13:50:15,42228.00,675,361575
20221109,13:50:16,42232.00,125,361575
20221109,13:50:18,42236.00,50,361575
20221109,13:50:21,42239.95,25,361575
20221109,13:50:26,42239.95,175,361575
20221109,13:50:29,42234.50,25,361575
20221109,13:50:31,42237.00,100,361575
20221109,13:50:33,42235.40,25,361575
20221109,13:50:38,42237.15,75,361575
20221109,13:50:41,42235.85,25,361575
20221109,13:50:44,42232.00,25,361575
20221109,13:50:47,42231.95,25,361575
20221109,13:50:49,42235.90,25,361575
20221109,13:50:56,42232.95,125,361575
20221109,13:51:01,42237.00,75,361575
20221109,13:51:04,42235.90,25,361575
20221109,13:51:05,42266.95,1725,361575
20221109,13:51:07,42266.95,75,361575
20221109,13:51:09,42254.00,125,361575
20221109,13:51:10,42245.50,50,361575
20221109,13:51:14,42258.00,100,361575
20221109,13:51:17,42245.85,50,361575
20221109,13:51:20,42246.90,25,362350
20221109,13:51:23,42239.95,25,362350
20221109,13:51:27,42240.00,25,362350
20221109,13:51:32,42234.60,25,362350
20221109,13:51:33,42241.05,250,362350
20221109,13:51:43,42239.90,25,362350
20221109,13:51:47,42236.15,25,362350
20221109,13:51:50,42236.30,25,362350
20221109,13:51:55,42240.40,75,362350
20221109,13:51:58,42233.00,25,362350
20221109,13:52:02,42230.00,25,362350
20221109,13:52:08,42228.00,50,362350
20221109,13:52:15,42236.95,150,362350
20221109,13:52:20,42231.30,100,362350
20221109,13:52:28,42238.00,25,362350
20221109,13:52:35,42238.00,100,362350
20221109,13:52:38,42233.15,50,362350
20221109,13:52:40,42233.25,25,362350
20221109,13:52:43,42238.00,50,362350
20221109,13:52:48,42230.00,125,362350
20221109,13:52:50,42228.00,25,362350
20221109,13:52:55,42234.70,100,362350
20221109,13:53:00,42226.70,50,362350
20221109,13:53:01,42228.40,25,362350
20221109,13:53:03,42230.15,25,362350
20221109,13:53:05,42234.15,50,362350
20221109,13:53:13,42231.75,25,362350
20221109,13:53:16,42229.35,100,362350
20221109,13:53:19,42234.00,75,362350
20221109,13:53:24,42234.90,100,362350
20221109,13:53:28,42234.00,400,362350
20221109,13:53:36,42228.95,25,362350
20221109,13:53:42,42234.00,100,362350
20221109,13:53:50,42228.20,150,362350
20221109,13:53:52,42220.15,25,362350
20221109,13:53:54,42225.90,25,362350
20221109,13:53:55,42225.70,50,362350
20221109,13:54:02,42221.00,25,362350
20221109,13:54:05,42222.00,125,362350
20221109,13:54:06,42213.35,200,362350
20221109,13:54:08,42212.85,25,362350
20221109,13:54:10,42213.15,50,362350
20221109,13:54:28,42210.00,50,363050
20221109,13:54:30,42200.00,350,363050
20221109,13:54:33,42200.00,200,363050
20221109,13:54:35,42200.00,50,363050
20221109,13:54:40,42200.00,25,363050
20221109,13:54:46,42200.00,25,363050
20221109,13:54:55,42200.05,25,363050
20221109,13:55:06,42200.00,50,363050
20221109,13:55:08,42199.95,25,363050
20221109,13:55:11,42190.00,225,363050
20221109,13:55:14,42190.00,225,363050
20221109,13:55:21,42184.15,500,363050
20221109,13:55:24,42184.10,25,363050
20221109,13:55:46,42184.50,25,363050
20221109,13:55:54,42195.70,25,363050
20221109,13:55:56,42199.50,50,363050
20221109,13:56:01,42200.00,25,363050
20221109,13:56:11,42194.00,250,363050
20221109,13:56:31,42198.00,75,363050
20221109,13:56:46,42189.00,50,363050
20221109,13:56:47,42189.00,50,363050
20221109,13:56:49,42187.00,25,363050
20221109,13:56:50,42186.45,100,363050
20221109,13:56:52,42188.15,50,363050
20221109,13:56:55,42187.45,25,363050
20221109,13:56:58,42185.45,25,363050
20221109,13:57:00,42185.30,25,363050
20221109,13:57:02,42185.00,25,363050
20221109,13:57:08,42185.30,25,363050
20221109,13:57:10,42185.80,25,363050
20221109,13:57:21,42179.45,250,363575
20221109,13:57:23,42172.90,75,363575
20221109,13:57:28,42187.85,50,363575
20221109,13:57:43,42183.70,50,363575
20221109,13:58:14,42193.00,75,363575
20221109,13:58:16,42193.00,50,363575
20221109,13:58:17,42193.35,50,363575
20221109,13:58:21,42192.80,25,363575
20221109,13:58:27,42199.75,25,363575
20221109,13:58:29,42200.00,125,363575
20221109,13:58:34,42207.45,75,363575
20221109,13:58:47,42215.50,25,363575
20221109,13:58:54,42209.15,25,363575
20221109,13:59:02,42222.65,25,363575
20221109,13:59:09,42226.35,25,363575
20221109,13:59:11,42225.60,350,363575
20221109,13:59:20,42215.45,200,363575
20221109,13:59:22,42206.75,25,363575
20221109,13:59:34,42227.70,50,363575
20221109,13:59:52,42212.30,25,363575
20221109,14:00:08,42214.05,25,363575
20221109,14:00:10,42215.00,25,363575
20221109,14:00:22,42214.15,25,363325
20221109,14:00:23,42220.00,25,363325
20221109,14:00:38,42220.05,25,363325
20221109,14:00:42,42221.05,200,363325
20221109,14:00:53,42220.65,25,363325
20221109,14:01:03,42220.70,25,363325
20221109,14:01:11,42212.05,125,363325
20221109,14:01:14,42210.00,50,363325
20221109,14:01:18,42215.40,350,363325
20221109,14:01:28,42205.15,25,363325
20221109,14:01:33,42210.00,25,363325
20221109,14:01:34,42205.05,50,363325
20221109,14:01:42,42210.00,50,363325
20221109,14:01:44,42213.35,25,363325
20221109,14:02:00,42207.40,25,363325
20221109,14:02:09,42200.00,25,363325
20221109,14:02:20,42203.30,50,363325
20221109,14:02:30,42200.00,50,363325
20221109,14:02:35,42196.15,25,363325
20221109,14:02:49,42194.70,25,363325
20221109,14:03:04,42195.25,25,363325
20221109,14:03:16,42200.00,25,363700
20221109,14:03:21,42198.20,25,363700
20221109,14:03:29,42207.35,25,363700
20221109,14:03:31,42202.80,25,363700
20221109,14:03:32,42203.50,25,363700
20221109,14:03:36,42206.70,25,363700
20221109,14:03:49,42208.30,25,363700
20221109,14:03:51,42210.65,25,363700
20221109,14:03:52,42209.00,25,363700
20221109,14:04:04,42209.00,25,363700
20221109,14:04:41,42206.80,25,363700
20221109,14:04:44,42206.80,25,363700
20221109,14:04:46,42206.80,25,363700
20221109,14:04:54,42206.05,25,363700
20221109,14:05:01,42213.30,25,363700
20221109,14:05:26,42213.35,50,363700
20221109,14:05:27,42220.00,25,363700
20221109,14:05:29,42225.00,25,363700
20221109,14:05:34,42219.70,75,363700
20221109,14:05:36,42220.95,25,363700
20221109,14:06:04,42226.00,100,363700
20221109,14:06:13,42235.00,25,363700
20221109,14:06:14,42235.00,100,363700
20221109,14:06:16,42235.00,25,363900
20221109,14:06:18,42235.00,100,363900
20221109,14:06:22,42234.15,75,363900
20221109,14:06:29,42232.95,25,363900
20221109,14:06:39,42232.25,250,363900
20221109,14:06:44,42227.85,25,363900
20221109,14:06:52,42223.65,25,363900
20221109,14:06:57,42229.50,50,363900
20221109,14:07:15,42233.65,25,363900
20221109,14:07:24,42239.90,100,363900
20221109,14:07:25,42238.95,200,363900
20221109,14:07:39,42232.15,125,363900
20221109,14:07:40,42238.60,25,363900
20221109,14:07:49,42230.05,100,363900
20221109,14:08:07,42229.75,50,363900
20221109,14:08:10,42230.00,50,363900
20221109,14:08:20,42226.55,25,363900
20221109,14:08:22,42230.00,25,363900
20221109,14:08:48,42235.00,100,363900
20221109,14:08:53,42230.45,25,363900
20221109,14:08:55,42232.30,25,363900
20221109,14:08:56,42235.00,25,363900
20221109,14:09:04,42235.00,25,363900
20221109,14:09:18,42240.00,50,364800
20221109,14:09:24,42245.00,50,364800
20221109,14:09:31,42247.50,25,364800
20221109,14:09:34,42249.45,100,364800
20221109,14:09:38,42247.50,25,364800
20221109,14:09:51,42250.00,25,364800
20221109,14:09:54,42250.00,25,364800
20221109,14:09:56,42249.00,50,364800
20221109,14:10:06,42250.00,50,364800
20221109,14:10:09,42249.75,25,364800
20221109,14:10:13,42250.00,125,364800
20221109,14:10:14,42250.00,25,364800
20221109,14:10:19,42256.50,500,364800
20221109,14:10:21,42257.45,50,364800
20221109,14:10:24,42259.85,25,364800
20221109,14:10:31,42250.00,300,364800
20221109,14:10:32,42254.95,25,364800
20221109,14:10:36,42251.00,75,364800
20221109,14:10:37,42249.90,25,364800
20221109,14:10:39,42249.50,225,364800
20221109,14:10:42,42250.50,25,364800
20221109,14:10:49,42244.85,25,364800
20221109,14:10:52,42243.30,25,364800
20221109,14:10:56,42246.50,25,364800
20221109,14:10:57,42246.50,25,364800
20221109,14:10:59,42238.00,75,364800
20221109,14:11:02,42244.95,25,364800
20221109,14:11:09,42237.65,25,364800
20221109,14:11:16,42242.65,25,364800
20221109,14:11:33,42245.00,25,364800
20221109,14:11:35,42245.00,25,364800
20221109,14:11:37,42246.00,25,364800
20221109,14:11:43,42250.00,25,364800
20221109,14:11:48,42253.00,25,364800
20221109,14:11:53,42246.85,25,364800
20221109,14:11:58,42247.30,25,364800
20221109,14:12:09,42247.30,125,364800
20221109,14:12:14,42254.95,25,364800
20221109,14:12:29,42247.30,25,365800
20221109,14:12:30,42249.45,25,365800
20221109,14:12:32,42253.00,25,365800
20221109,14:12:40,42250.25,50,365800
20221109,14:12:48,42249.70,25,365800
20221109,14:12:55,42246.20,25,365800
20221109,14:12:57,42247.55,25,365800
20221109,14:13:05,42249.50,100,365800
20221109,14:13:07,42253.95,25,365800
20221109,14:13:11,42249.50,25,365800
20221109,14:13:18,42252.00,25,365800
20221109,14:13:26,42254.00,75,365800
20221109,14:13:31,42254.90,25,365800
20221109,14:13:44,42251.85,25,365800
20221109,14:13:46,42252.65,50,365800
20221109,14:13:48,42253.00,50,365800
20221109,14:13:51,42250.00,25,365800
20221109,14:13:57,42251.90,50,365800
20221109,14:14:16,42252.90,25,365800
20221109,14:14:18,42254.00,25,365800
20221109,14:14:20,42254.30,50,365800
20221109,14:14:21,42262.00,100,365800
20221109,14:14:23,42260.25,75,365800
20221109,14:14:30,42260.95,25,365800
20221109,14:14:31,42264.85,50,365800
20221109,14:14:33,42266.95,100,365800
20221109,14:14:38,42269.00,25,365800
20221109,14:14:41,42269.00,100,365800
20221109,14:14:43,42270.95,75,365800
20221109,14:14:46,42270.95,100,365800
20221109,14:14:50,42265.00,50,365800
20221109,14:14:51,42262.45,100,365800
20221109,14:14:58,42270.00,75,365800
20221109,14:15:01,42278.45,175,365800
20221109,14:15:05,42278.45,75,365800
20221109,14:15:06,42280.35,25,365800
20221109,14:15:13,42285.95,25,365800
20221109,14:15:15,42285.95,25,365800
20221109,14:15:16,42277.75,25,365800
20221109,14:15:20,42280.35,25,366775
20221109,14:15:25,42278.35,25,366775
20221109,14:15:26,42280.00,50,366775
20221109,14:15:28,42284.85,25,366775
20221109,14:15:36,42276.50,50,366775
20221109,14:15:41,42281.90,25,366775
20221109,14:15:45,42276.25,25,366775
20221109,14:15:46,42276.00,25,366775
20221109,14:15:50,42275.90,25,366775
20221109,14:15:51,42275.90,50,366775
20221109,14:15:53,42274.50,25,366775
20221109,14:16:00,42275.90,25,366775
20221109,14:16:01,42275.90,25,366775
20221109,14:16:06,42275.90,50,366775
20221109,14:16:08,42286.00,175,366775
20221109,14:16:16,42286.00,25,366775
20221109,14:16:24,42286.00,25,366775
20221109,14:16:28,42288.00,125,366775
20221109,14:16:29,42288.95,50,366775
20221109,14:16:33,42279.90,75,366775
20221109,14:16:36,42279.85,25,366775
20221109,14:16:41,42284.00,50,366775
20221109,14:16:53,42272.50,25,366775
20221109,14:16:54,42272.50,25,366775
20221109,14:16:56,42279.20,25,366775
20221109,14:16:58,42272.80,100,366775
20221109,14:16:59,42272.85,50,366775
20221109,14:17:01,42267.60,175,366775
20221109,14:17:03,42266.25,50,366775
20221109,14:17:04,42267.65,25,366775
20221109,14:17:06,42274.20,25,366775
20221109,14:17:08,42265.40,125,366775
20221109,14:17:11,42264.00,25,366775
20221109,14:17:18,42252.85,75,366775
20221109,14:17:21,42257.05,50,366775
20221109,14:17:23,42259.65,50,366775
20221109,14:17:24,42252.85,25,366775
20221109,14:17:26,42254.80,50,366775
20221109,14:17:28,42257.45,50,366775
20221109,14:17:31,42252.35,175,366775
20221109,14:17:33,42245.00,50,366775
20221109,14:17:39,42253.95,25,366775
20221109,14:17:46,42244.00,100,366775
20221109,14:17:52,42237.70,75,366775
20221109,14:17:54,42236.05,100,366775
20221109,14:18:00,42237.50,25,366775
20221109,14:18:02,42236.95,25,366775
20221109,14:18:10,42240.00,50,366775
20221109,14:18:19,42236.05,25,368025
20221109,14:18:27,42226.65,75,368025
20221109,14:18:30,42225.00,50,368025
20221109,14:18:32,42225.00,125,368025
20221109,14:18:33,42223.75,25,368025
20221109,14:18:37,42215.95,75,368025
20221109,14:18:48,42208.05,500,368025
20221109,14:18:55,42211.80,200,368025
20221109,14:19:00,42223.25,25,368025
20221109,14:19:05,42216.95,50,368025
20221109,14:19:10,42220.00,25,368025
20221109,14:19:12,42216.95,25,368025
20221109,14:19:15,42220.00,75,368025
20221109,14:19:22,42223.65,75,368025
20221109,14:19:28,42222.95,50,368025
20221109,14:19:36,42230.00,25,368025
20221109,14:19:40,42229.60,25,368025
20221109,14:20:04,42218.00,25,368025
20221109,14:20:39,42227.10,25,368025
20221109,14:20:42,42234.90,25,368025
20221109,14:20:46,42225.75,25,368025
20221109,14:20:49,42226.90,50,368025
20221109,14:20:51,42232.00,25,368025
20221109,14:20:52,42238.00,25,368025
20221109,14:20:56,42240.00,25,368025
20221109,14:21:25,42240.00,200,368600
20221109,14:21:31,42232.25,100,368600
20221109,14:21:33,42230.05,75,368600
20221109,14:21:51,42228.25,50,368600
20221109,14:22:15,42237.00,50,368600
20221109,14:22:23,42239.40,25,368600
20221109,14:22:46,42239.50,25,368600
20221109,14:22:58,42230.00,50,368600
20221109,14:23:16,42245.85,50,368600
20221109,14:23:28,42244.10,25,368600
20221109,14:23:36,42238.95,25,368600
20221109,14:23:39,42239.80,25,368600
20221109,14:23:41,42234.95,100,368600
20221109,14:23:59,42230.00,25,368600
20221109,14:24:09,42230.00,25,368600
20221109,14:24:14,42230.05,100,368600
20221109,14:24:32,42238.95,25,369050
20221109,14:24:35,42238.00,25,369050
20221109,14:24:38,42238.00,25,369050
20221109,14:24:58,42232.20,25,369050
20221109,14:25:20,42231.25,25,369050
20221109,14:25:27,42238.00,25,369050
20221109,14:25:43,42237.90,400,369050
20221109,14:25:45,42230.05,25,369050
20221109,14:25:50,42231.25,25,369050
20221109,14:26:03,42233.15,100,369050
20221109,14:26:23,42240.00,25,369050
20221109,14:26:28,42232.15,25,369050
20221109,14:26:31,42232.10,100,369050
20221109,14:26:46,42232.00,25,369050
20221109,14:26:57,42236.85,50,369050
20221109,14:27:02,42229.25,25,369050
20221109,14:27:13,42232.10,25,369050
20221109,14:27:50,42232.10,50,369325
20221109,14:27:51,42235.05,50,369325
20221109,14:28:09,42242.75,25,369325
20221109,14:28:16,42235.05,25,369325
20221109,14:28:22,42240.00,300,369325
20221109,14:28:41,42228.00,100,369325
20221109,14:28:43,42222.05,25,369325
20221109,14:28:59,42224.05,25,369325
20221109,14:29:01,42223.05,50,369325
20221109,14:29:02,42232.25,75,369325
20221109,14:29:04,42230.00,25,369325
20221109,14:29:20,42230.15,25,369325
20221109,14:29:22,42231.05,100,369325
20221109,14:29:45,42238.00,25,369325
20221109,14:29:50,42236.65,25,369325
20221109,14:30:08,42238.95,25,369325
20221109,14:30:22,42222.05,25,369800
20221109,14:30:30,42224.00,100,369800
20221109,14:30:35,42223.05,50,369800
20221109,14:31:03,42220.00,25,369800
20221109,14:31:06,42212.00,25,369800
20221109,14:31:11,42210.00,25,369800
20221109,14:31:14,42216.10,25,369800
20221109,14:31:39,42217.00,25,369800
20221109,14:31:40,42214.05,25,369800
20221109,14:31:42,42212.05,25,369800
20221109,14:31:54,42216.55,75,369800
20221109,14:31:57,42212.05,25,369800
20221109,14:32:03,42208.15,75,369800
20221109,14:32:31,42217.35,25,369800
20221109,14:32:54,42215.50,25,369800
20221109,14:33:01,42216.25,25,369800
20221109,14:33:02,42217.50,25,369800
20221109,14:33:17,42233.30,25,369800
20221109,14:33:51,42224.15,50,369950
20221109,14:34:49,42220.00,25,369950
20221109,14:35:21,42218.70,150,369950
20221109,14:35:52,42219.95,50,369950
20221109,14:36:05,42221.40,25,369950
20221109,14:36:51,42220.00,50,370000
20221109,14:37:19,42221.05,25,370000
20221109,14:37:23,42228.75,25,370000
20221109,14:37:49,42224.35,25,370000
20221109,14:37:54,42223.35,25,370000
20221109,14:38:02,42221.00,25,370000
20221109,14:38:13,42227.35,25,370000
20221109,14:38:20,42221.70,25,370000
20221109,14:38:41,42215.15,25,370000
20221109,14:38:46,42215.00,25,370000
20221109,14:38:50,42208.00,50,370000
20221109,14:39:04,42216.05,25,370000
20221109,14:39:06,42200.00,50,370000
20221109,14:39:08,42200.00,50,370000
20221109,14:39:09,42193.70,175,370000
20221109,14:39:13,42196.10,25,370000
20221109,14:39:16,42192.00,25,370000
20221109,14:39:18,42184.05,25,370000
20221109,14:39:26,42180.00,75,370075
20221109,14:39:28,42180.00,50,370075
20221109,14:39:29,42180.00,25,370075
20221109,14:39:31,42180.00,25,370075
20221109,14:39:36,42179.95,25,370075
20221109,14:39:43,42173.00,300,370075
20221109,14:39:51,42179.80,25,370075
20221109,14:39:56,42168.90,25,370075
20221109,14:40:01,42155.90,450,370075
20221109,14:40:03,42150.00,150,370075
20221109,14:40:04,42147.00,150,370075
20221109,14:40:09,42137.00,125,370075
20221109,14:40:11,42130.00,100,370075
20221109,14:40:13,42129.95,25,370075
20221109,14:40:16,42141.95,50,370075
20221109,14:40:18,42140.05,25,370075
20221109,14:40:19,42144.50,125,370075
20221109,14:40:26,42130.00,75,370075
20221109,14:40:27,42125.00,150,370075
20221109,14:40:29,42123.15,100,370075
20221109,14:40:31,42123.05,25,370075
20221109,14:40:32,42120.10,25,370075
20221109,14:40:34,42120.00,75,370075
20221109,14:40:37,42122.35,75,370075
20221109,14:40:41,42124.40,75,370075
20221109,14:40:54,42137.90,25,370075
20221109,14:41:01,42138.00,25,370075
20221109,14:41:09,42137.00,25,370075
20221109,14:41:11,42135.00,25,370075
20221109,14:41:16,42137.90,25,370075
20221109,14:41:34,42143.00,25,370075
20221109,14:41:39,42149.75,25,370075
20221109,14:41:42,42141.55,75,370075
20221109,14:42:05,42137.05,50,370075
20221109,14:42:26,42127.00,25,370050
20221109,14:42:28,42124.00,25,370050
20221109,14:42:31,42122.00,25,370050
20221109,14:42:33,42122.55,25,370050
20221109,14:42:44,42128.45,25,370050
20221109,14:42:54,42128.85,25,370050
20221109,14:43:00,42129.25,25,370050
20221109,14:43:14,42130.00,175,370050
20221109,14:43:17,42128.05,25,370050
20221109,14:43:22,42135.80,25,370050
20221109,14:43:32,42130.30,25,370050
20221109,14:43:34,42133.80,25,370050
20221109,14:43:49,42130.95,25,370050
20221109,14:43:54,42133.55,25,370050
20221109,14:44:10,42132.25,25,370050
20221109,14:44:12,42130.00,100,370050
20221109,14:44:13,42121.00,100,370050
20221109,14:44:15,42126.50,25,370050
20221109,14:44:17,42126.90,25,370050
20221109,14:44:18,42121.95,150,370050
20221109,14:44:20,42111.00,50,370050
20221109,14:44:22,42110.00,75,370050
20221109,14:44:28,42114.50,75,370050
20221109,14:44:30,42101.05,550,370050
20221109,14:44:33,42101.00,25,370050
20221109,14:44:38,42111.95,25,370050
20221109,14:44:43,42110.85,25,370050
20221109,14:44:45,42106.05,50,370050
20221109,14:44:48,42109.90,75,370050
20221109,14:44:50,42109.95,175,370050
20221109,14:44:52,42110.00,25,370050
20221109,14:44:57,42105.00,25,370050
20221109,14:45:00,42100.00,375,370050
20221109,14:45:02,42090.00,275,370050
20221109,14:45:07,42089.90,25,370050
20221109,14:45:08,42086.00,25,370050
20221109,14:45:10,42090.00,125,370050
20221109,14:45:15,42090.00,25,370050
20221109,14:45:20,42097.00,50,370050
20221109,14:45:22,42090.00,25,370050
20221109,14:45:24,42086.00,75,370050
20221109,14:45:25,42084.75,25,370150
20221109,14:45:30,42094.30,75,370150
20221109,14:45:34,42096.90,125,370150
20221109,14:45:39,42093.55,25,370150
20221109,14:45:40,42109.80,75,370150
20221109,14:45:42,42100.75,50,370150
20221109,14:45:49,42104.15,100,370150
20221109,14:45:52,42102.00,50,370150
20221109,14:45:57,42091.95,450,370150
20221109,14:46:04,42093.90,25,370150
20221109,14:46:25,42100.00,25,370150
20221109,14:46:33,42104.15,25,370150
20221109,14:46:42,42111.65,25,370150
20221109,14:46:52,42106.55,25,370150
20221109,14:46:53,42109.65,525,370150
20221109,14:47:03,42111.05,50,370150
20221109,14:47:23,42117.00,25,370150
20221109,14:47:25,42118.00,75,370150
20221109,14:47:28,42115.00,75,370150
20221109,14:47:32,42119.95,25,370150
20221109,14:47:50,42120.00,225,370150
20221109,14:47:53,42124.95,500,370150
20221109,14:47:58,42125.90,25,370150
20221109,14:48:09,42110.00,100,370150
20221109,14:48:13,42107.00,25,370150
20221109,14:48:19,42105.90,25,370150
20221109,14:48:23,42100.00,25,370150
20221109,14:48:26,42085.15,900,370425
20221109,14:48:44,42099.65,25,370425
20221109,14:48:46,42100.00,900,370425
20221109,14:48:48,42105.90,25,370425
20221109,14:49:03,42091.20,25,370425
20221109,14:49:14,42100.00,25,370425
20221109,14:49:24,42090.15,25,370425
20221109,14:49:27,42085.15,25,370425
20221109,14:49:32,42085.00,25,370425
20221109,14:49:41,42085.00,25,370425
20221109,14:49:42,42080.60,350,370425
20221109,14:49:46,42080.60,25,370425
20221109,14:49:47,42080.65,25,370425
20221109,14:49:52,42085.00,25,370425
20221109,14:49:54,42085.00,25,370425
20221109,14:50:04,42085.00,25,370425
20221109,14:50:06,42091.95,100,370425
20221109,14:50:19,42085.00,25,370425
20221109,14:50:36,42097.95,25,370425
20221109,14:50:44,42093.70,25,370425
20221109,14:50:47,42085.00,50,370425
20221109,14:50:49,42090.00,50,370425
20221109,14:50:52,42085.05,25,370425
20221109,14:51:02,42089.40,25,370425
20221109,14:51:04,42085.00,100,370425
20221109,14:51:07,42080.60,75,370425
20221109,14:51:09,42080.55,175,370425
20221109,14:51:11,42080.60,50,370425
20221109,14:51:12,42088.90,25,370425
20221109,14:51:14,42085.00,25,370425
20221109,14:51:22,42083.60,50,370425
20221109,14:51:36,42094.75,425,369275
20221109,14:51:37,42085.05,25,369275
20221109,14:51:42,42088.15,25,369275
20221109,14:51:49,42092.00,25,369275
20221109,14:52:02,42085.00,25,369275
20221109,14:52:07,42080.55,425,369275
20221109,14:52:09,42080.60,25,369275
20221109,14:52:14,42080.60,25,369275
20221109,14:52:17,42089.80,25,369275
20221109,14:52:19,42080.60,25,369275
20221109,14:52:24,42082.70,25,369275
20221109,14:52:48,42085.00,50,369275
20221109,14:53:06,42091.85,25,369275
20221109,14:53:11,42092.85,250,369275
20221109,14:53:15,42085.05,25,369275
20221109,14:53:19,42095.70,50,369275
20221109,14:53:53,42091.70,175,369275
20221109,14:53:55,42085.25,25,369275
20221109,14:54:01,42085.00,25,369275
20221109,14:54:03,42086.90,25,369275
20221109,14:54:08,42085.00,75,369275
20221109,14:54:10,42081.15,25,369275
20221109,14:54:13,42080.55,1150,369275
20221109,14:54:16,42080.35,900,369275
20221109,14:54:21,42080.25,1025,369275
20221109,14:54:23,42080.25,50,369275
20221109,14:54:28,42080.00,4025,367000
20221109,14:54:30,42076.90,500,367000
20221109,14:54:33,42072.00,25,367000
20221109,14:54:35,42071.05,125,367000
20221109,14:54:36,42064.00,75,367000
20221109,14:54:39,42063.30,25,367000
20221109,14:54:44,42060.30,50,367000
20221109,14:54:54,42056.90,1000,367000
20221109,14:54:57,42056.40,900,367000
20221109,14:55:01,42055.60,900,367000
20221109,14:55:04,42052.60,925,367000
20221109,14:55:06,42055.60,25,367000
20221109,14:55:09,42058.85,25,367000
20221109,14:55:12,42063.75,25,367000
20221109,14:55:15,42073.55,25,367000
20221109,14:55:24,42074.85,25,367000
20221109,14:55:25,42076.60,75,367000
20221109,14:55:32,42079.10,50,367000
20221109,14:55:35,42076.60,25,367000
20221109,14:55:47,42084.75,25,367000
20221109,14:56:02,42082.15,100,367000
20221109,14:56:03,42090.40,100,367000
20221109,14:56:18,42090.00,25,367000
20221109,14:56:23,42095.00,25,367000
20221109,14:56:28,42100.00,50,367000
20221109,14:56:31,42100.00,100,367000
20221109,14:56:41,42104.45,175,367000
20221109,14:56:51,42105.00,75,367000
20221109,14:56:53,42113.00,25,367000
20221109,14:56:57,42115.95,225,367000
20221109,14:57:14,42101.00,25,367000
20221109,14:57:15,42100.00,25,367000
20221109,14:57:17,42091.90,25,367000
20221109,14:58:27,42097.20,25,364050
20221109,14:58:28,42091.90,50,364050
20221109,14:58:35,42092.10,25,364050
20221109,14:58:38,42092.10,25,364050
20221109,14:58:51,42100.85,25,364050
20221109,14:58:56,42100.00,25,364050
20221109,14:59:04,42105.40,50,364050
20221109,14:59:08,42102.30,25,364050
20221109,14:59:15,42101.55,25,364050
20221109,14:59:34,42096.90,175,364050
20221109,14:59:51,42108.85,25,364050
20221109,14:59:54,42105.75,25,364050
20221109,15:00:01,42090.00,75,364050
20221109,15:00:11,42105.75,25,364050
20221109,15:00:13,42103.80,150,364050
20221109,15:00:18,42114.55,100,364050
20221109,15:00:21,42119.00,25,364050
20221109,15:00:29,42117.15,25,364225
20221109,15:00:31,42120.00,25,364225
20221109,15:00:38,42120.00,25,364225
20221109,15:00:39,42124.00,25,364225
20221109,15:00:48,42123.95,75,364225
20221109,15:00:49,42123.95,25,364225
20221109,15:00:51,42120.30,25,364225
20221109,15:00:53,42124.00,100,364225
20221109,15:01:01,42124.00,100,364225
20221109,15:01:03,42124.00,75,364225
20221109,15:01:16,42124.00,225,364225
20221109,15:01:18,42124.00,325,364225
20221109,15:01:19,42125.00,425,364225
20221109,15:01:24,42143.45,50,364225
20221109,15:01:38,42138.55,25,364225
20221109,15:01:59,42146.95,50,364225
20221109,15:02:06,42147.00,75,364225
20221109,15:02:09,42148.80,75,364225
20221109,15:02:11,42150.00,25,364225
20221109,15:02:14,42150.00,50,364225
20221109,15:02:16,42161.00,50,364225
20221109,15:02:18,42153.95,25,364225
20221109,15:02:19,42164.75,25,364225
20221109,15:02:21,42165.40,50,364225
20221109,15:02:29,42166.75,25,364225
20221109,15:02:43,42171.00,75,364225
20221109,15:02:59,42158.15,25,364225
20221109,15:03:01,42165.35,100,364225
20221109,15:03:08,42162.85,100,364225
20221109,15:03:16,42156.00,25,364225
20221109,15:03:18,42156.50,25,364225
20221109,15:03:21,42150.00,75,364225
20221109,15:03:26,42149.65,50,363600
20221109,15:03:29,42150.00,25,363600
20221109,15:03:39,42152.65,25,363600
20221109,15:03:41,42154.15,25,363600
20221109,15:03:47,42153.30,25,363600
20221109,15:03:49,42154.15,25,363600
20221109,15:03:52,42160.00,25,363600
20221109,15:03:58,42163.25,50,363600
20221109,15:04:02,42172.95,150,363600
20221109,15:04:03,42174.95,100,363600
20221109,15:04:05,42170.90,25,363600
20221109,15:04:08,42172.70,25,363600
20221109,15:04:15,42175.00,25,363600
20221109,15:04:18,42175.00,25,363600
20221109,15:04:21,42179.85,25,363600
20221109,15:04:23,42170.40,25,363600
20221109,15:04:25,42179.75,25,363600
20221109,15:04:26,42170.95,25,363600
20221109,15:04:50,42170.95,25,363600
20221109,15:04:56,42182.05,250,363600
20221109,15:04:58,42183.25,75,363600
20221109,15:05:03,42184.10,25,363600
20221109,15:05:08,42179.60,25,363600
20221109,15:05:26,42183.25,25,363600
20221109,15:05:31,42181.00,25,363600
20221109,15:05:37,42179.55,25,363600
20221109,15:05:46,42184.05,25,363600
20221109,15:05:51,42175.50,100,363600
20221109,15:05:57,42176.30,100,363600
20221109,15:06:06,42174.00,25,363600
20221109,15:06:07,42172.85,25,363600
20221109,15:06:22,42180.00,150,363600
20221109,15:06:29,42182.85,25,363600
20221109,15:06:56,42185.00,25,363600
20221109,15:07:00,42178.35,100,363600
20221109,15:07:09,42185.00,50,363600
20221109,15:07:16,42185.00,75,363600
20221109,15:07:18,42190.00,25,363600
20221109,15:07:19,42195.40,125,363600
20221109,15:07:22,42199.00,25,363600
20221109,15:07:24,42199.00,75,363600
20221109,15:07:26,42201.00,175,363600
20221109,15:07:27,42204.75,25,363600
20221109,15:07:34,42196.75,100,363600
20221109,15:07:39,42194.15,75,363600
20221109,15:07:44,42194.00,100,363600
20221109,15:07:53,42200.10,25,363600
20221109,15:07:54,42191.50,50,363600
20221109,15:07:57,42189.75,25,363600
20221109,15:08:04,42186.35,25,363600
20221109,15:08:09,42176.35,25,363600
20221109,15:08:14,42173.65,25,363600
20221109,15:08:16,42175.25,25,363600
20221109,15:08:27,42180.00,100,363600
20221109,15:08:47,42187.50,25,363600
20221109,15:08:49,42194.65,50,363600
20221109,15:09:05,42180.00,25,363600
20221109,15:09:07,42174.95,25,363600
20221109,15:09:10,42172.05,25,363600
20221109,15:09:12,42179.70,25,363600
20221109,15:09:15,42179.20,100,363600
20221109,15:09:20,42172.25,25,363600
20221109,15:09:28,42170.00,150,363650
20221109,15:09:32,42159.10,400,363650
20221109,15:09:38,42169.95,25,363650
20221109,15:09:44,42171.30,200,363650
20221109,15:09:52,42175.00,25,363650
20221109,15:10:00,42175.00,75,363650
20221109,15:10:18,42180.05,25,363650
20221109,15:10:21,42178.85,75,363650
20221109,15:10:32,42175.00,50,363650
20221109,15:10:34,42169.15,25,363650
20221109,15:10:52,42169.15,25,363650
20221109,15:11:03,42179.00,25,363650
20221109,15:11:06,42175.00,25,363650
20221109,15:11:17,42175.00,25,363650
20221109,15:11:22,42172.85,25,363650
20221109,15:11:25,42173.30,25,363650
20221109,15:11:30,42180.00,75,363650
20221109,15:11:35,42180.00,25,363650
20221109,15:11:37,42180.00,75,363650
20221109,15:11:45,42179.80,25,363650
20221109,15:12:30,42179.80,25,363475
20221109,15:12:58,42168.40,25,363475
20221109,15:12:59,42178.35,25,363475
20221109,15:13:22,42160.00,25,363475
20221109,15:13:24,42159.00,25,363475
20221109,15:13:31,42159.00,25,363475
20221109,15:13:34,42150.00,25,363475
20221109,15:13:42,42140.00,25,363475
20221109,15:13:46,42134.10,25,363475
20221109,15:13:47,42133.70,25,363475
20221109,15:13:56,42127.45,900,363475
20221109,15:13:59,42134.50,900,363475
20221109,15:14:16,42150.00,25,363475
20221109,15:14:17,42150.00,25,363475
20221109,15:14:48,42152.90,100,363475
20221109,15:14:50,42154.75,50,363475
20221109,15:15:08,42158.15,25,363475
20221109,15:15:16,42153.15,25,363475
20221109,15:15:37,42141.20,25,362075
20221109,15:15:41,42144.55,25,362075
20221109,15:15:42,42140.00,25,362075
20221109,15:15:44,42135.10,25,362075
20221109,15:15:46,42140.00,25,362075
20221109,15:15:51,42136.05,25,362075
20221109,15:16:12,42139.05,25,362075
20221109,15:16:15,42138.50,25,362075
20221109,15:16:25,42138.50,25,362075
20221109,15:16:32,42130.00,50,362075
20221109,15:16:35,42131.65,50,362075
20221109,15:16:42,42125.05,50,362075
20221109,15:16:48,42129.90,25,362075
20221109,15:17:01,42130.00,25,362075
20221109,15:17:06,42131.60,25,362075
20221109,15:17:09,42130.95,25,362075
20221109,15:17:11,42130.00,25,362075
20221109,15:17:14,42121.15,25,362075
20221109,15:17:16,42128.95,25,362075
20221109,15:17:34,42121.50,50,362075
20221109,15:17:35,42127.00,25,362075
20221109,15:17:39,42124.70,25,362075
20221109,15:17:54,42128.45,25,362075
20221109,15:17:55,42126.40,25,362075
20221109,15:18:09,42130.80,25,362075
20221109,15:18:28,42130.80,25,361900
20221109,15:18:37,42130.00,25,361900
20221109,15:18:57,42129.85,100,361900
20221109,15:19:00,42125.00,75,361900
20221109,15:19:08,42129.70,25,361900
20221109,15:19:18,42130.00,75,361900
20221109,15:19:20,42129.00,25,361900
20221109,15:19:43,42122.05,50,361900
20221109,15:19:58,42123.45,25,361900
20221109,15:20:06,42131.95,50,361900
20221109,15:20:19,42128.35,25,361900
20221109,15:20:21,42125.20,75,361900
20221109,15:20:34,42133.30,25,361900
20221109,15:20:48,42127.05,25,361900
20221109,15:20:49,42133.95,25,361900
20221109,15:20:58,42129.70,25,361900
20221109,15:21:01,42122.65,50,361900
20221109,15:21:04,42122.00,25,361900
20221109,15:21:12,42130.00,25,361900
20221109,15:21:14,42124.05,50,361900
20221109,15:21:21,42122.05,25,361900
20221109,15:21:47,42132.55,25,361900
20221109,15:21:59,42126.00,25,361900
20221109,15:22:05,42130.75,25,361900
20221109,15:22:14,42130.70,25,361900
20221109,15:22:19,42120.10,75,361900
20221109,15:22:24,42130.30,25,361900
20221109,15:22:45,42120.05,100,361900
20221109,15:22:47,42120.00,25,361900
20221109,15:22:57,42124.15,100,361900
20221109,15:23:03,42125.75,25,361900
20221109,15:23:15,42125.70,50,361900
20221109,15:23:21,42120.00,25,361900
20221109,15:23:33,42122.65,25,361900
20221109,15:23:34,42120.00,200,361900
20221109,15:23:36,42116.70,75,361900
20221109,15:23:38,42115.00,25,361900
20221109,15:23:41,42114.90,100,361900
20221109,15:23:43,42114.50,25,361900
20221109,15:23:51,42115.10,200,361900
20221109,15:23:52,42115.10,50,361900
20221109,15:23:57,42114.00,25,361900
20221109,15:24:12,42112.00,25,361900
20221109,15:24:25,42105.30,50,361900
20221109,15:25:11,42104.05,25,362150
20221109,15:25:12,42102.05,25,362150
20221109,15:25:14,42101.00,75,362150
20221109,15:25:17,42100.00,350,362150
20221109,15:25:22,42099.85,50,362150
20221109,15:25:24,42098.05,25,362150
20221109,15:25:25,42096.05,25,362150
20221109,15:25:29,42096.25,25,362150
20221109,15:25:30,42090.05,125,362150
20221109,15:25:34,42092.55,75,362150
20221109,15:25:37,42090.00,125,362150
20221109,15:25:39,42086.05,75,362150
20221109,15:25:40,42085.70,25,362150
20221109,15:25:44,42084.05,25,362150
20221109,15:25:45,42085.70,100,362150
20221109,15:25:57,42085.70,25,362150
20221109,15:26:04,42085.70,25,362150
20221109,15:26:10,42088.25,25,362150
20221109,15:26:12,42087.65,25,362150
20221109,15:26:14,42088.80,50,362150
20221109,15:26:25,42089.95,25,362150
20221109,15:26:30,42090.00,25,362150
20221109,15:26:31,42089.85,25,362150
20221109,15:26:36,42089.90,25,362150
20221109,15:26:40,42089.55,25,362150
20221109,15:26:41,42089.70,25,362150
20221109,15:26:57,42082.45,50,362150
20221109,15:27:06,42085.00,100,362150
20221109,15:27:09,42085.05,50,362150
20221109,15:27:11,42085.05,200,362150
20221109,15:27:12,42085.00,450,362150
20221109,15:27:17,42085.00,25,362150
20221109,15:27:19,42085.00,50,362150
20221109,15:27:25,42090.85,100,362150
20221109,15:27:27,42093.65,25,362150
20221109,15:27:40,42085.00,25,362350
20221109,15:27:42,42085.00,50,362350
20221109,15:27:43,42085.00,25,362350
20221109,15:27:45,42085.00,100,362350
20221109,15:27:47,42085.00,50,362350
20221109,15:27:50,42085.00,50,362350
20221109,15:27:58,42081.00,25,362350
20221109,15:28:00,42081.00,25,362350
20221109,15:28:01,42081.35,75,362350
20221109,15:28:05,42080.80,25,362350
20221109,15:28:06,42080.35,25,362350
20221109,15:28:08,42080.30,50,362350
20221109,15:28:09,42080.00,125,362350
20221109,15:28:11,42075.00,25,362350
20221109,15:28:14,42079.55,25,362350
20221109,15:28:18,42075.00,25,362350
20221109,15:28:24,42079.60,175,362350
20221109,15:28:27,42075.20,25,362350
20221109,15:28:31,42087.25,125,362350
20221109,15:28:32,42076.95,25,362350
20221109,15:28:36,42082.80,25,362350
20221109,15:28:37,42075.45,600,362350
20221109,15:28:47,42083.05,25,362350
20221109,15:28:54,42083.30,25,362350
20221109,15:28:57,42078.60,75,362350
20221109,15:29:02,42082.00,400,362350
20221109,15:29:04,42076.00,25,362350
20221109,15:29:05,42076.00,50,362350
20221109,15:29:07,42077.65,100,362350
20221109,15:29:09,42078.15,100,362350
20221109,15:29:12,42078.75,75,362350
20221109,15:29:14,42077.80,25,362350
20221109,15:29:15,42075.50,25,362350
20221109,15:29:19,42075.00,50,362350
20221109,15:29:24,42075.00,100,362350
20221109,15:29:25,42077.65,25,362350
20221109,15:29:27,42075.00,75,362350
20221109,15:29:31,42075.00,50,362350
20221109,15:29:32,42075.50,25,362350
20221109,15:29:34,42077.60,125,362350
20221109,15:29:39,42075.00,25,362350
20221109,15:29:41,42077.30,75,362350
20221109,15:29:42,42072.00,150,362350
20221109,15:29:44,42076.20,150,362350
20221109,15:29:49,42070.00,525,362350
20221109,15:29:54,42060.60,175,362350
20221109,15:29:57,42074.85,25,362350
20221109,15:29:59,42075.00,25,362350
