20221109,09:15:16,42269.35,1,29950
20221109,09:15:16,42269.35,25,29950
20221109,09:15:18,42307.50,25,29950
20221109,09:15:23,42307.50,250,29950
20221109,09:15:25,42268.65,25,29950
20221109,09:15:29,42268.65,50,29950
20221109,09:15:44,42280.10,25,29950
20221109,09:15:49,42281.55,50,29950
20221109,09:15:56,42272.35,50,29950
20221109,09:15:58,42250.45,25,29950
20221109,09:16:01,42250.00,25,29950
20221109,09:16:03,42246.80,25,29950
20221109,09:16:11,42225.40,25,29950
20221109,09:16:14,42225.40,125,29950
20221109,09:16:16,42250.00,50,29950
20221109,09:16:18,42250.00,25,29950
20221109,09:16:23,42250.00,125,29950
20221109,09:16:29,42273.30,25,29950
20221109,09:16:36,42280.05,25,29950
20221109,09:16:38,42280.10,25,29950
20221109,09:16:39,42285.60,25,29950
20221109,09:16:44,42292.75,75,29950
20221109,09:16:46,42288.00,50,29950
20221109,09:16:51,42277.25,25,29950
20221109,09:17:16,42267.55,100,29950
20221109,09:17:19,42250.85,100,30550
20221109,09:17:23,42256.25,25,30550
20221109,09:17:24,42272.45,25,30550
20221109,09:17:26,42256.65,25,30550
20221109,09:17:29,42250.65,25,30550
20221109,09:17:39,42269.35,50,30550
20221109,09:17:52,42252.95,500,30550
20221109,09:18:06,42277.25,25,30550
20221109,09:18:07,42276.65,25,30550
20221109,09:18:30,42279.75,25,30550
20221109,09:18:36,42269.95,25,30550
20221109,09:18:41,42260.00,100,30550
20221109,09:18:43,42260.00,50,30550
20221109,09:18:54,42275.00,50,30550
20221109,09:19:04,42275.00,25,30550
20221109,09:19:25,42275.00,275,30550
20221109,09:19:27,42261.15,25,30550
20221109,09:19:30,42260.35,25,30550
20221109,09:19:32,42260.25,25,30550
20221109,09:19:35,42269.95,25,30550
20221109,09:19:45,42270.00,25,30550
20221109,09:20:03,42272.00,100,30550
20221109,09:20:05,42275.00,75,30550
20221109,09:20:07,42255.85,900,30550
20221109,09:20:13,42269.10,25,30550
20221109,09:20:17,42253.00,25,30550
20221109,09:20:18,42250.00,125,30550
20221109,09:20:26,42257.10,25,31450
20221109,09:20:37,42253.85,25,31450
20221109,09:20:44,42272.00,125,31450
20221109,09:20:46,42269.00,25,31450
20221109,09:20:49,42270.00,25,31450
20221109,09:20:51,42269.00,25,31450
20221109,09:20:59,42274.95,25,31450
20221109,09:21:04,42269.00,25,31450
20221109,09:21:07,42274.95,25,31450
20221109,09:21:09,42274.90,25,31450
20221109,09:21:12,42274.95,250,31450
20221109,09:21:14,42272.25,25,31450
20221109,09:21:23,42261.70,50,31450
20221109,09:21:34,42261.50,25,31450
20221109,09:21:38,42243.05,50,31450
20221109,09:21:54,42253.95,25,31450
20221109,09:21:56,42254.05,25,31450
20221109,09:22:04,42254.05,350,31450
20221109,09:22:11,42259.95,25,31450
20221109,09:22:50,42259.95,275,31450
20221109,09:23:00,42260.00,50,31450
20221109,09:23:02,42260.00,75,31450
20221109,09:23:04,42260.00,75,31450
20221109,09:23:09,42246.10,25,31450
20221109,09:23:27,42246.10,25,31750
20221109,09:23:30,42255.60,25,31750
20221109,09:23:32,42246.05,25,31750
20221109,09:24:13,42249.00,25,31750
20221109,09:24:20,42243.35,200,31750
20221109,09:24:50,42241.45,25,31750
20221109,09:24:52,42241.40,25,31750
20221109,09:25:14,42240.00,25,31750
20221109,09:25:20,42255.45,25,31750
20221109,09:25:43,42252.60,25,31750
20221109,09:25:48,42247.40,25,31750
20221109,09:25:55,42247.40,25,31750
20221109,09:26:13,42245.00,25,31750
20221109,09:26:22,42244.95,25,31825
20221109,09:26:32,42240.25,25,31825
20221109,09:26:33,42240.00,25,31825
20221109,09:27:14,42240.00,25,31825
20221109,09:27:29,42242.55,50,31825
20221109,09:27:30,42245.50,25,31825
20221109,09:27:55,42246.00,25,31825
20221109,09:28:16,42225.00,75,31825
20221109,09:28:21,42225.00,25,31825
20221109,09:28:39,42225.15,25,31825
20221109,09:28:49,42225.00,100,31825
20221109,09:28:51,42225.00,50,31825
20221109,09:29:36,42249.95,25,31875
20221109,09:30:03,42235.60,25,31875
20221109,09:30:15,42245.40,25,31875
20221109,09:30:16,42246.95,50,31875
20221109,09:30:36,42250.00,100,31875
20221109,09:30:56,42270.00,25,31875
20221109,09:31:02,42270.45,25,31875
20221109,09:31:11,42270.60,25,31875
20221109,09:31:19,42275.00,75,31875
20221109,09:31:24,42280.00,25,31875
20221109,09:31:30,42281.00,25,31875
20221109,09:31:35,42280.00,25,31875
20221109,09:31:46,42286.95,50,31875
20221109,09:31:55,42285.30,100,31875
20221109,09:32:01,42274.00,50,31875
20221109,09:32:03,42275.70,25,31875
20221109,09:32:13,42285.85,50,31875
20221109,09:32:18,42286.90,50,31875
20221109,09:32:23,42287.00,25,32050
20221109,09:32:30,42284.75,50,32050
20221109,09:32:38,42270.00,50,32050
20221109,09:32:45,42276.95,50,32050
20221109,09:32:59,42285.75,50,32050
20221109,09:33:14,42285.15,50,32050
20221109,09:33:26,42287.00,50,32050
20221109,09:33:40,42287.00,50,32050
20221109,09:33:45,42276.50,25,32050
20221109,09:33:53,42286.95,50,32050
20221109,09:34:06,42282.40,50,32050
20221109,09:34:15,42274.00,25,32050
20221109,09:34:43,42252.20,25,32050
20221109,09:34:59,42265.00,100,32050
20221109,09:35:11,42263.75,50,32050
20221109,09:35:19,42263.75,25,32050
20221109,09:35:55,42274.00,25,32250
20221109,09:35:57,42273.65,25,32250
20221109,09:36:29,42278.90,100,32250
20221109,09:37:46,42279.00,25,32250
20221109,09:37:56,42278.85,25,32250
20221109,09:37:58,42278.00,25,32250
20221109,09:38:49,42250.00,50,32425
20221109,09:39:22,42230.00,100,32425
20221109,09:39:40,42230.80,25,32425
20221109,09:40:01,42230.00,50,32425
20221109,09:40:06,42230.00,100,32425
20221109,09:40:13,42199.00,125,32425
20221109,09:40:15,42199.00,25,32425
20221109,09:40:29,42210.45,50,32425
20221109,09:40:53,42215.00,25,32425
20221109,09:41:29,42250.00,25,32750
20221109,09:41:31,42255.00,50,32750
20221109,09:41:51,42249.20,25,32750
20221109,09:42:54,42260.00,25,32750
20221109,09:43:52,42249.85,25,32750
20221109,09:44:07,42250.00,25,32750
20221109,09:44:17,42259.35,175,32750
20221109,09:44:51,42259.95,50,32800
20221109,09:45:04,42261.00,125,32800
20221109,09:45:15,42275.00,25,32800
20221109,09:45:19,42285.00,100,32800
20221109,09:45:22,42295.00,25,32800
20221109,09:45:29,42299.00,25,32800
20221109,09:45:30,42300.00,175,32800
20221109,09:45:32,42300.00,50,32800
20221109,09:45:40,42319.70,50,32800
20221109,09:45:50,42319.70,50,32800
20221109,09:45:53,42305.70,100,32800
20221109,09:45:55,42305.70,25,32800
20221109,09:46:07,42305.80,25,32800
20221109,09:46:12,42313.80,50,32800
20221109,09:46:22,42296.25,25,32800
20221109,09:46:38,42300.05,25,32800
20221109,09:46:48,42313.25,25,32800
20221109,09:47:23,42310.00,50,32675
20221109,09:47:35,42300.15,25,32675
20221109,09:47:38,42309.90,25,32675
20221109,09:47:46,42300.10,25,32675
20221109,09:48:38,42300.00,25,32675
20221109,09:48:49,42290.70,75,32675
20221109,09:48:53,42290.00,50,32675
20221109,09:49:28,42305.00,25,32675
20221109,09:49:33,42306.45,25,32675
20221109,09:49:36,42310.00,200,32675
20221109,09:49:44,42310.25,50,32675
20221109,09:49:48,42319.85,50,32675
20221109,09:49:59,42319.85,50,32675
20221109,09:50:03,42319.80,25,32675
20221109,09:50:06,42324.95,50,32675
20221109,09:50:09,42324.95,25,32675
20221109,09:50:24,42320.00,50,32675
20221109,09:50:34,42320.00,25,32675
20221109,09:50:49,42310.95,75,32675
20221109,09:51:06,42319.85,50,32675
20221109,09:51:29,42319.85,25,32675
20221109,09:51:52,42311.55,100,32675
20221109,09:54:04,42300.85,25,32850
20221109,09:54:16,42300.00,25,32850
20221109,09:54:23,42289.15,25,32850
20221109,09:54:36,42290.60,25,32850
20221109,09:55:01,42279.05,50,32850
20221109,09:55:56,42289.90,25,32850
20221109,09:56:30,42275.00,25,32825
20221109,09:56:54,42250.00,50,32825
20221109,09:57:33,42256.60,25,32825
20221109,09:57:54,42259.95,25,32825
20221109,09:58:34,42260.00,25,32825
20221109,10:00:13,42247.95,500,32875
20221109,10:00:31,42252.05,25,32875
20221109,10:01:39,42238.10,25,32875
20221109,10:01:41,42223.40,25,32875
20221109,10:01:42,42223.60,25,32875
20221109,10:01:56,42230.80,25,32875
20221109,10:02:07,42230.80,25,32875
20221109,10:02:12,42243.00,50,32875
20221109,10:02:15,42244.65,25,32875
20221109,10:02:50,42252.05,25,32675
20221109,10:03:06,42257.80,25,32675
20221109,10:03:45,42251.50,25,32675
20221109,10:04:00,42252.00,25,32675
20221109,10:04:20,42252.45,25,32675
20221109,10:05:36,42262.45,25,32600
20221109,10:06:07,42265.95,25,32600
20221109,10:06:23,42261.25,300,32600
20221109,10:06:32,42265.00,25,32600
20221109,10:06:35,42274.95,75,32600
20221109,10:06:37,42285.95,150,32600
20221109,10:06:38,42286.00,25,32600
20221109,10:06:47,42279.75,25,32600
20221109,10:07:06,42279.10,25,32600
20221109,10:08:15,42285.30,25,32600
20221109,10:08:35,42280.25,25,32575
20221109,10:08:41,42273.75,75,32575
20221109,10:08:48,42272.10,25,32575
20221109,10:09:33,42268.05,25,32575
20221109,10:11:02,42250.00,25,32575
20221109,10:12:15,42250.00,25,32675
20221109,10:13:03,42256.00,25,32675
20221109,10:13:46,42256.00,25,32675
20221109,10:14:07,42260.00,25,32675
20221109,10:14:20,42260.00,25,32675
20221109,10:14:35,42260.00,100,32725
20221109,10:15:11,42260.00,50,32725
20221109,10:15:12,42260.00,150,32725
20221109,10:17:20,42256.80,25,32725
20221109,10:18:00,42251.80,25,32875
20221109,10:19:13,42250.00,25,32875
20221109,10:22:11,42272.70,25,32900
20221109,10:23:03,42260.00,25,32900
20221109,10:23:27,42270.00,25,32900
20221109,10:23:36,42263.00,25,32925
20221109,10:24:26,42265.00,50,32925
20221109,10:25:05,42268.00,25,32925
20221109,10:25:08,42268.00,50,32925
20221109,10:25:34,42268.00,25,32925
20221109,10:25:45,42268.00,25,32925
20221109,10:25:54,42266.75,25,32925
20221109,10:26:33,42260.00,25,32975
20221109,10:26:59,42265.00,25,32975
20221109,10:27:01,42265.00,25,32975
20221109,10:27:52,42270.00,225,32975
20221109,10:28:02,42272.70,25,32975
20221109,10:28:10,42272.70,25,32975
20221109,10:28:33,42270.00,25,32975
20221109,10:28:43,42275.00,25,32975
20221109,10:29:01,42298.85,25,32975
20221109,10:30:33,42296.65,100,33125
20221109,10:34:24,42285.95,25,33200
20221109,10:34:50,42284.90,25,33200
20221109,10:35:08,42291.60,25,33200
20221109,10:35:13,42290.40,25,33200
20221109,10:35:20,42291.15,50,33200
20221109,10:35:22,42296.65,250,33200
20221109,10:35:25,42300.00,100,33200
20221109,10:35:43,42306.90,50,33000
20221109,10:37:40,42301.05,50,33000
20221109,10:38:43,42283.40,50,33100
20221109,10:39:40,42267.75,25,33100
20221109,10:39:45,42260.15,50,33100
20221109,10:40:10,42260.15,75,33100
20221109,10:40:29,42260.00,25,33100
20221109,10:41:16,42260.00,25,33100
20221109,10:42:15,42263.55,25,33100
20221109,10:43:44,42290.00,25,33100
20221109,10:44:15,42294.65,25,33100
20221109,10:44:22,42287.30,25,33100
20221109,10:45:36,42290.00,25,33125
20221109,10:46:10,42300.00,25,33125
20221109,10:46:33,42300.00,25,33125
20221109,10:46:38,42303.60,25,33125
20221109,10:47:20,42300.00,25,33125
20221109,10:48:18,42298.55,25,33150
20221109,10:48:46,42298.55,25,33150
20221109,10:51:21,42271.45,25,33125
20221109,10:52:37,42271.45,25,33125
20221109,10:53:03,42267.25,25,33125
20221109,10:54:42,42256.55,25,33100
20221109,10:55:28,42254.95,25,33100
20221109,10:56:31,42275.15,25,33100
20221109,10:58:43,42260.05,25,33125
20221109,11:05:59,42267.00,25,33150
20221109,11:07:31,42267.00,25,33150
20221109,11:08:02,42260.00,150,33150
20221109,11:10:01,42250.00,25,33325
20221109,11:10:16,42250.00,50,33325
20221109,11:10:18,42250.00,25,33325
20221109,11:10:38,42250.00,25,33325
20221109,11:10:41,42250.00,75,33325
20221109,11:12:55,42250.00,25,33350
20221109,11:12:59,42250.60,25,33350
20221109,11:16:43,42270.00,25,33350
20221109,11:17:52,42270.00,25,33350
20221109,11:20:56,42281.45,50,33350
20221109,11:21:06,42280.00,25,33350
20221109,11:22:04,42270.00,25,33350
20221109,11:22:39,42261.10,25,33350
20221109,11:24:16,42263.20,25,33375
20221109,11:25:44,42268.65,25,33375
20221109,11:27:10,42275.00,25,33400
20221109,11:27:27,42280.00,50,33400
20221109,11:27:29,42280.00,150,33400
20221109,11:29:10,42265.85,25,33400
20221109,11:33:49,42262.25,25,33225
20221109,11:34:22,42260.00,25,33225
20221109,11:35:28,42260.00,25,33225
20221109,11:39:53,42256.95,50,33250
20221109,11:40:16,42250.00,50,33250
20221109,11:40:29,42246.00,25,33250
20221109,11:40:30,42240.00,150,33250
20221109,11:41:12,42240.00,25,33250
20221109,11:43:03,42270.90,25,33325
20221109,11:43:30,42254.70,50,33325
20221109,11:45:57,42269.95,100,33325
20221109,11:45:58,42270.00,25,33325
20221109,11:47:58,42270.00,25,33275
20221109,11:48:29,42269.90,25,33275
20221109,11:49:53,42265.00,25,33275
20221109,11:50:47,42260.05,25,33325
20221109,11:50:58,42268.45,25,33325
20221109,11:51:15,42268.50,25,33325
20221109,11:52:20,42270.00,25,33325
20221109,11:54:02,42277.00,25,33350
20221109,11:54:49,42291.95,250,33350
20221109,11:57:15,42272.00,150,33550
20221109,11:57:20,42272.00,25,33550
20221109,11:57:25,42272.00,50,33550
20221109,11:57:27,42272.00,25,33550
20221109,12:05:34,42255.00,25,33600
20221109,12:05:54,42264.50,25,33575
20221109,12:06:24,42272.05,100,33575
20221109,12:08:19,42272.05,25,33575
20221109,12:08:37,42272.05,25,33575
20221109,12:08:42,42271.60,100,33575
20221109,12:09:00,42270.00,250,33850
20221109,12:10:59,42260.00,100,33850
20221109,12:11:00,42260.00,25,33850
20221109,12:11:02,42260.00,125,33850
20221109,12:11:09,42255.85,50,33850
20221109,12:11:20,42250.00,25,33850
20221109,12:11:25,42250.95,25,33850
20221109,12:11:37,42230.00,650,33850
20221109,12:11:47,42223.65,50,34700
20221109,12:11:50,42223.60,250,34700
20221109,12:12:18,42220.00,25,34700
20221109,12:12:21,42220.00,25,34700
20221109,12:12:23,42220.00,25,34700
20221109,12:12:42,42220.00,25,34700
20221109,12:13:09,42208.40,25,34700
20221109,12:13:12,42200.00,50,34700
20221109,12:13:32,42200.00,25,34700
20221109,12:13:54,42200.00,25,34700
20221109,12:14:01,42199.95,25,34700
20221109,12:14:06,42199.95,25,34700
20221109,12:14:14,42200.00,50,34700
20221109,12:14:16,42200.00,200,34700
20221109,12:14:29,42200.00,25,34700
20221109,12:14:31,42199.00,25,34700
20221109,12:14:44,42197.95,25,34700
20221109,12:15:11,42195.00,25,35175
20221109,12:15:14,42195.00,200,35175
20221109,12:16:20,42221.60,300,35175
20221109,12:16:43,42220.00,25,35175
20221109,12:16:44,42221.60,75,35175
20221109,12:16:57,42218.55,25,35175
20221109,12:19:38,42212.00,25,35225
20221109,12:21:03,42212.25,225,35250
20221109,12:22:35,42220.00,25,35250
20221109,12:23:15,42220.00,50,35250
20221109,12:23:23,42220.00,200,35250
20221109,12:23:25,42218.80,25,35250
20221109,12:23:28,42217.75,25,35250
20221109,12:24:21,42220.00,25,35300
20221109,12:25:02,42220.00,75,35300
20221109,12:25:04,42220.00,50,35300
20221109,12:25:09,42216.75,125,35300
20221109,12:26:06,42233.35,25,35300
20221109,12:26:42,42222.00,500,35300
20221109,12:28:10,42229.85,150,35200
20221109,12:28:54,42223.55,25,35200
20221109,12:29:47,42231.95,25,35200
20221109,12:29:49,42232.15,25,35200
20221109,12:30:02,42229.95,25,35300
20221109,12:30:07,42230.00,125,35300
20221109,12:30:08,42230.00,375,35300
20221109,12:30:34,42260.00,50,35300
20221109,12:31:28,42240.00,50,35300
20221109,12:32:15,42240.80,25,35300
20221109,12:37:23,42269.80,25,34875
20221109,12:38:17,42267.65,25,34875
20221109,12:38:50,42265.00,25,34875
20221109,12:38:54,42264.10,25,34900
20221109,12:41:17,42264.10,25,34900
20221109,12:41:38,42270.00,25,34900
20221109,12:41:47,42275.00,25,34900
20221109,12:42:38,42281.00,25,34850
20221109,12:43:10,42282.00,50,34850
20221109,12:43:16,42282.00,100,34850
20221109,12:43:24,42285.00,25,34850
20221109,12:44:06,42292.00,125,34850
20221109,12:44:10,42294.45,25,34850
20221109,12:44:18,42294.45,25,34850
20221109,12:46:03,42285.00,150,34475
20221109,12:46:18,42278.40,25,34475
20221109,12:47:21,42289.20,25,34475
20221109,12:48:53,42280.70,50,34675
20221109,12:51:53,42280.70,25,34675
20221109,12:52:04,42280.70,50,34625
20221109,12:53:40,42270.00,25,34625
20221109,12:54:01,42265.00,25,34575
20221109,12:56:49,42249.50,150,34575
20221109,12:57:06,42257.70,25,34700
20221109,12:57:59,42253.20,50,34700
20221109,13:00:34,42275.00,25,34725
20221109,13:02:20,42300.00,250,34725
20221109,13:02:22,42305.00,25,34725
20221109,13:04:08,42288.95,50,34825
20221109,13:04:59,42287.20,25,34825
20221109,13:05:33,42285.00,25,34825
20221109,13:09:32,42283.60,25,34775
20221109,13:11:55,42280.00,25,34775
20221109,13:14:24,42280.00,50,34800
20221109,13:15:04,42279.85,300,34800
20221109,13:15:06,42284.85,25,34800
20221109,13:16:01,42285.00,25,34800
20221109,13:16:23,42300.00,50,34800
20221109,13:16:53,42303.30,100,34800
20221109,13:21:46,42262.00,25,34525
20221109,13:22:43,42283.60,50,34525
20221109,13:27:44,42280.00,25,34550
20221109,13:30:13,42286.00,25,34550
20221109,13:31:59,42289.00,25,34550
20221109,13:35:09,42289.00,100,34550
20221109,13:35:13,42300.00,225,34550
20221109,13:35:14,42303.00,25,34550
20221109,13:35:18,42301.80,125,34550
20221109,13:35:27,42305.00,50,34550
20221109,13:35:34,42310.00,175,34550
20221109,13:35:37,42315.00,100,34550
20221109,13:36:17,42315.00,200,34175
20221109,13:36:19,42315.00,25,34175
20221109,13:36:31,42314.95,100,34175
20221109,13:36:34,42315.00,175,34175
20221109,13:37:04,42315.00,250,34175
20221109,13:37:14,42315.00,125,34175
20221109,13:37:25,42315.00,150,34175
20221109,13:37:32,42320.00,25,34175
20221109,13:37:42,42325.00,150,34175
20221109,13:38:06,42325.00,25,34175
20221109,13:38:53,42325.00,50,34175
20221109,13:39:18,42325.00,25,33925
20221109,13:39:46,42325.00,25,33925
20221109,13:39:54,42325.00,25,33925
20221109,13:39:56,42321.00,50,33925
20221109,13:40:17,42333.00,75,33925
20221109,13:40:20,42335.00,25,33925
20221109,13:41:00,42341.80,50,33925
20221109,13:41:20,42342.00,25,33925
20221109,13:41:28,42342.00,25,33925
20221109,13:42:34,42344.45,25,33975
20221109,13:44:02,42345.00,25,33975
20221109,13:44:11,42350.00,175,33975
20221109,13:44:14,42351.80,25,33975
20221109,13:44:44,42351.80,25,33975
20221109,13:44:47,42342.10,25,33975
20221109,13:44:57,42330.00,25,33975
20221109,13:45:14,42330.00,25,33975
20221109,13:45:24,42326.60,25,33925
20221109,13:45:26,42316.35,25,33925
20221109,13:45:27,42320.05,25,33925
20221109,13:45:47,42330.00,25,33925
20221109,13:46:05,42325.00,25,33925
20221109,13:46:26,42335.00,25,33925
20221109,13:46:30,42331.35,25,33925
20221109,13:47:07,42336.30,25,33925
20221109,13:47:43,42348.95,25,33925
20221109,13:47:48,42349.95,25,33925
20221109,13:49:03,42350.00,25,33950
20221109,13:49:07,42351.00,25,33950
20221109,13:49:50,42351.05,25,33950
20221109,13:50:07,42352.50,25,33950
20221109,13:50:13,42365.00,200,33950
20221109,13:50:15,42371.45,50,33950
20221109,13:50:18,42376.00,375,33950
20221109,13:50:28,42379.95,25,33950
20221109,13:50:35,42380.00,25,33950
20221109,13:50:40,42380.00,25,33950
20221109,13:50:41,42378.00,25,33950
20221109,13:50:43,42371.25,100,33950
20221109,13:50:44,42370.05,25,33950
20221109,13:50:48,42370.05,25,33950
20221109,13:50:51,42378.25,25,33950
20221109,13:51:06,42415.80,525,33950
20221109,13:51:19,42415.80,25,33950
20221109,13:51:25,42375.95,100,33950
20221109,13:51:49,42375.95,100,33950
20221109,13:51:55,42370.25,100,33950
20221109,13:52:28,42372.50,100,33950
20221109,13:52:47,42370.60,300,33950
20221109,13:53:07,42368.70,100,33950
20221109,13:53:28,42373.80,200,33950
20221109,13:53:33,42365.40,125,33950
20221109,13:53:34,42368.70,50,33950
20221109,13:54:32,42338.70,150,33950
20221109,13:55:05,42338.70,25,33575
20221109,13:55:55,42338.70,25,33575
20221109,13:56:06,42338.00,25,33575
20221109,13:56:11,42340.00,25,33575
20221109,13:57:23,42330.00,25,33575
20221109,13:57:48,42332.00,25,33575
20221109,13:58:19,42343.35,125,33575
20221109,13:58:36,42341.50,25,33575
20221109,13:59:01,42350.90,25,33575
20221109,13:59:02,42355.70,25,33575
20221109,13:59:27,42356.00,25,33575
20221109,14:00:25,42365.00,25,33600
20221109,14:01:11,42357.25,25,33600
20221109,14:01:14,42356.00,25,33600
20221109,14:02:00,42350.00,50,33600
20221109,14:03:35,42348.00,100,33675
20221109,14:03:50,42350.00,50,33675
20221109,14:05:20,42350.00,25,33675
20221109,14:05:41,42360.95,25,33675
20221109,14:06:05,42365.00,75,33675
20221109,14:06:15,42375.00,50,33725
20221109,14:06:16,42375.00,50,33725
20221109,14:06:48,42362.70,50,33725
20221109,14:07:09,42364.70,100,33725
20221109,14:07:14,42373.45,25,33725
20221109,14:07:24,42375.00,25,33725
20221109,14:07:39,42371.15,25,33725
20221109,14:07:47,42369.25,75,33725
20221109,14:08:53,42371.15,25,33725
20221109,14:09:05,42375.00,25,33500
20221109,14:09:11,42378.65,25,33500
20221109,14:09:23,42379.35,25,33500
20221109,14:09:56,42388.10,25,33500
20221109,14:10:06,42390.00,25,33500
20221109,14:10:08,42386.30,25,33500
20221109,14:10:18,42394.25,125,33500
20221109,14:10:28,42387.90,50,33500
20221109,14:10:31,42390.50,50,33500
20221109,14:10:33,42383.70,25,33500
20221109,14:10:36,42390.00,25,33500
20221109,14:10:53,42388.80,75,33500
20221109,14:10:59,42375.10,125,33500
20221109,14:11:09,42375.00,25,33500
20221109,14:11:58,42382.20,25,33500
20221109,14:12:06,42384.55,25,33500
20221109,14:12:23,42386.00,25,33500
20221109,14:12:24,42386.00,25,33500
20221109,14:12:39,42386.00,25,33500
20221109,14:12:42,42386.00,25,33500
20221109,14:12:55,42381.75,25,33500
20221109,14:12:57,42386.00,25,33500
20221109,14:13:05,42386.00,75,33500
20221109,14:13:12,42384.35,25,33500
20221109,14:13:26,42386.00,25,33500
20221109,14:13:38,42388.00,25,33500
20221109,14:13:51,42386.05,25,33500
20221109,14:13:57,42388.20,25,33500
20221109,14:14:10,42386.00,25,33500
20221109,14:14:18,42388.20,25,33500
20221109,14:14:22,42395.00,100,33500
20221109,14:14:24,42396.50,25,33500
20221109,14:14:32,42400.00,25,33500
20221109,14:14:37,42401.55,25,33500
20221109,14:15:00,42401.00,25,33500
20221109,14:15:02,42415.00,450,33500
20221109,14:15:05,42420.00,25,33500
20221109,14:15:13,42420.00,25,33725
20221109,14:15:30,42420.00,25,33725
20221109,14:15:35,42411.25,25,33725
20221109,14:15:37,42411.20,100,33725
20221109,14:15:42,42409.90,25,33725
20221109,14:15:43,42418.05,25,33725
20221109,14:16:03,42407.65,25,33725
20221109,14:16:08,42418.05,25,33725
20221109,14:16:10,42417.00,25,33725
20221109,14:16:25,42416.35,25,33725
20221109,14:16:31,42415.50,25,33725
20221109,14:16:36,42415.00,25,33725
20221109,14:16:48,42414.20,25,33725
20221109,14:16:50,42406.80,25,33725
20221109,14:17:01,42406.80,75,33725
20221109,14:17:05,42401.80,25,33725
20221109,14:17:18,42390.00,50,33725
20221109,14:17:23,42395.00,25,33725
20221109,14:17:25,42386.00,25,33725
20221109,14:17:33,42379.80,75,33725
20221109,14:17:46,42375.00,25,33725
20221109,14:17:51,42375.00,75,33725
20221109,14:18:11,42375.00,25,33775
20221109,14:18:29,42360.00,25,33775
20221109,14:19:01,42348.75,25,33775
20221109,14:19:12,42350.80,25,33775
20221109,14:19:14,42352.80,50,33775
20221109,14:19:20,42360.80,75,33775
20221109,14:20:53,42375.00,50,33775
20221109,14:21:55,42363.30,50,33825
20221109,14:22:13,42363.00,25,33825
20221109,14:22:16,42363.00,25,33825
20221109,14:23:18,42373.10,25,33825
20221109,14:24:29,42378.80,25,33850
20221109,14:24:45,42376.60,50,33850
20221109,14:25:19,42376.50,50,33850
20221109,14:27:52,42372.00,25,33750
20221109,14:28:22,42377.20,300,33750
20221109,14:28:32,42378.00,100,33750
20221109,14:28:36,42378.00,25,33750
20221109,14:28:41,42369.00,25,33750
20221109,14:28:46,42360.00,25,33750
20221109,14:28:48,42360.00,25,33750
20221109,14:29:36,42372.60,25,33750
20221109,14:29:38,42372.40,25,33750
20221109,14:30:02,42383.80,25,33750
20221109,14:30:36,42357.10,25,34075
20221109,14:31:13,42353.75,25,34075
20221109,14:32:38,42355.00,50,34075
20221109,14:32:45,42353.75,25,34075
20221109,14:33:32,42357.25,50,34125
20221109,14:34:03,42367.95,25,34125
20221109,14:34:11,42367.15,25,34125
20221109,14:34:35,42350.95,500,34125
20221109,14:35:36,42355.00,25,34125
20221109,14:37:43,42360.40,25,33925
20221109,14:38:49,42355.00,125,33925
20221109,14:38:50,42350.00,75,33925
20221109,14:39:08,42338.25,25,33925
20221109,14:39:23,42320.00,50,33950
20221109,14:39:56,42310.00,375,33950
20221109,14:39:58,42305.00,25,33950
20221109,14:40:00,42300.00,125,33950
20221109,14:40:10,42275.00,25,33950
20221109,14:40:20,42283.95,25,33950
20221109,14:40:53,42279.70,25,33950
20221109,14:40:55,42280.00,25,33950
20221109,14:41:04,42280.00,50,33950
20221109,14:41:09,42270.00,25,33950
20221109,14:41:44,42283.95,25,33950
20221109,14:41:55,42289.00,25,33950
20221109,14:41:59,42290.00,75,33950
20221109,14:42:15,42279.40,25,34525
20221109,14:42:18,42270.00,50,34525
20221109,14:42:22,42270.00,25,34525
20221109,14:42:30,42260.00,50,34525
20221109,14:43:32,42260.25,25,34525
20221109,14:43:57,42273.20,25,34525
20221109,14:44:14,42270.25,50,34525
20221109,14:44:20,42255.85,50,34525
20221109,14:44:24,42255.85,50,34525
20221109,14:44:29,42255.00,25,34525
20221109,14:44:30,42250.00,100,34525
20221109,14:44:44,42250.00,25,34525
20221109,14:45:00,42240.00,75,34525
20221109,14:45:02,42231.35,275,34525
20221109,14:45:05,42231.35,25,34525
20221109,14:45:09,42231.40,25,34525
20221109,14:45:16,42240.00,25,34525
20221109,14:45:17,42239.00,25,34725
20221109,14:45:52,42245.10,25,34725
20221109,14:46:49,42253.45,50,34725
20221109,14:47:02,42254.75,50,34725
20221109,14:47:30,42258.80,25,34725
20221109,14:47:37,42252.00,550,34725
20221109,14:47:50,42252.00,100,34725
20221109,14:47:54,42252.00,1350,34725
20221109,14:48:10,42251.00,200,34725
20221109,14:48:11,42250.00,25,34725
20221109,14:48:21,42240.15,275,33775
20221109,14:48:23,42240.00,50,33775
20221109,14:48:46,42240.00,25,33775
20221109,14:48:58,42240.00,25,33775
20221109,14:49:18,42240.00,50,33775
20221109,14:49:19,42240.00,25,33775
20221109,14:49:26,42231.35,50,33775
20221109,14:49:38,42231.35,175,33775
20221109,14:49:41,42225.00,125,33775
20221109,14:49:46,42216.35,25,33775
20221109,14:49:58,42225.00,25,33775
20221109,14:50:46,42232.15,25,33775
20221109,14:51:09,42223.00,50,33775
20221109,14:52:03,42232.05,25,34125
20221109,14:52:58,42232.05,25,34125
20221109,14:53:14,42232.00,50,34125
20221109,14:53:24,42232.00,25,34125
20221109,14:53:26,42232.00,25,34125
20221109,14:53:38,42225.70,25,34125
20221109,14:54:00,42220.25,200,34125
20221109,14:54:27,42222.00,25,34075
20221109,14:54:28,42220.00,25,34075
20221109,14:54:30,42216.35,25,34075
20221109,14:54:32,42215.00,25,34075
20221109,14:54:35,42211.00,25,34075
20221109,14:54:37,42205.00,25,34075
20221109,14:55:57,42239.15,25,34075
20221109,14:56:10,42225.00,25,34075
20221109,14:56:50,42254.75,25,34075
20221109,14:57:14,42250.00,50,34075
20221109,14:57:49,42251.45,25,34075
20221109,14:57:50,42245.55,25,34075
20221109,14:58:25,42243.00,50,34075
20221109,14:59:17,42243.00,25,34075
20221109,14:59:28,42244.60,50,34075
20221109,15:00:00,42244.00,25,34075
20221109,15:00:18,42244.15,25,34275
20221109,15:00:55,42269.50,25,34275
20221109,15:02:15,42300.00,50,34275
20221109,15:02:27,42312.20,125,34275
20221109,15:03:10,42309.30,25,34275
20221109,15:03:28,42300.00,50,34425
20221109,15:03:46,42300.00,25,34425
20221109,15:03:51,42300.10,25,34425
20221109,15:04:02,42309.00,150,34425
20221109,15:04:55,42323.50,25,34425
20221109,15:05:10,42327.40,25,34425
20221109,15:05:11,42332.40,25,34425
20221109,15:06:03,42327.25,25,34425
20221109,15:07:16,42332.00,25,34425
20221109,15:07:18,42340.00,75,34350
20221109,15:07:23,42341.10,25,34350
20221109,15:07:50,42343.25,25,34350
20221109,15:07:53,42343.25,25,34350
20221109,15:08:08,42333.80,100,34350
20221109,15:08:46,42333.00,25,34350
20221109,15:09:14,42320.00,25,34350
20221109,15:09:44,42307.25,25,34400
20221109,15:10:04,42317.80,25,34400
20221109,15:10:20,42320.00,25,34400
20221109,15:11:29,42320.00,225,34400
20221109,15:11:30,42320.00,200,34400
20221109,15:12:04,42309.00,25,34400
20221109,15:12:07,42319.95,50,34400
20221109,15:12:34,42316.60,25,34100
20221109,15:13:11,42315.00,25,34100
20221109,15:13:18,42309.00,25,34100
20221109,15:13:34,42300.00,100,34100
20221109,15:13:43,42282.25,25,34100
20221109,15:13:54,42284.40,25,34100
20221109,15:14:26,42291.35,25,34100
20221109,15:14:34,42293.15,50,34100
20221109,15:14:52,42300.00,25,34100
20221109,15:15:35,42293.00,25,34075
20221109,15:15:36,42293.00,25,34075
20221109,15:15:48,42292.65,50,34075
20221109,15:16:14,42292.00,25,34075
20221109,15:16:25,42292.00,25,34075
20221109,15:17:00,42270.00,25,34075
20221109,15:17:31,42263.50,25,34075
20221109,15:18:11,42280.00,25,34075
20221109,15:18:41,42279.75,25,34125
20221109,15:19:19,42279.25,25,34125
20221109,15:20:33,42279.25,25,34125
20221109,15:20:48,42275.00,25,34125
20221109,15:20:50,42279.70,75,34125
20221109,15:20:53,42279.55,25,34125
20221109,15:21:15,42271.35,25,34125
20221109,15:21:34,42271.40,25,34125
20221109,15:21:59,42271.40,25,34125
20221109,15:23:18,42271.40,50,34125
20221109,15:23:34,42270.00,75,34125
20221109,15:23:51,42261.40,25,34125
20221109,15:23:53,42252.30,150,34125
20221109,15:24:22,42252.35,25,34025
20221109,15:24:59,42252.35,25,34025
20221109,15:25:01,42255.00,50,34025
20221109,15:25:08,42255.00,100,34025
20221109,15:25:12,42252.30,225,34025
20221109,15:25:16,42250.00,100,34025
20221109,15:25:27,42244.00,25,34025
20221109,15:25:34,42240.30,25,34025
20221109,15:25:42,42234.10,25,34025
20221109,15:25:47,42237.35,25,34025
20221109,15:26:04,42225.25,25,34025
20221109,15:26:10,42232.80,75,34025
20221109,15:26:53,42236.00,25,34025
20221109,15:27:19,42230.00,50,34475
20221109,15:27:32,42232.80,25,34475
20221109,15:27:35,42230.00,50,34475
20221109,15:27:42,42230.00,25,34475
20221109,15:27:55,42227.25,25,34475
20221109,15:27:58,42225.25,50,34475
20221109,15:28:00,42225.00,25,34475
20221109,15:28:03,42225.00,100,34475
20221109,15:28:10,42223.55,25,34475
20221109,15:28:28,42220.05,25,34475
20221109,15:28:29,42220.20,50,34475
20221109,15:28:41,42233.00,50,34475
20221109,15:28:43,42233.00,25,34475
20221109,15:28:59,42226.05,25,34475
20221109,15:29:04,42223.50,25,34475
20221109,15:29:11,42226.65,50,34475
20221109,15:29:16,42225.35,25,34475
20221109,15:29:19,42225.00,25,34475
20221109,15:29:21,42222.00,25,34475
20221109,15:29:33,42220.00,25,34475
20221109,15:29:35,42225.55,25,34475
20221109,15:29:38,42220.00,25,34475
20221109,15:29:40,42223.80,25,34475
20221109,15:29:46,42225.55,150,34475
20221109,15:29:48,42220.00,25,34475
20221109,15:29:51,42220.00,75,34475
20221109,15:29:54,42220.00,25,34475
20221109,15:29:58,42220.00,50,34475
20221109,15:29:59,42220.00,350,34475
