20221109,09:15:02,18460.00,1,245750
20221109,09:15:02,18457.80,100,245750
20221109,09:15:03,18467.15,800,245750
20221109,09:15:05,18464.45,50,245750
20221109,09:15:06,18464.55,100,245750
20221109,09:15:08,18475.55,1500,245750
20221109,09:15:08,18469.15,400,245750
20221109,09:15:09,18464.25,200,245750
20221109,09:15:11,18457.40,150,245750
20221109,09:15:11,18457.40,50,245750
20221109,09:15:14,18452.30,50,245750
20221109,09:15:19,18450.00,50,245750
20221109,09:15:20,18450.00,300,245750
20221109,09:15:22,18441.05,800,245750
20221109,09:15:22,18457.50,350,245750
20221109,09:15:23,18452.05,50,245750
20221109,09:15:25,18448.40,300,245750
20221109,09:15:25,18457.40,200,245750
20221109,09:15:30,18450.00,350,245750
20221109,09:15:30,18456.05,50,245750
20221109,09:15:34,18457.50,450,245750
20221109,09:15:39,18461.30,350,245750
20221109,09:15:39,18460.90,50,245750
20221109,09:15:40,18458.60,50,245750
20221109,09:15:42,18457.55,50,245750
20221109,09:15:43,18453.40,200,245750
20221109,09:15:45,18453.40,150,245750
20221109,09:15:48,18457.40,50,245750
20221109,09:15:48,18454.05,50,245750
20221109,09:15:56,18453.95,100,245750
20221109,09:16:02,18452.65,50,245750
20221109,09:16:07,18450.00,100,245750
20221109,09:16:08,18450.00,50,245750
20221109,09:16:11,18450.05,150,245750
20221109,09:16:12,18450.00,50,245750
20221109,09:16:14,18452.65,50,245750
20221109,09:16:15,18454.05,150,245750
20221109,09:16:17,18455.95,200,245750
20221109,09:16:20,18453.10,250,245750
20221109,09:16:26,18460.00,400,245750
20221109,09:16:28,18453.45,50,245750
20221109,09:16:29,18459.95,50,245750
20221109,09:16:32,18454.00,50,245750
20221109,09:16:34,18459.95,350,245750
20221109,09:16:35,18459.95,50,245750
20221109,09:16:52,18455.15,250,245750
20221109,09:16:52,18459.90,50,245750
20221109,09:16:57,18454.85,50,245750
20221109,09:17:00,18454.05,150,245750
20221109,09:17:07,18455.50,50,245750
20221109,09:17:09,18456.10,50,245750
20221109,09:17:10,18454.05,100,245750
20221109,09:17:14,18457.00,50,245750
20221109,09:17:20,18456.40,50,245700
20221109,09:17:20,18456.70,500,245700
20221109,09:17:22,18460.00,200,245700
20221109,09:17:28,18459.90,200,245700
20221109,09:17:31,18459.90,150,245700
20221109,09:17:42,18457.00,50,245700
20221109,09:17:43,18457.00,50,245700
20221109,09:17:50,18455.10,250,245700
20221109,09:17:53,18457.00,50,245700
20221109,09:17:54,18456.25,50,245700
20221109,09:17:56,18458.55,50,245700
20221109,09:17:57,18458.30,100,245700
20221109,09:18:02,18459.60,150,245700
20221109,09:18:02,18459.60,50,245700
20221109,09:18:04,18460.30,1200,245700
20221109,09:18:05,18460.95,50,245700
20221109,09:18:15,18461.95,300,245700
20221109,09:18:16,18462.60,50,245700
20221109,09:18:18,18462.10,50,245700
20221109,09:18:19,18464.95,50,245700
20221109,09:18:22,18462.00,50,245700
20221109,09:18:33,18461.95,450,245700
20221109,09:18:47,18458.95,50,245700
20221109,09:18:51,18460.00,50,245700
20221109,09:18:52,18457.30,250,245700
20221109,09:18:53,18461.00,100,245700
20221109,09:18:56,18464.00,50,245700
20221109,09:18:57,18461.70,50,245700
20221109,09:19:09,18460.30,250,245700
20221109,09:19:11,18461.70,100,245700
20221109,09:19:18,18464.75,50,245700
20221109,09:19:23,18457.90,50,245700
20221109,09:19:28,18457.00,250,245700
20221109,09:19:32,18457.00,50,245700
20221109,09:19:38,18461.65,50,245700
20221109,09:19:45,18456.05,300,245700
20221109,09:19:51,18457.00,50,245700
20221109,09:19:52,18461.25,50,245700
20221109,09:19:55,18457.10,50,245700
20221109,09:19:58,18456.70,250,245700
20221109,09:20:04,18463.00,100,245700
20221109,09:20:07,18459.95,50,245700
20221109,09:20:11,18459.95,150,245700
20221109,09:20:13,18457.65,50,245700
20221109,09:20:15,18460.00,1250,245700
20221109,09:20:17,18459.95,50,245700
20221109,09:20:26,18454.30,1500,243200
20221109,09:20:30,18458.00,50,243200
20221109,09:20:35,18460.00,100,243200
20221109,09:20:36,18459.90,100,243200
20221109,09:20:50,18458.00,50,243200
20221109,09:20:51,18459.95,50,243200
20221109,09:21:01,18459.55,50,243200
20221109,09:21:15,18452.80,50,243200
20221109,09:21:23,18452.00,50,243200
20221109,09:21:31,18452.00,50,243200
20221109,09:21:32,18454.55,50,243200
20221109,09:21:37,18453.85,50,243200
20221109,09:21:38,18450.30,100,243200
20221109,09:21:40,18450.45,50,243200
20221109,09:21:43,18453.75,50,243200
20221109,09:21:47,18452.10,50,243200
20221109,09:22:06,18452.00,50,243200
20221109,09:22:14,18450.05,50,243200
20221109,09:22:17,18449.95,500,243200
20221109,09:22:24,18448.85,50,243200
20221109,09:22:30,18446.50,100,243200
20221109,09:22:35,18449.70,50,243200
20221109,09:22:36,18450.05,50,243200
20221109,09:22:37,18449.10,50,243200
20221109,09:22:42,18452.70,450,243200
20221109,09:22:43,18449.05,50,243200
20221109,09:22:50,18449.00,50,243200
20221109,09:22:59,18446.65,100,243200
20221109,09:23:04,18446.40,100,243200
20221109,09:23:11,18445.90,50,243200
20221109,09:23:24,18445.00,500,241650
20221109,09:23:28,18445.00,150,241650
20221109,09:23:29,18445.55,50,241650
20221109,09:23:37,18445.95,50,241650
20221109,09:23:38,18445.55,50,241650
20221109,09:23:47,18445.55,50,241650
20221109,09:23:50,18445.95,100,241650
20221109,09:23:55,18446.90,50,241650
20221109,09:24:03,18446.95,50,241650
20221109,09:24:13,18445.55,50,241650
20221109,09:24:16,18446.95,50,241650
20221109,09:24:17,18446.75,50,241650
20221109,09:24:18,18445.05,100,241650
20221109,09:24:22,18446.75,150,241650
20221109,09:24:22,18446.75,50,241650
20221109,09:24:50,18445.00,100,241650
20221109,09:24:56,18445.00,200,241650
20221109,09:24:57,18445.00,50,241650
20221109,09:25:02,18447.65,50,241650
20221109,09:25:19,18447.50,50,241650
20221109,09:25:28,18447.65,150,241650
20221109,09:25:34,18447.65,50,241650
20221109,09:25:44,18446.35,50,241650
20221109,09:25:45,18445.00,900,241650
20221109,09:25:59,18444.00,50,241650
20221109,09:26:08,18442.50,200,241650
20221109,09:26:15,18440.15,200,241650
20221109,09:26:16,18440.15,200,241650
20221109,09:26:21,18440.05,50,242750
20221109,09:26:27,18440.05,50,242750
20221109,09:26:36,18440.05,50,242750
20221109,09:26:48,18441.00,50,242750
20221109,09:26:55,18441.00,50,242750
20221109,09:27:01,18441.45,50,242750
20221109,09:27:04,18441.45,50,242750
20221109,09:27:08,18443.95,100,242750
20221109,09:27:30,18445.00,200,242750
20221109,09:27:36,18444.55,50,242750
20221109,09:27:55,18442.60,50,242750
20221109,09:27:56,18440.80,50,242750
20221109,09:27:59,18438.70,300,242750
20221109,09:28:05,18436.70,50,242750
20221109,09:28:10,18435.30,50,242750
20221109,09:28:14,18435.00,400,242750
20221109,09:28:18,18435.00,50,242750
20221109,09:28:23,18440.20,100,242750
20221109,09:28:35,18435.00,100,242750
20221109,09:28:40,18435.90,100,242750
20221109,09:28:45,18434.00,50,242750
20221109,09:29:18,18434.00,50,242750
20221109,09:29:45,18438.40,100,242750
20221109,09:29:47,18438.25,50,242550
20221109,09:30:09,18437.00,100,242550
20221109,09:30:10,18437.00,400,242550
20221109,09:30:20,18439.85,50,242550
20221109,09:30:32,18437.90,50,242550
20221109,09:30:34,18437.20,100,242550
20221109,09:30:49,18439.20,50,242550
20221109,09:30:50,18440.00,150,242550
20221109,09:30:56,18445.00,50,242550
20221109,09:31:02,18442.50,100,242550
20221109,09:31:08,18444.45,50,242550
20221109,09:31:17,18446.65,50,242550
20221109,09:31:31,18448.00,100,242550
20221109,09:31:36,18449.95,50,242550
20221109,09:31:39,18450.00,50,242550
20221109,09:31:47,18450.00,100,242550
20221109,09:31:49,18450.00,50,242550
20221109,09:31:50,18450.00,200,242550
20221109,09:31:51,18450.00,100,242550
20221109,09:32:14,18453.85,50,242550
20221109,09:32:27,18450.00,400,242850
20221109,09:32:32,18448.00,500,242850
20221109,09:32:36,18447.00,100,242850
20221109,09:32:37,18447.00,150,242850
20221109,09:32:38,18447.15,50,242850
20221109,09:32:39,18446.00,100,242850
20221109,09:32:46,18445.95,50,242850
20221109,09:33:06,18443.10,100,242850
20221109,09:33:08,18445.00,50,242850
20221109,09:33:15,18445.00,600,242850
20221109,09:33:21,18447.90,50,242850
20221109,09:33:24,18448.15,50,242850
20221109,09:33:40,18448.15,50,242850
20221109,09:33:47,18450.00,50,242850
20221109,09:33:49,18448.10,50,242850
20221109,09:33:52,18449.00,50,242850
20221109,09:33:57,18447.80,50,242850
20221109,09:34:05,18445.00,50,242850
20221109,09:34:10,18442.50,50,242850
20221109,09:34:12,18440.00,50,242850
20221109,09:34:16,18440.00,50,242850
20221109,09:34:22,18437.95,100,242850
20221109,09:34:23,18434.45,100,242850
20221109,09:34:34,18434.00,250,242850
20221109,09:34:36,18431.15,50,242850
20221109,09:35:10,18431.15,50,242850
20221109,09:35:13,18433.10,50,242850
20221109,09:35:17,18433.00,50,242850
20221109,09:35:30,18434.10,50,243950
20221109,09:35:50,18432.95,50,243950
20221109,09:35:51,18431.00,50,243950
20221109,09:35:58,18431.00,50,243950
20221109,09:36:03,18432.50,50,243950
20221109,09:36:05,18434.45,100,243950
20221109,09:36:35,18440.10,200,243950
20221109,09:36:36,18436.60,50,243950
20221109,09:36:50,18438.45,50,243950
20221109,09:37:00,18438.85,100,243950
20221109,09:37:08,18442.00,50,243950
20221109,09:37:10,18441.15,100,243950
20221109,09:37:11,18440.45,50,243950
20221109,09:37:16,18439.45,50,243950
20221109,09:37:17,18439.50,50,243950
20221109,09:37:32,18440.00,50,243950
20221109,09:37:40,18439.30,50,243950
20221109,09:37:44,18440.30,100,243950
20221109,09:37:49,18440.00,50,243950
20221109,09:37:56,18439.65,50,243950
20221109,09:37:57,18439.55,50,243950
20221109,09:38:00,18436.90,50,243950
20221109,09:38:02,18436.00,50,243950
20221109,09:38:06,18436.50,100,243950
20221109,09:38:10,18436.70,50,243950
20221109,09:38:16,18435.05,50,243950
20221109,09:38:26,18433.55,50,243950
20221109,09:38:31,18431.00,50,244600
20221109,09:38:33,18430.00,100,244600
20221109,09:38:37,18429.65,100,244600
20221109,09:38:39,18429.65,50,244600
20221109,09:38:49,18428.90,100,244600
20221109,09:38:50,18428.90,50,244600
20221109,09:38:57,18428.90,50,244600
20221109,09:39:07,18428.90,50,244600
20221109,09:39:07,18430.00,100,244600
20221109,09:39:08,18430.05,100,244600
20221109,09:39:10,18430.15,50,244600
20221109,09:39:11,18429.20,150,244600
20221109,09:39:13,18429.15,50,244600
20221109,09:39:15,18429.60,50,244600
20221109,09:39:16,18429.75,150,244600
20221109,09:39:19,18429.45,50,244600
20221109,09:39:35,18427.00,100,244600
20221109,09:39:51,18427.00,50,244600
20221109,09:39:52,18425.00,50,244600
20221109,09:39:56,18425.00,50,244600
20221109,09:39:57,18427.95,50,244600
20221109,09:40:13,18425.20,50,244600
20221109,09:40:18,18425.15,50,244600
20221109,09:40:29,18428.60,50,244600
20221109,09:40:31,18427.95,50,244600
20221109,09:41:28,18430.00,300,244600
20221109,09:41:29,18430.00,50,244850
20221109,09:42:23,18434.85,50,244850
20221109,09:42:59,18434.95,400,244850
20221109,09:43:03,18434.85,50,244850
20221109,09:43:07,18435.00,50,244850
20221109,09:43:09,18435.00,150,244850
20221109,09:43:17,18434.95,100,244850
20221109,09:43:21,18434.80,50,244850
20221109,09:43:23,18434.35,50,244850
20221109,09:43:26,18434.40,50,244850
20221109,09:43:32,18434.00,50,244850
20221109,09:44:10,18434.00,50,244850
20221109,09:44:12,18434.30,50,244850
20221109,09:44:13,18435.00,100,244850
20221109,09:44:14,18435.05,100,244850
20221109,09:44:19,18436.15,50,244850
20221109,09:44:52,18438.00,300,245950
20221109,09:45:12,18440.00,100,245950
20221109,09:45:19,18445.00,50,245950
20221109,09:45:32,18446.95,100,245950
20221109,09:45:33,18449.05,50,245950
20221109,09:45:47,18450.00,250,245950
20221109,09:45:50,18449.05,50,245950
20221109,09:46:02,18449.80,50,245950
20221109,09:46:05,18449.05,100,245950
20221109,09:46:06,18450.00,50,245950
20221109,09:46:16,18449.05,100,245950
20221109,09:47:16,18448.35,50,245950
20221109,09:47:25,18448.70,100,246950
20221109,09:48:36,18448.35,50,246950
20221109,09:48:37,18448.35,50,246950
20221109,09:48:47,18448.70,150,246950
20221109,09:48:54,18449.15,50,246950
20221109,09:49:00,18449.15,50,246950
20221109,09:49:03,18449.00,50,246950
20221109,09:49:12,18449.00,100,246950
20221109,09:49:15,18450.00,50,246950
20221109,09:49:21,18447.50,100,246950
20221109,09:49:21,18450.00,100,246950
20221109,09:49:25,18450.00,100,246950
20221109,09:49:26,18450.00,50,246950
20221109,09:49:27,18450.00,200,246950
20221109,09:49:28,18450.00,100,246950
20221109,09:49:43,18450.00,100,246950
20221109,09:50:05,18452.05,50,246950
20221109,09:50:13,18453.00,50,246950
20221109,09:50:20,18453.00,50,246950
20221109,09:50:29,18453.00,250,247450
20221109,09:50:38,18450.00,50,247450
20221109,09:50:43,18452.65,100,247450
20221109,09:51:09,18450.00,50,247450
20221109,09:51:15,18450.00,50,247450
20221109,09:51:21,18449.80,50,247450
20221109,09:51:22,18449.80,50,247450
20221109,09:51:26,18447.10,300,247450
20221109,09:51:29,18449.50,50,247450
20221109,09:51:44,18445.00,50,247450
20221109,09:51:50,18443.55,50,247450
20221109,09:52:10,18446.55,200,247450
20221109,09:52:17,18447.00,50,247450
20221109,09:53:03,18448.00,100,247450
20221109,09:53:07,18448.00,150,247450
20221109,09:53:09,18448.00,50,247450
20221109,09:54:09,18444.60,50,247950
20221109,09:54:26,18441.35,200,247950
20221109,09:54:56,18440.00,500,247950
20221109,09:55:10,18438.00,50,247950
20221109,09:55:18,18438.80,50,247950
20221109,09:55:32,18434.40,50,247950
20221109,09:56:00,18440.80,100,247950
20221109,09:56:13,18439.60,150,247950
20221109,09:56:16,18437.00,50,247950
20221109,09:56:17,18436.00,50,247950
20221109,09:56:32,18432.60,50,248550
20221109,09:56:33,18432.00,50,248550
20221109,09:56:36,18432.40,50,248550
20221109,09:56:41,18432.00,50,248550
20221109,09:57:12,18431.75,50,248550
20221109,09:57:43,18431.75,50,248550
20221109,09:58:13,18431.00,50,248550
20221109,09:58:20,18431.20,100,248550
20221109,09:58:50,18430.00,50,248550
20221109,09:58:58,18430.00,50,248550
20221109,09:58:59,18430.00,150,248550
20221109,09:59:09,18429.00,50,248550
20221109,09:59:10,18428.00,50,248550
20221109,09:59:11,18426.45,50,248550
20221109,09:59:15,18422.25,50,248550
20221109,09:59:37,18420.00,200,248800
20221109,10:00:36,18420.00,50,248800
20221109,10:00:49,18422.70,50,248800
20221109,10:00:50,18420.00,50,248800
20221109,10:01:08,18417.35,50,248800
20221109,10:01:09,18416.05,50,248800
20221109,10:01:12,18416.05,50,248800
20221109,10:01:15,18417.00,50,248800
20221109,10:01:18,18417.00,50,248800
20221109,10:01:20,18417.00,50,248800
20221109,10:01:29,18415.05,50,248800
20221109,10:01:37,18414.00,50,248800
20221109,10:01:54,18414.00,50,248800
20221109,10:02:16,18420.00,50,248800
20221109,10:02:30,18422.95,250,249350
20221109,10:02:34,18420.00,50,249350
20221109,10:02:50,18420.00,50,249350
20221109,10:03:07,18422.00,50,249350
20221109,10:03:21,18426.55,300,249350
20221109,10:03:26,18425.65,50,249350
20221109,10:03:29,18426.25,50,249350
20221109,10:03:32,18426.65,50,249350
20221109,10:03:40,18425.40,50,249350
20221109,10:03:47,18426.75,50,249350
20221109,10:03:52,18426.30,50,249350
20221109,10:04:03,18425.65,50,249350
20221109,10:04:04,18425.65,50,249350
20221109,10:04:14,18428.05,50,249350
20221109,10:04:23,18428.55,250,249350
20221109,10:04:24,18427.95,50,249350
20221109,10:04:39,18428.05,50,249350
20221109,10:04:50,18430.00,50,249350
20221109,10:05:05,18426.00,50,249350
20221109,10:05:59,18424.55,400,250100
20221109,10:06:39,18432.20,50,250100
20221109,10:06:40,18432.20,50,250100
20221109,10:06:44,18431.05,250,250100
20221109,10:06:46,18430.95,100,250100
20221109,10:06:50,18432.40,50,250100
20221109,10:06:51,18432.00,50,250100
20221109,10:07:05,18432.00,50,250100
20221109,10:07:20,18431.00,50,250100
20221109,10:07:24,18434.30,500,250100
20221109,10:08:01,18430.00,50,250100
20221109,10:08:13,18429.80,50,250100
20221109,10:08:59,18425.95,50,250800
20221109,10:09:01,18424.95,550,250800
20221109,10:09:05,18425.60,50,250800
20221109,10:09:12,18422.00,50,250800
20221109,10:09:17,18421.00,50,250800
20221109,10:09:22,18420.00,150,250800
20221109,10:10:07,18420.00,50,250800
20221109,10:10:09,18420.00,50,250800
20221109,10:10:11,18420.00,450,250800
20221109,10:10:14,18420.00,300,250800
20221109,10:10:15,18420.00,200,250800
20221109,10:10:16,18419.85,50,250800
20221109,10:10:49,18418.70,50,250800
20221109,10:11:01,18416.10,50,250800
20221109,10:11:07,18417.20,300,250800
20221109,10:11:53,18422.50,50,251900
20221109,10:11:56,18424.75,200,251900
20221109,10:12:09,18424.35,50,251900
20221109,10:12:21,18421.60,350,251900
20221109,10:12:22,18422.25,100,251900
20221109,10:12:23,18422.00,100,251900
20221109,10:12:39,18425.00,50,251900
20221109,10:12:57,18425.00,150,251900
20221109,10:13:05,18427.00,150,251900
20221109,10:13:07,18427.00,550,251900
20221109,10:13:08,18427.00,200,251900
20221109,10:13:17,18425.00,50,251900
20221109,10:13:21,18425.00,150,251900
20221109,10:13:28,18425.00,50,251900
20221109,10:13:56,18424.25,500,251900
20221109,10:15:32,18428.65,150,252700
20221109,10:15:41,18428.70,100,252700
20221109,10:15:53,18428.70,50,252700
20221109,10:16:18,18428.00,50,252700
20221109,10:16:22,18425.25,50,252700
20221109,10:16:24,18424.05,500,252700
20221109,10:16:28,18424.40,100,252700
20221109,10:16:30,18425.00,100,252700
20221109,10:16:58,18424.00,50,252700
20221109,10:16:59,18423.60,50,252700
20221109,10:17:19,18423.10,50,252700
20221109,10:17:24,18420.00,50,252700
20221109,10:17:25,18419.00,50,252700
20221109,10:17:47,18418.00,50,253250
20221109,10:18:28,18419.95,100,253250
20221109,10:18:36,18417.00,100,253250
20221109,10:18:39,18417.00,50,253250
20221109,10:19:00,18417.00,50,253250
20221109,10:19:09,18417.00,50,253250
20221109,10:19:19,18417.00,50,253250
20221109,10:19:22,18417.00,50,253250
20221109,10:19:23,18417.00,150,253250
20221109,10:19:52,18417.15,50,253250
20221109,10:20:34,18417.15,50,253250
20221109,10:21:26,18416.95,50,253250
20221109,10:21:41,18417.15,50,253250
20221109,10:21:51,18418.25,50,253250
20221109,10:22:03,18418.25,50,253250
20221109,10:22:39,18416.95,100,253250
20221109,10:22:41,18415.00,400,253250
20221109,10:23:02,18414.00,200,253250
20221109,10:23:06,18412.35,200,253250
20221109,10:23:16,18410.15,100,253250
20221109,10:23:29,18410.15,50,253250
20221109,10:23:31,18412.95,100,253600
20221109,10:23:41,18412.25,200,253600
20221109,10:23:51,18413.85,100,253600
20221109,10:23:57,18419.75,500,253600
20221109,10:24:25,18416.95,50,253600
20221109,10:24:35,18415.95,50,253600
20221109,10:24:42,18416.95,100,253600
20221109,10:24:50,18413.75,1550,253600
20221109,10:24:51,18418.30,50,253600
20221109,10:25:04,18416.00,50,253600
20221109,10:25:13,18416.00,50,253600
20221109,10:25:25,18416.15,50,253600
20221109,10:25:26,18415.40,50,253600
20221109,10:25:38,18415.05,50,253600
20221109,10:26:39,18414.50,50,254500
20221109,10:26:56,18414.50,50,254500
20221109,10:27:09,18414.00,50,254500
20221109,10:27:56,18416.60,50,254500
20221109,10:28:28,18414.00,150,254500
20221109,10:28:29,18415.00,150,254500
20221109,10:28:43,18417.00,50,254500
20221109,10:28:44,18419.90,100,254500
20221109,10:29:12,18422.95,50,254500
20221109,10:29:21,18420.35,100,254500
20221109,10:29:31,18424.00,50,254550
20221109,10:29:35,18424.00,50,254550
20221109,10:29:52,18423.85,50,254550
20221109,10:29:55,18423.85,500,254550
20221109,10:29:56,18420.35,50,254550
20221109,10:30:03,18422.45,50,254550
20221109,10:30:23,18422.15,50,254550
20221109,10:30:24,18422.30,50,254550
20221109,10:30:40,18424.00,50,254550
20221109,10:30:48,18424.00,150,254550
20221109,10:30:50,18423.05,100,254550
20221109,10:31:06,18423.05,100,254550
20221109,10:31:19,18421.65,50,254550
20221109,10:31:21,18421.40,50,254550
20221109,10:31:22,18421.70,150,254550
20221109,10:31:34,18420.05,50,254550
20221109,10:31:41,18420.05,50,254550
20221109,10:31:47,18420.00,50,254550
20221109,10:31:50,18420.30,50,254550
20221109,10:32:28,18413.85,50,254550
20221109,10:32:40,18413.50,50,254900
20221109,10:32:58,18417.75,50,254900
20221109,10:34:46,18422.35,50,254900
20221109,10:35:26,18422.00,150,254900
20221109,10:35:36,18422.20,100,255050
20221109,10:35:40,18424.00,150,255050
20221109,10:35:41,18424.00,150,255050
20221109,10:35:42,18424.00,100,255050
20221109,10:35:43,18424.00,50,255050
20221109,10:35:54,18424.00,200,255050
20221109,10:36:20,18424.00,100,255050
20221109,10:36:33,18422.00,50,255050
20221109,10:36:39,18423.00,50,255050
20221109,10:36:41,18424.00,50,255050
20221109,10:37:05,18423.30,50,255050
20221109,10:37:07,18423.25,50,255050
20221109,10:37:32,18422.10,50,255050
20221109,10:37:33,18423.00,50,255050
20221109,10:37:38,18423.25,50,255050
20221109,10:37:40,18422.10,50,255050
20221109,10:37:43,18420.95,200,255050
20221109,10:38:06,18420.00,50,255050
20221109,10:38:07,18420.00,50,255050
20221109,10:38:10,18420.00,50,255050
20221109,10:38:45,18419.15,50,256300
20221109,10:38:47,18417.95,50,256300
20221109,10:39:03,18416.95,100,256300
20221109,10:39:04,18416.95,100,256300
20221109,10:39:13,18416.95,50,256300
20221109,10:39:55,18412.75,50,256300
20221109,10:40:04,18412.40,50,256300
20221109,10:40:07,18412.50,50,256300
20221109,10:40:10,18412.25,50,256300
20221109,10:40:21,18412.15,50,256300
20221109,10:40:30,18412.25,50,256300
20221109,10:40:39,18410.00,500,256300
20221109,10:40:40,18410.00,500,256300
20221109,10:40:47,18410.00,50,256300
20221109,10:40:49,18410.00,50,256300
20221109,10:41:03,18410.00,100,256300
20221109,10:41:28,18413.00,100,256300
20221109,10:42:20,18417.45,50,256550
20221109,10:42:52,18418.50,100,256550
20221109,10:43:00,18418.50,50,256550
20221109,10:43:22,18418.00,50,256550
20221109,10:43:24,18415.00,50,256550
20221109,10:44:09,18418.00,50,256550
20221109,10:44:20,18418.40,50,256550
20221109,10:44:43,18415.00,150,256550
20221109,10:45:07,18414.10,50,256800
20221109,10:45:08,18414.10,50,256800
20221109,10:45:28,18411.95,50,256800
20221109,10:46:29,18419.90,50,256800
20221109,10:47:28,18417.95,100,256800
20221109,10:48:36,18417.95,50,256800
20221109,10:49:04,18414.00,50,256950
20221109,10:49:31,18414.50,50,256950
20221109,10:49:34,18411.95,150,256950
20221109,10:50:27,18411.95,50,256950
20221109,10:50:28,18411.95,50,256950
20221109,10:50:31,18414.00,100,256950
20221109,10:52:14,18413.00,50,257150
20221109,10:52:25,18410.70,200,257150
20221109,10:52:27,18408.00,50,257150
20221109,10:52:31,18408.00,50,257150
20221109,10:52:41,18406.00,100,257150
20221109,10:52:51,18406.00,100,257150
20221109,10:53:02,18405.00,250,257150
20221109,10:53:04,18402.00,50,257150
20221109,10:53:27,18402.00,50,257150
20221109,10:53:29,18406.25,50,257150
20221109,10:53:39,18405.40,50,257650
20221109,10:53:52,18405.00,100,257650
20221109,10:53:58,18405.00,50,257650
20221109,10:54:18,18403.05,50,257650
20221109,10:54:43,18404.65,50,257650
20221109,10:54:45,18403.00,50,257650
20221109,10:54:59,18401.00,50,257650
20221109,10:55:03,18401.00,100,257650
20221109,10:55:05,18400.00,450,257650
20221109,10:55:19,18400.00,50,257650
20221109,10:55:49,18404.00,50,257650
20221109,10:55:52,18402.30,50,257650
20221109,10:56:17,18402.55,50,257650
20221109,10:56:26,18402.70,50,257650
20221109,10:56:33,18402.75,50,257650
20221109,10:56:45,18403.00,50,257500
20221109,10:56:48,18403.00,100,257500
20221109,10:57:00,18402.95,250,257500
20221109,10:57:01,18405.00,50,257500
20221109,10:57:05,18405.00,50,257500
20221109,10:57:36,18409.00,400,257500
20221109,10:57:37,18409.00,50,257500
20221109,10:57:41,18407.05,50,257500
20221109,10:57:47,18405.80,100,257500
20221109,10:58:31,18404.05,100,257500
20221109,10:58:39,18403.90,50,257500
20221109,10:58:43,18401.30,50,257500
20221109,10:58:45,18401.50,50,257500
20221109,10:58:46,18401.00,100,257500
20221109,10:58:47,18401.00,50,257500
20221109,10:58:50,18401.00,150,257500
20221109,10:58:52,18401.00,950,257500
20221109,10:58:54,18400.00,150,257500
20221109,10:58:55,18400.00,450,257500
20221109,10:58:55,18400.00,200,257500
20221109,10:58:56,18400.00,200,257500
20221109,10:58:57,18400.00,150,257500
20221109,10:58:59,18397.55,800,257500
20221109,10:59:00,18397.55,250,257500
20221109,10:59:01,18397.55,50,257500
20221109,10:59:13,18401.00,100,257500
20221109,10:59:38,18398.00,100,258800
20221109,10:59:39,18397.55,50,258800
20221109,10:59:50,18397.20,50,258800
20221109,10:59:54,18397.20,50,258800
20221109,10:59:58,18400.00,50,258800
20221109,11:00:05,18401.00,50,258800
20221109,11:00:06,18400.95,50,258800
20221109,11:00:19,18400.00,50,258800
20221109,11:00:25,18399.05,50,258800
20221109,11:00:38,18400.00,50,258800
20221109,11:00:44,18399.50,50,258800
20221109,11:01:12,18398.00,50,258800
20221109,11:01:29,18400.00,50,258800
20221109,11:01:45,18402.05,50,258800
20221109,11:02:19,18404.45,50,258800
20221109,11:02:22,18403.00,50,258800
20221109,11:02:55,18402.90,50,259150
20221109,11:03:08,18403.35,100,259150
20221109,11:03:22,18404.10,50,259150
20221109,11:03:54,18403.35,50,259150
20221109,11:03:58,18403.90,50,259150
20221109,11:04:10,18402.05,50,259150
20221109,11:04:13,18405.10,50,259150
20221109,11:04:15,18402.00,50,259150
20221109,11:04:17,18402.00,50,259150
20221109,11:04:18,18404.05,50,259150
20221109,11:04:22,18405.20,50,259150
20221109,11:05:07,18402.00,50,259150
20221109,11:05:08,18404.60,50,259150
20221109,11:05:46,18402.00,50,259300
20221109,11:05:47,18403.65,50,259300
20221109,11:06:05,18402.00,50,259300
20221109,11:06:07,18402.00,50,259300
20221109,11:06:08,18402.00,50,259300
20221109,11:06:46,18402.00,50,259300
20221109,11:07:01,18402.00,150,259300
20221109,11:07:30,18400.00,150,259300
20221109,11:07:31,18400.00,50,259300
20221109,11:08:10,18397.35,150,259300
20221109,11:08:55,18397.50,50,259800
20221109,11:09:04,18397.00,50,259800
20221109,11:09:25,18393.25,900,259800
20221109,11:10:59,18393.25,50,259800
20221109,11:11:07,18394.25,50,259800
20221109,11:12:06,18391.40,200,260000
20221109,11:12:21,18391.40,50,260000
20221109,11:12:34,18391.95,50,260000
20221109,11:12:55,18393.00,50,260000
20221109,11:13:33,18395.00,100,260000
20221109,11:13:54,18394.45,100,260000
20221109,11:13:59,18395.00,100,260000
20221109,11:14:31,18393.40,100,260000
20221109,11:14:52,18397.00,50,260150
20221109,11:15:01,18394.00,100,260150
20221109,11:15:10,18397.00,50,260150
20221109,11:15:13,18399.50,50,260150
20221109,11:15:22,18399.50,50,260150
20221109,11:15:55,18399.55,500,260150
20221109,11:16:50,18402.00,50,260150
20221109,11:16:53,18405.00,50,260150
20221109,11:16:55,18402.95,50,260150
20221109,11:17:03,18406.35,100,260150
20221109,11:17:13,18404.85,50,260150
20221109,11:17:25,18399.00,50,260150
20221109,11:17:27,18402.00,100,260150
20221109,11:17:49,18401.00,50,260400
20221109,11:18:25,18400.55,50,260400
20221109,11:18:35,18398.00,50,260400
20221109,11:20:36,18400.00,50,260400
20221109,11:20:59,18406.25,400,260500
20221109,11:21:58,18400.00,50,260500
20221109,11:22:21,18398.00,50,260500
20221109,11:23:11,18398.00,50,260500
20221109,11:24:17,18401.05,100,260500
20221109,11:24:43,18398.45,50,260650
20221109,11:26:38,18395.00,50,260650
20221109,11:26:58,18397.55,100,260800
20221109,11:26:59,18398.00,50,260800
20221109,11:29:54,18399.00,50,260750
20221109,11:30:30,18400.95,50,260750
20221109,11:30:42,18398.00,50,260750
20221109,11:30:49,18396.00,50,260750
20221109,11:31:10,18395.05,50,260750
20221109,11:31:19,18396.00,50,260750
20221109,11:31:26,18396.00,50,260750
20221109,11:31:29,18395.00,50,260750
20221109,11:31:30,18395.00,50,260750
20221109,11:32:04,18390.00,100,260750
20221109,11:32:05,18390.00,100,260750
20221109,11:32:24,18390.00,50,260750
20221109,11:32:25,18389.45,100,260750
20221109,11:34:18,18389.45,50,261000
20221109,11:35:57,18390.95,50,261050
20221109,11:37:28,18391.20,50,261050
20221109,11:37:56,18393.50,250,261050
20221109,11:38:27,18391.85,50,261050
20221109,11:38:29,18393.65,50,261050
20221109,11:38:55,18391.00,50,261000
20221109,11:38:58,18390.30,200,261000
20221109,11:39:04,18390.50,50,261000
20221109,11:39:33,18390.00,100,261000
20221109,11:39:35,18388.95,100,261000
20221109,11:39:52,18388.00,100,261000
20221109,11:40:11,18388.00,50,261000
20221109,11:40:26,18388.00,50,261000
20221109,11:40:28,18388.00,50,261000
20221109,11:40:30,18388.00,50,261000
20221109,11:40:40,18386.45,50,261000
20221109,11:40:44,18386.45,50,261000
20221109,11:41:18,18386.45,50,261000
20221109,11:42:10,18393.50,100,260950
20221109,11:42:12,18393.50,50,260950
20221109,11:42:33,18393.95,50,260950
20221109,11:42:38,18391.95,50,260950
20221109,11:42:50,18395.65,50,260950
20221109,11:43:09,18394.75,50,260950
20221109,11:43:27,18394.45,50,260950
20221109,11:43:44,18393.70,50,260950
20221109,11:46:15,18393.60,50,260850
20221109,11:46:49,18395.00,50,260850
20221109,11:48:11,18397.00,150,260850
20221109,11:48:12,18397.00,50,260850
20221109,11:48:18,18395.00,50,260850
20221109,11:48:22,18394.00,50,260850
20221109,11:48:24,18393.80,50,260850
20221109,11:48:27,18393.75,150,260850
20221109,11:48:29,18394.05,50,260850
20221109,11:50:00,18398.90,500,260850
20221109,11:50:30,18403.95,50,260850
20221109,11:50:36,18403.55,50,260850
20221109,11:51:19,18404.85,100,260950
20221109,11:51:29,18404.90,300,260950
20221109,11:51:35,18402.00,50,260950
20221109,11:52:21,18405.00,150,260950
20221109,11:53:10,18409.45,100,260950
20221109,11:53:17,18409.05,150,260950
20221109,11:53:30,18409.00,50,260950
20221109,11:53:32,18405.45,50,260950
20221109,11:53:53,18408.45,150,261050
20221109,11:53:54,18410.00,50,261050
20221109,11:53:58,18412.00,50,261050
20221109,11:54:00,18419.75,1800,261050
20221109,11:54:02,18414.65,100,261050
20221109,11:55:07,18417.50,50,261050
20221109,11:55:23,18416.00,50,261050
20221109,11:55:50,18419.95,50,261050
20221109,11:56:06,18419.95,50,261050
20221109,11:57:03,18412.80,300,262700
20221109,11:57:15,18412.00,50,262700
20221109,11:58:52,18410.25,50,262700
20221109,11:58:55,18410.00,500,262700
20221109,11:58:56,18413.70,50,262700
20221109,11:58:59,18410.30,500,262700
20221109,11:59:06,18410.00,150,262700
20221109,11:59:34,18409.95,50,262700
20221109,11:59:49,18407.60,50,263000
20221109,11:59:55,18407.00,50,263000
20221109,12:00:35,18405.95,50,263000
20221109,12:00:36,18405.95,50,263000
20221109,12:00:54,18405.20,100,263000
20221109,12:03:17,18403.05,50,263000
20221109,12:03:59,18403.60,50,263150
20221109,12:05:03,18400.25,50,263150
20221109,12:05:04,18401.05,50,263150
20221109,12:05:44,18402.00,50,263150
20221109,12:07:33,18400.65,50,263250
20221109,12:08:21,18404.00,100,263250
20221109,12:08:53,18404.00,50,263200
20221109,12:09:22,18404.00,50,263200
20221109,12:09:42,18404.00,50,263200
20221109,12:09:48,18403.05,100,263200
20221109,12:10:12,18404.00,100,263200
20221109,12:10:13,18404.00,150,263200
20221109,12:10:14,18404.00,350,263200
20221109,12:10:46,18403.00,50,263200
20221109,12:11:04,18398.95,100,263200
20221109,12:11:30,18398.00,50,263200
20221109,12:11:33,18395.90,50,263200
20221109,12:11:34,18394.00,200,263200
20221109,12:12:22,18392.90,50,263850
20221109,12:12:25,18391.00,100,263850
20221109,12:12:52,18390.00,50,263850
20221109,12:12:53,18390.00,50,263850
20221109,12:13:03,18388.05,50,263850
20221109,12:13:04,18387.70,300,263850
20221109,12:13:05,18387.00,100,263850
20221109,12:13:06,18385.00,50,263850
20221109,12:13:09,18385.00,50,263850
20221109,12:13:23,18381.85,100,263850
20221109,12:13:28,18381.85,50,263850
20221109,12:13:30,18383.00,50,263850
20221109,12:15:23,18391.80,50,264400
20221109,12:16:23,18396.85,150,264400
20221109,12:20:44,18392.75,50,264250
20221109,12:23:32,18390.00,50,264300
20221109,12:27:03,18390.15,50,264300
20221109,12:27:46,18388.05,50,264300
20221109,12:28:06,18388.00,50,264300
20221109,12:28:15,18386.20,100,264300
20221109,12:28:20,18386.20,50,264300
20221109,12:28:56,18386.70,50,264300
20221109,12:29:11,18386.10,50,264300
20221109,12:29:14,18390.00,50,264300
20221109,12:30:01,18390.00,50,264400
20221109,12:30:10,18391.05,50,264400
20221109,12:30:28,18392.75,50,264400
20221109,12:30:30,18394.00,750,264400
20221109,12:30:40,18400.60,50,264400
20221109,12:31:51,18393.85,100,264400
20221109,12:32:23,18393.15,100,264400
20221109,12:32:53,18388.70,50,264250
20221109,12:32:55,18390.00,100,264250
20221109,12:33:16,18392.00,50,264250
20221109,12:35:11,18399.00,50,264250
20221109,12:35:13,18399.70,50,264250
20221109,12:35:24,18400.00,50,264250
20221109,12:35:43,18399.05,50,264250
20221109,12:36:46,18401.30,100,264450
20221109,12:36:50,18399.35,50,264450
20221109,12:37:08,18402.40,50,264450
20221109,12:37:20,18407.45,50,264450
20221109,12:37:24,18406.70,50,264450
20221109,12:37:32,18406.35,100,264450
20221109,12:37:42,18403.30,50,264450
20221109,12:37:50,18403.30,50,264450
20221109,12:39:14,18403.00,100,264450
20221109,12:39:56,18404.45,50,264500
20221109,12:40:45,18402.20,50,264500
20221109,12:41:10,18402.20,50,264500
20221109,12:41:49,18407.00,50,264500
20221109,12:42:04,18409.90,250,264750
20221109,12:42:08,18409.90,250,264750
20221109,12:42:09,18410.00,250,264750
20221109,12:42:10,18410.00,450,264750
20221109,12:42:11,18410.00,250,264750
20221109,12:42:50,18413.25,50,264750
20221109,12:44:18,18412.00,50,264750
20221109,12:44:40,18414.85,50,264750
20221109,12:44:48,18411.35,50,264750
20221109,12:45:19,18414.65,50,264750
20221109,12:45:58,18414.70,100,264750
20221109,12:46:14,18411.85,50,264750
20221109,12:46:38,18408.05,50,264750
20221109,12:46:47,18406.95,50,264750
20221109,12:46:58,18408.05,50,264750
20221109,12:47:01,18409.60,50,264750
20221109,12:47:03,18406.95,50,264750
20221109,12:47:16,18406.05,50,264750
20221109,12:47:24,18407.10,50,264750
20221109,12:47:27,18406.95,250,264750
20221109,12:48:18,18408.45,250,264500
20221109,12:50:46,18408.80,50,264500
20221109,12:53:07,18403.65,50,264500
20221109,12:53:49,18402.55,50,264500
20221109,12:53:56,18400.00,50,264500
20221109,12:53:59,18396.35,50,264500
20221109,12:54:14,18401.05,50,264500
20221109,12:56:20,18399.00,50,264500
20221109,12:56:37,18396.00,100,264500
20221109,12:59:34,18400.25,50,264700
20221109,12:59:38,18404.00,50,264700
20221109,13:01:12,18410.00,50,264750
20221109,13:01:36,18414.85,50,264750
20221109,13:02:08,18418.45,50,264750
20221109,13:02:20,18420.00,800,264750
20221109,13:02:21,18420.00,50,264750
20221109,13:03:14,18415.05,50,264100
20221109,13:03:36,18415.15,50,264100
20221109,13:04:02,18416.00,50,264100
20221109,13:04:03,18416.00,50,264100
20221109,13:04:12,18415.00,50,264100
20221109,13:05:04,18408.00,50,264100
20221109,13:06:26,18404.00,50,264250
20221109,13:07:11,18402.40,150,264250
20221109,13:07:14,18400.80,100,264250
20221109,13:08:00,18402.65,400,264250
20221109,13:11:04,18411.00,50,264450
20221109,13:11:35,18407.65,50,264450
20221109,13:13:29,18402.70,50,264450
20221109,13:14:57,18401.40,1400,264500
20221109,13:15:05,18405.00,100,264500
20221109,13:15:36,18401.00,50,264500
20221109,13:15:53,18402.20,50,264500
20221109,13:16:12,18405.00,50,264500
20221109,13:16:36,18406.00,50,264500
20221109,13:16:59,18404.25,50,264500
20221109,13:17:46,18400.00,50,264500
20221109,13:18:16,18400.00,200,264300
20221109,13:18:21,18397.00,300,264300
20221109,13:18:54,18399.45,300,264300
20221109,13:21:02,18397.00,50,264650
20221109,13:21:03,18395.00,50,264650
20221109,13:21:06,18395.00,150,264650
20221109,13:21:08,18395.00,450,264650
20221109,13:21:09,18395.00,150,264650
20221109,13:21:12,18395.00,150,264650
20221109,13:21:13,18395.00,50,264650
20221109,13:21:49,18395.55,150,264650
20221109,13:22:02,18395.55,150,264650
20221109,13:23:24,18390.05,50,264650
20221109,13:23:25,18392.20,50,264650
20221109,13:23:46,18392.20,50,264650
20221109,13:23:47,18393.05,50,264650
20221109,13:24:20,18396.70,50,265500
20221109,13:24:32,18402.00,50,265500
20221109,13:24:50,18401.80,50,265500
20221109,13:25:27,18406.25,150,265500
20221109,13:25:50,18401.00,100,265500
20221109,13:26:50,18404.00,50,265500
20221109,13:28:39,18396.40,100,265400
20221109,13:28:47,18395.15,50,265400
20221109,13:28:48,18395.00,50,265400
20221109,13:29:00,18396.05,50,265400
20221109,13:29:45,18399.30,50,265400
20221109,13:30:15,18397.70,50,265500
20221109,13:31:17,18400.00,550,265500
20221109,13:31:18,18400.00,100,265500
20221109,13:31:19,18400.00,50,265500
20221109,13:31:20,18400.00,150,265500
20221109,13:31:22,18399.60,50,265500
20221109,13:31:36,18400.00,50,265500
20221109,13:31:37,18400.00,50,265500
20221109,13:32:40,18403.05,50,265500
20221109,13:35:34,18409.00,150,265250
20221109,13:35:43,18408.10,50,265250
20221109,13:35:57,18409.00,50,265250
20221109,13:36:07,18410.00,50,265250
20221109,13:36:51,18409.65,50,265250
20221109,13:36:58,18411.25,50,265250
20221109,13:37:28,18415.00,50,265250
20221109,13:37:50,18412.95,50,265250
20221109,13:37:56,18415.00,50,265250
20221109,13:38:14,18418.00,50,265250
20221109,13:38:23,18418.70,50,265250
20221109,13:38:33,18418.70,50,265250
20221109,13:38:37,18415.15,100,265250
20221109,13:38:54,18415.00,50,265250
20221109,13:38:58,18419.85,50,265250
20221109,13:39:18,18419.85,100,265400
20221109,13:39:47,18417.75,50,265400
20221109,13:39:55,18415.00,100,265400
20221109,13:40:18,18419.00,100,265400
20221109,13:40:43,18419.00,50,265400
20221109,13:40:58,18419.00,50,265400
20221109,13:41:25,18419.00,50,265400
20221109,13:41:37,18419.50,100,265400
20221109,13:41:40,18417.95,100,265400
20221109,13:41:45,18416.30,50,265400
20221109,13:42:08,18417.45,100,265850
20221109,13:42:30,18418.30,50,265850
20221109,13:42:37,18419.00,150,265850
20221109,13:43:10,18417.50,50,265850
20221109,13:43:24,18418.00,50,265850
20221109,13:43:43,18418.25,50,265850
20221109,13:44:36,18415.00,700,265850
20221109,13:45:01,18410.65,150,266250
20221109,13:45:11,18410.00,150,266250
20221109,13:45:15,18413.20,50,266250
20221109,13:45:17,18408.95,50,266250
20221109,13:45:38,18416.70,1800,266250
20221109,13:46:16,18410.30,100,266250
20221109,13:46:30,18418.55,100,266250
20221109,13:47:42,18420.00,50,266250
20221109,13:47:51,18417.45,50,266250
20221109,13:48:16,18422.25,50,267650
20221109,13:49:08,18424.00,50,267650
20221109,13:49:39,18425.30,500,267650
20221109,13:50:11,18428.30,200,267650
20221109,13:50:11,18433.35,300,267650
20221109,13:50:15,18435.00,50,267650
20221109,13:50:34,18435.00,50,267650
20221109,13:50:42,18435.00,50,267650
20221109,13:50:43,18438.70,50,267650
20221109,13:51:02,18434.90,50,267650
20221109,13:51:06,18438.70,50,266800
20221109,13:51:21,18440.00,150,266800
20221109,13:51:37,18435.35,50,266800
20221109,13:51:50,18438.60,50,266800
20221109,13:52:09,18435.90,50,266800
20221109,13:52:14,18437.40,50,266800
20221109,13:52:34,18436.35,150,266800
20221109,13:52:40,18436.30,50,266800
20221109,13:52:45,18432.10,100,266800
20221109,13:52:48,18432.00,550,266800
20221109,13:53:13,18431.05,50,266800
20221109,13:53:29,18431.00,50,266800
20221109,13:53:47,18431.00,50,266800
20221109,13:53:51,18430.00,50,266800
20221109,13:54:20,18425.00,50,266850
20221109,13:54:39,18424.75,250,266850
20221109,13:55:22,18422.25,50,266850
20221109,13:55:28,18419.20,50,266850
20221109,13:55:30,18419.20,150,266850
20221109,13:55:35,18416.05,50,266850
20221109,13:55:43,18420.60,150,266850
20221109,13:56:31,18421.00,50,266850
20221109,13:56:33,18423.10,300,266850
20221109,13:56:52,18422.25,300,266850
20221109,13:57:48,18416.40,50,267900
20221109,13:57:53,18416.40,50,267900
20221109,13:58:22,18422.25,50,267900
20221109,13:58:38,18421.50,50,267900
20221109,13:58:42,18424.00,50,267900
20221109,13:58:43,18425.00,50,267900
20221109,13:58:45,18427.70,200,267900
20221109,13:59:44,18428.00,50,267900
20221109,14:00:02,18428.00,50,267900
20221109,14:01:54,18422.25,50,268100
20221109,14:02:30,18421.80,150,268100
20221109,14:02:38,18416.80,50,268100
20221109,14:03:04,18415.30,350,268250
20221109,14:03:05,18415.00,100,268250
20221109,14:06:59,18425.00,50,268650
20221109,14:07:11,18428.80,50,268650
20221109,14:08:18,18423.00,50,268650
20221109,14:08:49,18425.00,50,268650
20221109,14:09:37,18432.00,50,268750
20221109,14:10:05,18432.00,50,268750
20221109,14:10:10,18432.00,50,268750
20221109,14:10:30,18431.05,50,268750
20221109,14:10:40,18431.05,50,268750
20221109,14:10:50,18431.10,100,268750
20221109,14:10:51,18431.05,50,268750
20221109,14:11:02,18431.00,50,268750
20221109,14:11:04,18428.85,50,268750
20221109,14:11:31,18428.75,50,268750
20221109,14:11:35,18428.60,50,268750
20221109,14:11:56,18427.25,50,268750
20221109,14:12:05,18427.65,50,268750
20221109,14:12:06,18427.35,100,268900
20221109,14:12:07,18427.00,50,268900
20221109,14:12:31,18430.45,100,268900
20221109,14:13:08,18430.45,50,268900
20221109,14:13:37,18429.25,50,268900
20221109,14:14:03,18429.25,50,268900
20221109,14:14:18,18430.45,50,268900
20221109,14:14:41,18431.20,50,268900
20221109,14:14:47,18434.85,100,268900
20221109,14:15:25,18434.85,100,268900
20221109,14:15:26,18435.30,300,268900
20221109,14:15:33,18433.85,50,268900
20221109,14:15:37,18433.55,50,268900
20221109,14:16:38,18429.25,50,268900
20221109,14:16:41,18432.85,50,268900
20221109,14:17:08,18424.05,50,268900
20221109,14:17:16,18422.05,50,268900
20221109,14:17:31,18422.00,50,268900
20221109,14:17:48,18415.00,50,268900
20221109,14:17:59,18416.00,50,268900
20221109,14:18:19,18416.00,50,268750
20221109,14:18:26,18415.00,50,268750
20221109,14:18:31,18412.85,200,268750
20221109,14:18:32,18411.00,100,268750
20221109,14:18:35,18406.30,50,268750
20221109,14:18:52,18404.40,50,268750
20221109,14:20:04,18411.00,50,268750
20221109,14:22:47,18419.40,50,269050
20221109,14:22:57,18415.00,50,269050
20221109,14:24:42,18415.00,50,269000
20221109,14:24:49,18415.00,100,269000
20221109,14:28:44,18411.00,50,269000
20221109,14:28:45,18410.00,100,269000
20221109,14:28:49,18409.50,50,269000
20221109,14:29:11,18414.90,50,269000
20221109,14:30:37,18412.00,50,268950
20221109,14:32:48,18409.55,50,268950
20221109,14:33:12,18412.65,50,269000
20221109,14:34:04,18412.65,50,269000
20221109,14:34:05,18415.60,50,269000
20221109,14:35:06,18412.00,50,269000
20221109,14:36:21,18414.60,50,269000
20221109,14:37:48,18414.10,50,269000
20221109,14:38:01,18415.80,50,269000
20221109,14:38:26,18416.50,50,269000
20221109,14:38:33,18414.65,250,269000
20221109,14:39:09,18404.15,50,269000
20221109,14:39:15,18401.15,150,269250
20221109,14:39:17,18396.05,150,269250
20221109,14:39:27,18394.50,50,269250
20221109,14:39:57,18390.00,100,269250
20221109,14:39:58,18390.00,100,269250
20221109,14:40:00,18381.00,1400,269250
20221109,14:40:01,18381.00,50,269250
20221109,14:40:02,18380.95,50,269250
20221109,14:40:03,18380.00,450,269250
20221109,14:40:04,18379.00,50,269250
20221109,14:40:05,18377.70,50,269250
20221109,14:40:07,18377.00,200,269250
20221109,14:40:09,18375.00,100,269250
20221109,14:40:10,18375.00,250,269250
20221109,14:40:12,18370.65,50,269250
20221109,14:40:20,18370.65,50,269250
20221109,14:40:25,18370.05,50,269250
20221109,14:40:26,18367.00,350,269250
20221109,14:40:32,18365.30,50,269250
20221109,14:41:00,18365.30,50,269250
20221109,14:41:01,18373.50,100,269250
20221109,14:41:11,18372.80,50,269250
20221109,14:41:28,18375.45,50,269250
20221109,14:41:43,18372.80,50,269250
20221109,14:41:54,18373.00,50,269250
20221109,14:42:03,18375.45,50,269250
20221109,14:42:07,18373.00,50,269250
20221109,14:42:19,18368.30,50,271350
20221109,14:42:21,18368.30,50,271350
20221109,14:42:24,18367.00,400,271350
20221109,14:42:34,18371.80,50,271350
20221109,14:43:11,18373.40,50,271350
20221109,14:43:14,18376.00,50,271350
20221109,14:43:23,18369.30,800,271350
20221109,14:43:39,18373.45,50,271350
20221109,14:44:20,18362.00,200,271350
20221109,14:44:33,18360.00,50,271350
20221109,14:44:36,18360.00,50,271350
20221109,14:44:37,18360.40,50,271350
20221109,14:44:41,18360.40,50,271350
20221109,14:44:42,18360.40,50,271350
20221109,14:44:43,18360.10,50,271350
20221109,14:44:51,18363.75,50,271350
20221109,14:45:01,18355.10,450,271350
20221109,14:45:03,18355.05,50,271350
20221109,14:45:04,18355.05,50,271350
20221109,14:45:05,18355.00,50,271350
20221109,14:45:06,18355.00,50,271350
20221109,14:45:11,18355.90,50,270750
20221109,14:45:14,18360.00,100,270750
20221109,14:45:15,18356.70,200,270750
20221109,14:45:20,18360.00,50,270750
20221109,14:45:39,18358.80,50,270750
20221109,14:45:40,18360.05,100,270750
20221109,14:45:45,18360.40,100,270750
20221109,14:45:51,18357.05,50,270750
20221109,14:45:53,18359.90,50,270750
20221109,14:45:54,18355.10,50,270750
20221109,14:45:57,18356.70,50,270750
20221109,14:45:58,18356.55,50,270750
20221109,14:46:05,18357.05,100,270750
20221109,14:46:11,18357.90,50,270750
20221109,14:46:16,18357.90,50,270750
20221109,14:46:20,18357.70,150,270750
20221109,14:46:25,18358.00,50,270750
20221109,14:46:31,18359.85,50,270750
20221109,14:46:45,18361.30,50,270750
20221109,14:46:57,18360.15,50,270750
20221109,14:47:00,18360.00,50,270750
20221109,14:47:03,18360.25,50,270750
20221109,14:47:07,18361.30,50,270750
20221109,14:47:39,18361.00,50,270750
20221109,14:47:56,18363.80,100,270750
20221109,14:48:03,18358.10,50,270750
20221109,14:48:13,18351.00,200,270850
20221109,14:48:14,18350.00,250,270850
20221109,14:48:15,18350.00,850,270850
20221109,14:48:18,18350.00,450,270850
20221109,14:48:19,18350.00,150,270850
20221109,14:48:21,18350.00,50,270850
20221109,14:48:22,18350.00,400,270850
20221109,14:48:22,18350.00,50,270850
20221109,14:48:23,18347.00,1100,270850
20221109,14:48:25,18341.25,150,270850
20221109,14:48:30,18341.25,50,270850
20221109,14:48:39,18342.00,50,270850
20221109,14:49:07,18344.75,100,270850
20221109,14:49:28,18342.00,100,270850
20221109,14:49:42,18342.00,100,270850
20221109,14:49:43,18341.10,50,270850
20221109,14:49:49,18341.10,50,270850
20221109,14:49:54,18344.85,50,270850
20221109,14:50:01,18340.05,800,270850
20221109,14:50:17,18340.05,50,270850
20221109,14:50:19,18342.40,100,270850
20221109,14:50:19,18343.65,50,270850
20221109,14:50:31,18342.00,50,270850
20221109,14:50:34,18343.00,50,270850
20221109,14:50:42,18340.00,200,270850
20221109,14:50:44,18334.75,50,270850
20221109,14:50:46,18334.75,50,270850
20221109,14:51:02,18337.40,50,270850
20221109,14:51:22,18337.15,400,272800
20221109,14:51:24,18338.80,50,272800
20221109,14:51:35,18340.00,550,272800
20221109,14:51:43,18341.00,50,272800
20221109,14:51:45,18340.70,50,272800
20221109,14:51:46,18342.95,50,272800
20221109,14:51:47,18340.00,500,272800
20221109,14:52:02,18340.00,50,272800
20221109,14:52:04,18339.00,50,272800
20221109,14:52:19,18339.70,50,272800
20221109,14:52:33,18339.05,50,272800
20221109,14:52:34,18342.80,50,272800
20221109,14:52:38,18342.80,200,272800
20221109,14:52:51,18343.00,50,272800
20221109,14:53:11,18345.10,100,272800
20221109,14:53:16,18344.70,100,272800
20221109,14:53:51,18344.70,50,272800
20221109,14:53:53,18346.00,150,272800
20221109,14:53:59,18344.70,50,272800
20221109,14:54:01,18344.70,200,272800
20221109,14:54:15,18343.00,50,272100
20221109,14:54:29,18340.00,150,272100
20221109,14:54:32,18338.00,100,272100
20221109,14:54:34,18337.10,50,272100
20221109,14:54:37,18332.95,100,272100
20221109,14:54:49,18332.95,50,272100
20221109,14:54:52,18333.00,50,272100
20221109,14:55:01,18339.85,150,272100
20221109,14:55:03,18339.60,50,272100
20221109,14:55:11,18339.95,50,272100
20221109,14:55:15,18330.95,1500,272100
20221109,14:55:17,18330.95,50,272100
20221109,14:55:23,18342.75,50,272100
20221109,14:55:30,18342.75,50,272100
20221109,14:55:36,18338.85,100,272100
20221109,14:55:46,18342.70,100,272100
20221109,14:55:47,18343.00,300,272100
20221109,14:55:53,18330.25,1650,272100
20221109,14:55:54,18345.15,100,272100
20221109,14:55:57,18349.75,200,272100
20221109,14:56:10,18338.35,850,272100
20221109,14:56:37,18350.10,100,272100
20221109,14:56:40,18351.95,50,272100
20221109,14:56:42,18347.40,50,272100
20221109,14:56:54,18350.40,250,272100
20221109,14:56:56,18350.35,50,272100
20221109,14:56:58,18350.00,50,272100
20221109,14:57:06,18349.75,50,272100
20221109,14:57:14,18346.75,100,274000
20221109,14:57:49,18347.00,50,274000
20221109,14:57:50,18345.00,50,274000
20221109,14:58:03,18347.00,50,274000
20221109,14:58:16,18349.55,150,274000
20221109,14:58:23,18347.00,100,274000
20221109,14:58:31,18347.00,50,274000
20221109,14:58:41,18347.95,50,274000
20221109,14:58:54,18346.20,50,274000
20221109,14:59:28,18340.05,100,274000
20221109,14:59:40,18344.75,100,274000
20221109,14:59:41,18346.45,100,274000
20221109,14:59:47,18349.50,50,274000
20221109,14:59:51,18349.60,50,274000
20221109,14:59:54,18349.00,100,274000
20221109,14:59:57,18346.20,50,274000
20221109,15:00:01,18342.00,100,274000
20221109,15:00:04,18340.00,100,274000
20221109,15:00:18,18351.95,150,274000
20221109,15:00:21,18352.00,50,274000
20221109,15:00:30,18360.10,150,274000
20221109,15:00:35,18355.10,50,274000
20221109,15:00:45,18360.00,1800,274000
20221109,15:00:50,18356.60,100,274000
20221109,15:01:10,18362.00,600,274000
20221109,15:01:15,18362.00,50,274000
20221109,15:01:17,18362.60,50,274000
20221109,15:01:20,18363.00,50,274000
20221109,15:01:22,18365.00,50,274000
20221109,15:01:30,18370.00,50,274000
20221109,15:01:31,18365.55,100,274000
20221109,15:01:32,18365.00,50,274000
20221109,15:01:34,18367.50,100,274000
20221109,15:02:06,18370.00,50,274000
20221109,15:02:11,18370.40,250,274000
20221109,15:02:20,18375.60,250,274000
20221109,15:02:34,18370.50,100,274000
20221109,15:02:51,18370.90,50,274000
20221109,15:02:56,18370.50,50,274000
20221109,15:02:57,18370.50,50,274000
20221109,15:03:02,18374.15,50,274000
20221109,15:03:20,18370.00,50,275300
20221109,15:03:52,18367.00,450,275300
20221109,15:03:55,18367.65,50,275300
20221109,15:03:57,18370.00,50,275300
20221109,15:04:09,18373.65,50,275300
20221109,15:04:18,18374.50,50,275300
20221109,15:04:24,18373.55,50,275300
20221109,15:04:31,18372.00,50,275300
20221109,15:04:56,18375.00,400,275300
20221109,15:05:10,18378.05,50,275300
20221109,15:05:12,18380.00,50,275300
20221109,15:05:20,18378.05,50,275300
20221109,15:05:23,18378.05,300,275300
20221109,15:05:41,18375.15,150,275300
20221109,15:05:42,18375.00,50,275300
20221109,15:05:50,18375.00,50,275300
20221109,15:05:53,18375.00,100,275300
20221109,15:06:01,18377.00,50,275300
20221109,15:06:23,18377.00,200,275050
20221109,15:06:27,18378.35,100,275050
20221109,15:06:40,18380.00,100,275050
20221109,15:06:41,18380.00,50,275050
20221109,15:06:42,18380.00,50,275050
20221109,15:06:50,18382.00,100,275050
20221109,15:07:41,18387.90,50,275050
20221109,15:08:01,18387.00,50,275050
20221109,15:08:15,18385.40,100,275050
20221109,15:08:34,18384.00,50,275050
20221109,15:08:46,18382.05,50,275050
20221109,15:08:55,18382.10,50,275050
20221109,15:09:15,18382.05,50,275350
20221109,15:09:19,18382.00,50,275350
20221109,15:09:21,18382.00,50,275350
20221109,15:09:33,18380.00,50,275350
20221109,15:09:38,18382.00,100,275350
20221109,15:09:53,18382.00,100,275350
20221109,15:10:38,18385.00,250,275350
20221109,15:10:42,18382.35,100,275350
20221109,15:11:11,18385.95,50,275350
20221109,15:11:22,18384.80,100,275350
20221109,15:13:28,18380.00,100,275800
20221109,15:13:32,18379.20,50,275800
20221109,15:13:47,18375.00,100,275800
20221109,15:13:49,18375.00,150,275800
20221109,15:13:59,18372.55,50,275800
20221109,15:14:22,18375.00,50,275800
20221109,15:15:12,18376.95,50,275800
20221109,15:15:14,18375.40,100,275800
20221109,15:15:18,18375.50,50,276200
20221109,15:15:41,18370.00,50,276200
20221109,15:16:19,18370.05,50,276200
20221109,15:16:31,18365.00,150,276200
20221109,15:16:32,18361.35,50,276200
20221109,15:16:42,18360.00,50,276200
20221109,15:17:14,18355.15,100,276200
20221109,15:17:26,18350.65,50,276200
20221109,15:17:28,18350.00,200,276200
20221109,15:17:33,18350.00,200,276200
20221109,15:17:35,18350.00,850,276200
20221109,15:17:43,18351.70,50,276200
20221109,15:18:09,18354.00,50,276200
20221109,15:18:14,18356.00,50,276200
20221109,15:19:24,18354.10,50,276600
20221109,15:19:40,18350.00,50,276600
20221109,15:19:55,18347.60,50,276600
20221109,15:19:56,18349.95,50,276600
20221109,15:20:10,18350.00,50,276600
20221109,15:20:19,18352.70,50,276600
20221109,15:20:49,18350.00,50,276600
20221109,15:21:05,18350.00,100,276600
20221109,15:21:18,18350.00,50,276700
20221109,15:21:22,18350.00,50,276700
20221109,15:21:30,18353.50,50,276700
20221109,15:21:42,18354.00,50,276700
20221109,15:21:52,18354.00,100,276700
20221109,15:22:08,18353.95,50,276700
20221109,15:22:47,18354.00,50,276700
20221109,15:22:51,18354.00,50,276700
20221109,15:23:12,18350.40,50,276700
20221109,15:23:39,18350.00,50,276700
20221109,15:23:51,18351.55,400,276700
20221109,15:24:01,18350.60,50,276700
20221109,15:24:26,18348.10,100,276800
20221109,15:24:30,18348.05,100,276800
20221109,15:24:43,18350.15,50,276800
20221109,15:24:55,18348.00,50,276800
20221109,15:25:03,18348.00,50,276800
20221109,15:25:04,18348.00,100,276800
20221109,15:25:14,18345.10,50,276800
20221109,15:25:30,18345.00,100,276800
20221109,15:25:42,18345.00,250,276800
20221109,15:25:58,18341.00,50,276800
20221109,15:26:19,18344.50,50,276800
20221109,15:26:27,18342.00,50,276800
20221109,15:26:39,18343.00,500,276800
20221109,15:26:54,18342.00,50,276800
20221109,15:27:02,18341.00,250,276800
20221109,15:27:03,18341.00,100,276800
20221109,15:27:04,18340.00,250,276800
20221109,15:27:05,18340.00,50,276800
20221109,15:27:06,18339.95,50,276800
20221109,15:27:12,18338.00,150,276800
20221109,15:27:16,18334.95,50,276800
20221109,15:27:25,18335.00,50,277650
20221109,15:27:35,18334.95,50,277650
20221109,15:27:41,18331.15,50,277650
20221109,15:27:47,18331.05,150,277650
20221109,15:27:49,18331.05,50,277650
20221109,15:28:13,18331.20,50,277650
20221109,15:28:18,18331.05,400,277650
20221109,15:28:28,18333.00,50,277650
20221109,15:28:47,18336.75,50,277650
20221109,15:29:00,18335.80,50,277650
20221109,15:29:07,18335.75,150,277650
20221109,15:29:15,18333.10,50,277650
20221109,15:29:23,18333.10,50,277650
20221109,15:29:25,18333.00,100,277650
20221109,15:29:27,18333.10,50,277650
20221109,15:29:28,18335.00,50,277650
20221109,15:29:30,18336.00,350,277650
20221109,15:29:35,18332.65,50,277650
20221109,15:29:39,18336.00,50,277650
20221109,15:29:41,18333.20,100,277650
20221109,15:29:45,18336.00,50,277650
20221109,15:29:47,18331.00,1000,277650
20221109,15:29:50,18336.00,50,277650
20221109,15:29:56,18333.20,50,277650
