20221109,09:15:00,18410.80,1,1552050
20221109,09:15:00,18451.60,1,1552050
20221109,09:15:00,18408.65,1950,1552050
20221109,09:15:01,18426.00,200,1552050
20221109,09:15:03,18419.95,350,1552050
20221109,09:15:03,18420.00,300,1552050
20221109,09:15:04,18419.05,350,1552050
20221109,09:15:06,18420.75,250,1552050
20221109,09:15:06,18420.05,300,1552050
20221109,09:15:07,18417.50,900,1552050
20221109,09:15:09,18407.40,300,1552050
20221109,09:15:09,18405.10,100,1552050
20221109,09:15:10,18405.10,450,1552050
20221109,09:15:12,18402.85,450,1552050
20221109,09:15:12,18404.40,50,1552050
20221109,09:15:13,18401.10,400,1552050
20221109,09:15:15,18400.00,100,1552050
20221109,09:15:17,18398.10,250,1552050
20221109,09:15:17,18391.30,150,1552050
20221109,09:15:18,18396.20,100,1552050
20221109,09:15:20,18393.05,800,1552050
20221109,09:15:20,18393.95,50,1552050
20221109,09:15:21,18393.20,250,1552050
20221109,09:15:23,18392.30,50,1552050
20221109,09:15:24,18393.15,50,1552050
20221109,09:15:26,18394.10,100,1552050
20221109,09:15:26,18393.25,500,1552050
20221109,09:15:27,18392.00,150,1552050
20221109,09:15:29,18391.90,150,1552050
20221109,09:15:30,18390.60,1500,1552050
20221109,09:15:32,18393.15,800,1552050
20221109,09:15:33,18395.40,700,1552050
20221109,09:15:35,18400.00,1550,1552050
20221109,09:15:35,18400.05,450,1552050
20221109,09:15:36,18401.80,550,1552050
20221109,09:15:38,18401.20,50,1552050
20221109,09:15:38,18402.40,50,1552050
20221109,09:15:41,18400.15,100,1552050
20221109,09:15:43,18399.30,50,1552050
20221109,09:15:43,18399.50,50,1552050
20221109,09:15:46,18396.20,200,1552050
20221109,09:15:46,18395.00,50,1552050
20221109,09:15:47,18395.50,1250,1552050
20221109,09:15:49,18397.00,50,1552050
20221109,09:15:50,18399.60,150,1552050
20221109,09:15:52,18395.55,1000,1552050
20221109,09:15:52,18395.80,50,1552050
20221109,09:15:57,18395.75,50,1552050
20221109,09:15:59,18388.50,2850,1552050
20221109,09:16:00,18387.10,1300,1552050
20221109,09:16:00,18387.10,500,1552050
20221109,09:16:02,18391.40,100,1552050
20221109,09:16:03,18391.40,50,1552050
20221109,09:16:03,18389.40,50,1552050
20221109,09:16:06,18387.10,1000,1552050
20221109,09:16:06,18388.25,100,1552050
20221109,09:16:08,18389.40,50,1552050
20221109,09:16:09,18388.25,100,1552050
20221109,09:16:10,18388.40,100,1552050
20221109,09:16:10,18390.00,50,1552050
20221109,09:16:12,18396.20,1100,1552050
20221109,09:16:13,18396.00,50,1552050
20221109,09:16:15,18395.45,50,1552050
20221109,09:16:16,18395.35,50,1552050
20221109,09:16:18,18397.80,50,1552050
20221109,09:16:18,18398.15,250,1552050
20221109,09:16:20,18399.10,200,1552050
20221109,09:16:21,18397.50,50,1552050
20221109,09:16:23,18398.70,1450,1552050
20221109,09:16:24,18398.25,550,1552050
20221109,09:16:26,18399.60,150,1552050
20221109,09:16:27,18400.50,350,1552050
20221109,09:16:27,18399.85,50,1552050
20221109,09:16:29,18400.50,200,1552050
20221109,09:16:30,18400.50,250,1552050
20221109,09:16:32,18399.75,150,1552050
20221109,09:16:33,18400.50,250,1552050
20221109,09:16:33,18401.20,250,1552050
20221109,09:16:35,18401.20,250,1552050
20221109,09:16:36,18402.10,300,1552050
20221109,09:16:36,18402.05,150,1552050
20221109,09:16:38,18402.30,50,1552050
20221109,09:16:38,18404.65,100,1552050
20221109,09:16:39,18403.10,400,1552050
20221109,09:16:41,18402.50,300,1552050
20221109,09:16:41,18405.00,50,1552050
20221109,09:16:43,18408.55,2400,1552050
20221109,09:16:44,18402.05,50,1552050
20221109,09:16:47,18403.10,250,1552050
20221109,09:16:50,18400.30,150,1552050
20221109,09:16:52,18400.35,350,1552050
20221109,09:16:53,18399.50,1050,1552050
20221109,09:16:55,18400.00,150,1552050
20221109,09:16:56,18400.00,50,1552050
20221109,09:16:58,18399.10,200,1552050
20221109,09:17:01,18398.95,250,1552050
20221109,09:17:02,18400.00,550,1552050
20221109,09:17:04,18400.95,50,1552050
20221109,09:17:05,18401.00,50,1552050
20221109,09:17:07,18402.30,100,1552050
20221109,09:17:08,18403.10,50,1552050
20221109,09:17:10,18399.15,150,1552050
20221109,09:17:11,18399.25,50,1552050
20221109,09:17:15,18400.70,50,1552050
20221109,09:17:18,18400.50,50,1552050
20221109,09:17:19,18400.50,50,1552050
20221109,09:17:21,18401.75,150,1552050
20221109,09:17:21,18403.95,50,1552050
20221109,09:17:23,18404.00,100,1552050
20221109,09:17:24,18401.25,50,1552050
20221109,09:17:26,18402.75,50,1552050
20221109,09:17:27,18398.10,50,1552050
20221109,09:17:29,18400.80,50,1542900
20221109,09:17:30,18399.60,50,1542900
20221109,09:17:35,18400.80,50,1542900
20221109,09:17:37,18400.25,500,1542900
20221109,09:17:38,18400.50,50,1542900
20221109,09:17:41,18399.00,150,1542900
20221109,09:17:44,18400.00,50,1542900
20221109,09:17:46,18399.85,50,1542900
20221109,09:17:47,18399.85,200,1542900
20221109,09:17:49,18400.00,50,1542900
20221109,09:17:49,18399.50,50,1542900
20221109,09:17:51,18400.50,50,1542900
20221109,09:17:52,18403.60,50,1542900
20221109,09:17:54,18401.90,200,1542900
20221109,09:17:55,18403.80,50,1542900
20221109,09:17:58,18402.40,50,1542900
20221109,09:18:00,18405.20,250,1542900
20221109,09:18:01,18402.40,1800,1542900
20221109,09:18:03,18405.50,200,1542900
20221109,09:18:03,18405.25,500,1542900
20221109,09:18:05,18405.50,50,1542900
20221109,09:18:06,18405.75,50,1542900
20221109,09:18:09,18406.20,50,1542900
20221109,09:18:10,18405.45,1650,1542900
20221109,09:18:12,18406.40,100,1542900
20221109,09:18:13,18406.65,50,1542900
20221109,09:18:17,18408.00,50,1542900
20221109,09:18:17,18410.00,1500,1542900
20221109,09:18:19,18408.00,50,1542900
20221109,09:18:20,18408.95,50,1542900
20221109,09:18:21,18407.00,50,1542900
20221109,09:18:22,18407.00,100,1542900
20221109,09:18:23,18405.00,50,1542900
20221109,09:18:24,18401.40,500,1542900
20221109,09:18:25,18406.60,350,1542900
20221109,09:18:29,18406.55,50,1542900
20221109,09:18:31,18402.35,100,1542900
20221109,09:18:34,18404.10,50,1542900
20221109,09:18:35,18404.50,450,1542900
20221109,09:18:36,18405.30,250,1542900
20221109,09:18:37,18405.00,50,1542900
20221109,09:18:38,18408.35,50,1542900
20221109,09:18:40,18404.60,50,1542900
20221109,09:18:41,18402.65,100,1542900
20221109,09:18:42,18406.60,300,1542900
20221109,09:18:43,18406.55,50,1542900
20221109,09:18:45,18406.60,50,1542900
20221109,09:18:46,18405.00,350,1542900
20221109,09:18:47,18405.00,100,1542900
20221109,09:18:49,18402.40,100,1542900
20221109,09:18:51,18405.95,150,1542900
20221109,09:18:53,18407.35,400,1542900
20221109,09:18:55,18408.35,50,1542900
20221109,09:18:56,18407.55,150,1542900
20221109,09:18:57,18408.00,150,1542900
20221109,09:18:58,18407.80,150,1542900
20221109,09:18:59,18409.95,250,1542900
20221109,09:19:01,18407.05,100,1542900
20221109,09:19:04,18406.15,100,1542900
20221109,09:19:09,18406.10,50,1542900
20221109,09:19:12,18406.15,300,1542900
20221109,09:19:15,18406.55,50,1542900
20221109,09:19:16,18408.30,50,1542900
20221109,09:19:17,18408.40,250,1542900
20221109,09:19:19,18408.95,50,1542900
20221109,09:19:21,18407.20,100,1542900
20221109,09:19:29,18402.95,50,1542900
20221109,09:19:35,18405.15,250,1542900
20221109,09:19:38,18403.40,50,1542900
20221109,09:19:39,18402.70,50,1542900
20221109,09:19:40,18406.40,100,1542900
20221109,09:19:42,18403.40,50,1542900
20221109,09:19:43,18402.40,50,1542900
20221109,09:19:45,18403.65,50,1542900
20221109,09:19:46,18402.15,100,1542900
20221109,09:19:47,18401.30,500,1542900
20221109,09:19:49,18403.50,50,1542900
20221109,09:19:51,18405.35,800,1542900
20221109,09:19:53,18405.55,250,1542900
20221109,09:19:55,18404.80,50,1542900
20221109,09:19:58,18405.55,50,1542900
20221109,09:19:59,18404.80,100,1542900
20221109,09:20:00,18404.80,50,1542900
20221109,09:20:02,18407.20,300,1542900
20221109,09:20:03,18407.55,50,1542900
20221109,09:20:04,18409.00,100,1542900
20221109,09:20:05,18409.00,50,1542900
20221109,09:20:07,18408.00,400,1542900
20221109,09:20:08,18406.05,150,1542900
20221109,09:20:11,18407.65,300,1542900
20221109,09:20:12,18408.30,50,1542900
20221109,09:20:14,18406.80,150,1542900
20221109,09:20:15,18406.00,200,1542900
20221109,09:20:18,18403.95,200,1542900
20221109,09:20:26,18401.25,700,1542900
20221109,09:20:28,18403.95,50,1542900
20221109,09:20:30,18402.00,100,1539350
20221109,09:20:31,18404.85,150,1539350
20221109,09:20:34,18405.00,500,1539350
20221109,09:20:35,18405.00,50,1539350
20221109,09:20:37,18403.95,250,1539350
20221109,09:20:39,18405.00,50,1539350
20221109,09:20:40,18405.00,100,1539350
20221109,09:20:42,18403.80,150,1539350
20221109,09:20:44,18404.85,250,1539350
20221109,09:20:46,18407.15,50,1539350
20221109,09:20:47,18404.80,50,1539350
20221109,09:20:48,18404.10,50,1539350
20221109,09:20:49,18406.20,350,1539350
20221109,09:21:02,18406.20,50,1539350
20221109,09:21:04,18404.00,50,1539350
20221109,09:21:05,18403.95,50,1539350
20221109,09:21:07,18404.00,50,1539350
20221109,09:21:09,18403.90,50,1539350
20221109,09:21:10,18403.10,50,1539350
20221109,09:21:15,18400.00,350,1539350
20221109,09:21:20,18398.80,200,1539350
20221109,09:21:26,18399.20,50,1539350
20221109,09:21:28,18397.00,50,1539350
20221109,09:21:30,18396.05,50,1539350
20221109,09:21:31,18399.75,50,1539350
20221109,09:21:36,18396.00,50,1539350
20221109,09:21:41,18396.15,50,1539350
20221109,09:21:45,18395.95,200,1539350
20221109,09:21:46,18397.30,50,1539350
20221109,09:21:47,18401.70,250,1539350
20221109,09:21:48,18400.00,100,1539350
20221109,09:21:49,18402.20,450,1539350
20221109,09:21:50,18400.00,300,1539350
20221109,09:21:52,18401.70,100,1539350
20221109,09:21:54,18396.70,250,1539350
20221109,09:21:57,18397.30,50,1539350
20221109,09:21:58,18396.80,50,1539350
20221109,09:22:01,18396.05,150,1539350
20221109,09:22:07,18396.00,50,1539350
20221109,09:22:08,18396.00,50,1539350
20221109,09:22:10,18396.00,50,1539350
20221109,09:22:12,18393.50,100,1539350
20221109,09:22:14,18394.00,150,1539350
20221109,09:22:21,18392.45,100,1539350
20221109,09:22:22,18392.20,150,1539350
20221109,09:22:23,18394.00,200,1539350
20221109,09:22:24,18395.00,200,1539350
20221109,09:22:26,18396.50,150,1539350
20221109,09:22:31,18395.00,150,1539350
20221109,09:22:33,18395.10,50,1539350
20221109,09:22:37,18395.20,50,1539350
20221109,09:22:43,18397.65,200,1539350
20221109,09:22:44,18395.10,100,1539350
20221109,09:22:45,18392.05,350,1539350
20221109,09:22:46,18395.00,50,1539350
20221109,09:22:50,18391.65,200,1539350
20221109,09:22:54,18390.00,650,1539350
20221109,09:22:59,18390.45,50,1539350
20221109,09:23:04,18386.40,100,1539350
20221109,09:23:06,18386.40,150,1539350
20221109,09:23:09,18390.20,50,1539350
20221109,09:23:11,18388.20,50,1539350
20221109,09:23:23,18388.40,50,1539350
20221109,09:23:28,18388.95,50,1539350
20221109,09:23:30,18388.40,100,1539100
20221109,09:23:32,18389.05,100,1539100
20221109,09:23:34,18390.70,50,1539100
20221109,09:23:38,18388.05,50,1539100
20221109,09:23:45,18390.20,50,1539100
20221109,09:23:46,18387.00,100,1539100
20221109,09:23:48,18385.85,1000,1539100
20221109,09:23:51,18385.85,100,1539100
20221109,09:23:52,18388.05,100,1539100
20221109,09:23:53,18389.25,50,1539100
20221109,09:23:56,18389.95,50,1539100
20221109,09:23:58,18391.75,50,1539100
20221109,09:24:02,18389.95,50,1539100
20221109,09:24:05,18389.25,50,1539100
20221109,09:24:08,18388.30,50,1539100
20221109,09:24:13,18388.70,100,1539100
20221109,09:24:22,18389.25,50,1539100
20221109,09:24:25,18387.00,50,1539100
20221109,09:24:28,18389.25,50,1539100
20221109,09:24:29,18389.50,50,1539100
20221109,09:24:30,18390.00,100,1539100
20221109,09:24:38,18387.10,100,1539100
20221109,09:24:49,18386.25,300,1539100
20221109,09:24:50,18387.10,200,1539100
20221109,09:24:53,18386.70,50,1539100
20221109,09:24:59,18387.20,50,1539100
20221109,09:25:03,18388.70,50,1539100
20221109,09:25:05,18389.50,450,1539100
20221109,09:25:05,18389.50,50,1539100
20221109,09:25:07,18389.55,50,1539100
20221109,09:25:15,18389.95,50,1539100
20221109,09:25:16,18389.90,50,1539100
20221109,09:25:17,18387.15,100,1539100
20221109,09:25:24,18386.65,1000,1539100
20221109,09:25:33,18387.00,50,1539100
20221109,09:25:34,18386.80,50,1539100
20221109,09:25:35,18389.75,50,1539100
20221109,09:25:43,18386.65,100,1539100
20221109,09:25:48,18385.00,50,1539100
20221109,09:25:52,18385.00,50,1539100
20221109,09:25:54,18386.65,50,1539100
20221109,09:25:56,18387.15,50,1539100
20221109,09:25:57,18385.00,100,1539100
20221109,09:25:59,18387.00,250,1539100
20221109,09:26:02,18385.00,400,1539100
20221109,09:26:06,18384.00,300,1539100
20221109,09:26:14,18382.15,200,1539100
20221109,09:26:20,18382.15,50,1539100
20221109,09:26:31,18383.25,50,1537450
20221109,09:26:36,18384.00,50,1537450
20221109,09:26:41,18384.00,50,1537450
20221109,09:26:46,18382.35,50,1537450
20221109,09:26:48,18384.95,50,1537450
20221109,09:26:49,18382.20,100,1537450
20221109,09:26:53,18381.90,50,1537450
20221109,09:26:54,18381.85,50,1537450
20221109,09:26:55,18381.85,50,1537450
20221109,09:26:59,18384.45,500,1537450
20221109,09:27:01,18384.45,50,1537450
20221109,09:27:03,18384.45,50,1537450
20221109,09:27:09,18384.45,150,1537450
20221109,09:27:11,18384.45,50,1537450
20221109,09:27:12,18384.45,50,1537450
20221109,09:27:16,18386.60,500,1537450
20221109,09:27:17,18386.40,50,1537450
20221109,09:27:19,18386.55,50,1537450
20221109,09:27:24,18384.45,100,1537450
20221109,09:27:29,18387.80,50,1537450
20221109,09:27:36,18385.30,300,1537450
20221109,09:27:37,18385.00,100,1537450
20221109,09:27:41,18384.00,50,1537450
20221109,09:27:51,18382.60,50,1537450
20221109,09:27:52,18381.65,500,1537450
20221109,09:27:59,18380.00,550,1537450
20221109,09:28:00,18380.00,250,1537450
20221109,09:28:01,18378.00,50,1537450
20221109,09:28:04,18375.00,750,1537450
20221109,09:28:05,18375.00,400,1537450
20221109,09:28:07,18375.80,100,1537450
20221109,09:28:11,18376.05,50,1537450
20221109,09:28:12,18376.40,100,1537450
20221109,09:28:13,18378.00,150,1537450
20221109,09:28:14,18377.20,100,1537450
20221109,09:28:17,18378.65,50,1537450
20221109,09:28:18,18378.05,100,1537450
20221109,09:28:19,18379.00,50,1537450
20221109,09:28:21,18380.50,50,1537450
20221109,09:28:26,18378.75,50,1537450
20221109,09:28:29,18378.35,50,1537450
20221109,09:28:31,18378.10,50,1537450
20221109,09:28:34,18378.10,50,1537450
20221109,09:28:35,18380.25,50,1537450
20221109,09:28:38,18378.35,50,1537450
20221109,09:28:42,18380.20,100,1537450
20221109,09:28:43,18378.80,300,1537450
20221109,09:28:44,18378.50,50,1537450
20221109,09:28:45,18377.60,50,1537450
20221109,09:28:48,18379.35,50,1537450
20221109,09:28:57,18378.85,50,1537450
20221109,09:28:59,18378.15,50,1537450
20221109,09:29:01,18378.15,50,1537450
20221109,09:29:02,18378.10,50,1537450
20221109,09:29:03,18378.85,50,1537450
20221109,09:29:05,18379.95,100,1537450
20221109,09:29:08,18380.00,150,1537450
20221109,09:29:09,18380.00,200,1537450
20221109,09:29:11,18380.50,750,1537450
20221109,09:29:12,18380.50,300,1537450
20221109,09:29:13,18380.50,100,1537450
20221109,09:29:14,18380.50,50,1537450
20221109,09:29:15,18380.70,100,1537450
20221109,09:29:18,18384.30,150,1537450
20221109,09:29:24,18383.00,50,1537450
20221109,09:29:28,18382.75,50,1537450
20221109,09:29:31,18384.15,50,1538200
20221109,09:29:34,18381.40,50,1538200
20221109,09:29:44,18380.00,400,1538200
20221109,09:29:46,18379.00,100,1538200
20221109,09:29:47,18381.30,50,1538200
20221109,09:29:48,18378.00,50,1538200
20221109,09:29:56,18380.00,500,1538200
20221109,09:30:04,18380.20,100,1538200
20221109,09:30:10,18380.00,150,1538200
20221109,09:30:12,18380.20,50,1538200
20221109,09:30:17,18381.65,300,1538200
20221109,09:30:18,18383.70,50,1538200
20221109,09:30:23,18380.55,50,1538200
20221109,09:30:28,18383.85,400,1538200
20221109,09:30:29,18384.25,50,1538200
20221109,09:30:33,18380.15,50,1538200
20221109,09:30:35,18383.15,50,1538200
20221109,09:30:45,18383.80,50,1538200
20221109,09:30:48,18381.65,50,1538200
20221109,09:30:49,18383.85,50,1538200
20221109,09:30:51,18385.00,150,1538200
20221109,09:30:52,18385.00,200,1538200
20221109,09:30:53,18385.30,50,1538200
20221109,09:30:56,18388.95,50,1538200
20221109,09:31:01,18388.80,350,1538200
20221109,09:31:07,18389.50,50,1538200
20221109,09:31:08,18387.15,600,1538200
20221109,09:31:10,18389.90,50,1538200
20221109,09:31:16,18389.65,50,1538200
20221109,09:31:20,18388.00,500,1538200
20221109,09:31:22,18388.65,100,1538200
20221109,09:31:25,18390.00,100,1538200
20221109,09:31:33,18394.85,150,1538200
20221109,09:31:45,18394.00,50,1538200
20221109,09:31:46,18393.90,100,1538200
20221109,09:31:47,18392.60,50,1538200
20221109,09:31:49,18392.95,100,1538200
20221109,09:31:50,18393.90,100,1538200
20221109,09:31:51,18393.80,100,1538200
20221109,09:31:52,18394.30,50,1538200
20221109,09:31:57,18391.40,250,1538200
20221109,09:31:59,18394.75,50,1538200
20221109,09:32:03,18390.85,150,1538200
20221109,09:32:04,18390.85,150,1538200
20221109,09:32:10,18394.85,100,1538200
20221109,09:32:17,18394.85,50,1538200
20221109,09:32:19,18394.65,50,1538200
20221109,09:32:25,18392.00,50,1538200
20221109,09:32:29,18391.95,50,1538200
20221109,09:32:37,18390.00,800,1540350
20221109,09:32:38,18387.20,50,1540350
20221109,09:32:39,18388.70,50,1540350
20221109,09:32:40,18386.15,50,1540350
20221109,09:32:43,18386.30,50,1540350
20221109,09:32:45,18391.15,150,1540350
20221109,09:32:56,18390.10,50,1540350
20221109,09:32:57,18387.35,50,1540350
20221109,09:32:59,18387.35,100,1540350
20221109,09:33:07,18387.10,50,1540350
20221109,09:33:08,18389.00,50,1540350
20221109,09:33:09,18387.75,50,1540350
20221109,09:33:10,18389.00,600,1540350
20221109,09:33:11,18389.00,100,1540350
20221109,09:33:12,18390.00,150,1540350
20221109,09:33:15,18388.90,50,1540350
20221109,09:33:16,18392.00,50,1540350
20221109,09:33:17,18391.10,50,1540350
20221109,09:33:21,18391.10,50,1540350
20221109,09:33:24,18392.00,150,1540350
20221109,09:33:25,18391.15,100,1540350
20221109,09:33:26,18391.10,50,1540350
20221109,09:33:29,18391.10,50,1540350
20221109,09:33:35,18394.00,250,1540350
20221109,09:33:43,18393.95,50,1540350
20221109,09:33:44,18394.20,50,1540350
20221109,09:33:49,18391.10,50,1540350
20221109,09:33:52,18392.00,50,1540350
20221109,09:33:54,18391.10,50,1540350
20221109,09:33:56,18389.75,100,1540350
20221109,09:33:59,18390.60,500,1540350
20221109,09:34:08,18384.50,200,1540350
20221109,09:34:11,18382.55,250,1540350
20221109,09:34:13,18381.45,50,1540350
20221109,09:34:18,18380.10,250,1540350
20221109,09:34:20,18379.15,400,1540350
20221109,09:34:21,18380.00,50,1540350
20221109,09:34:24,18380.00,350,1540350
20221109,09:34:26,18378.85,50,1540350
20221109,09:34:31,18378.60,100,1540350
20221109,09:34:32,18376.00,250,1540350
20221109,09:34:33,18376.30,200,1540350
20221109,09:34:34,18377.85,50,1540350
20221109,09:34:36,18374.15,200,1540350
20221109,09:34:37,18373.20,200,1540350
20221109,09:34:39,18373.20,100,1540350
20221109,09:34:41,18373.65,150,1540350
20221109,09:34:46,18373.15,300,1540350
20221109,09:34:49,18374.30,50,1540350
20221109,09:34:50,18374.00,200,1540350
20221109,09:34:56,18373.90,200,1540350
20221109,09:35:03,18376.90,50,1540350
20221109,09:35:04,18376.70,150,1540350
20221109,09:35:06,18376.00,150,1540350
20221109,09:35:07,18376.00,50,1540350
20221109,09:35:09,18376.95,100,1540350
20221109,09:35:11,18376.05,50,1540350
20221109,09:35:16,18377.85,200,1540350
20221109,09:35:16,18373.05,200,1540350
20221109,09:35:18,18373.00,50,1540350
20221109,09:35:27,18372.70,500,1540350
20221109,09:35:30,18372.70,100,1541950
20221109,09:35:33,18375.00,150,1541950
20221109,09:35:34,18375.00,50,1541950
20221109,09:35:36,18374.05,50,1541950
20221109,09:35:39,18375.95,250,1541950
20221109,09:35:47,18372.70,50,1541950
20221109,09:35:50,18371.95,50,1541950
20221109,09:35:50,18371.95,100,1541950
20221109,09:35:56,18371.85,50,1541950
20221109,09:35:57,18371.85,50,1541950
20221109,09:35:59,18371.85,150,1541950
20221109,09:36:00,18374.30,50,1541950
20221109,09:36:01,18376.90,50,1541950
20221109,09:36:03,18375.60,50,1541950
20221109,09:36:05,18377.00,150,1541950
20221109,09:36:06,18376.85,300,1541950
20221109,09:36:10,18377.65,200,1541950
20221109,09:36:12,18380.00,100,1541950
20221109,09:36:13,18376.50,200,1541950
20221109,09:36:16,18375.55,200,1541950
20221109,09:36:18,18379.95,50,1541950
20221109,09:36:20,18376.15,350,1541950
20221109,09:36:22,18379.50,150,1541950
20221109,09:36:30,18378.35,50,1541950
20221109,09:36:31,18380.00,100,1541950
20221109,09:36:32,18383.60,50,1541950
20221109,09:36:33,18383.60,100,1541950
20221109,09:36:34,18380.00,500,1541950
20221109,09:36:36,18382.90,150,1541950
20221109,09:36:37,18379.75,50,1541950
20221109,09:36:38,18382.40,50,1541950
20221109,09:36:42,18382.35,50,1541950
20221109,09:36:46,18382.20,50,1541950
20221109,09:36:50,18381.45,150,1541950
20221109,09:36:51,18379.50,50,1541950
20221109,09:36:59,18384.00,50,1541950
20221109,09:37:00,18381.85,100,1541950
20221109,09:37:03,18384.65,50,1541950
20221109,09:37:05,18385.10,50,1541950
20221109,09:37:08,18385.00,150,1541950
20221109,09:37:09,18385.05,100,1541950
20221109,09:37:11,18383.30,150,1541950
20221109,09:37:14,18384.80,50,1541950
20221109,09:37:16,18382.65,150,1541950
20221109,09:37:17,18379.55,50,1541950
20221109,09:37:41,18381.55,50,1541950
20221109,09:37:45,18381.55,200,1541950
20221109,09:37:53,18380.00,200,1541950
20221109,09:37:58,18381.55,100,1541950
20221109,09:38:01,18379.00,250,1541950
20221109,09:38:02,18376.00,50,1541950
20221109,09:38:05,18379.55,100,1541950
20221109,09:38:12,18378.05,50,1541950
20221109,09:38:15,18378.05,150,1541950
20221109,09:38:18,18378.75,200,1541950
20221109,09:38:28,18375.90,50,1541950
20221109,09:38:31,18374.55,350,1543150
20221109,09:38:34,18372.00,100,1543150
20221109,09:38:36,18372.00,50,1543150
20221109,09:38:37,18371.35,100,1543150
20221109,09:38:38,18371.35,250,1543150
20221109,09:38:43,18371.40,100,1543150
20221109,09:38:46,18373.20,50,1543150
20221109,09:39:03,18372.00,50,1543150
20221109,09:39:13,18371.00,50,1543150
20221109,09:39:16,18370.10,50,1543150
20221109,09:39:22,18370.00,100,1543150
20221109,09:39:25,18370.00,50,1543150
20221109,09:39:26,18370.00,100,1543150
20221109,09:39:30,18371.05,50,1543150
20221109,09:39:32,18370.00,50,1543150
20221109,09:39:36,18371.00,100,1543150
20221109,09:39:38,18370.00,150,1543150
20221109,09:39:44,18371.50,50,1543150
20221109,09:39:45,18371.50,100,1543150
20221109,09:39:47,18370.60,50,1543150
20221109,09:39:48,18370.00,200,1543150
20221109,09:39:49,18370.00,50,1543150
20221109,09:39:51,18368.00,750,1543150
20221109,09:39:52,18366.40,50,1543150
20221109,09:39:58,18366.40,200,1543150
20221109,09:39:59,18368.95,50,1543150
20221109,09:40:07,18369.50,150,1543150
20221109,09:40:09,18368.15,100,1543150
20221109,09:40:17,18368.15,50,1543150
20221109,09:40:19,18367.40,200,1543150
20221109,09:40:20,18370.00,350,1543150
20221109,09:40:22,18370.00,100,1543150
20221109,09:40:24,18371.00,50,1543150
20221109,09:40:28,18371.00,100,1543150
20221109,09:40:29,18370.60,100,1543150
20221109,09:40:34,18371.00,50,1543150
20221109,09:40:43,18371.00,50,1543150
20221109,09:40:45,18373.75,50,1543150
20221109,09:40:51,18373.60,50,1543150
20221109,09:40:56,18372.35,50,1543150
20221109,09:40:58,18372.05,50,1543150
20221109,09:41:01,18373.00,50,1543150
20221109,09:41:09,18371.95,50,1543150
20221109,09:41:15,18372.20,50,1543150
20221109,09:41:26,18375.10,50,1543150
20221109,09:41:37,18374.80,150,1543100
20221109,09:41:44,18375.10,50,1543100
20221109,09:41:46,18375.10,200,1543100
20221109,09:41:52,18374.90,50,1543100
20221109,09:42:11,18374.80,250,1543100
20221109,09:42:15,18375.10,50,1543100
20221109,09:42:25,18376.50,50,1543100
20221109,09:42:41,18376.50,350,1543100
20221109,09:42:48,18377.00,50,1543100
20221109,09:42:58,18377.90,50,1543100
20221109,09:43:03,18378.25,300,1543100
20221109,09:43:08,18378.35,150,1543100
20221109,09:43:09,18377.00,50,1543100
20221109,09:43:18,18377.80,100,1543100
20221109,09:43:22,18377.05,150,1543100
20221109,09:43:23,18376.70,50,1543100
20221109,09:43:26,18376.50,100,1543100
20221109,09:43:32,18376.50,550,1543100
20221109,09:43:38,18376.80,50,1543100
20221109,09:43:39,18377.40,50,1543100
20221109,09:43:57,18375.65,50,1543100
20221109,09:44:10,18377.40,250,1543100
20221109,09:44:12,18376.00,50,1543100
20221109,09:44:13,18377.35,150,1543100
20221109,09:44:14,18378.30,300,1543100
20221109,09:44:15,18378.40,50,1543100
20221109,09:44:16,18378.60,50,1543100
20221109,09:44:19,18379.10,100,1543100
20221109,09:44:20,18379.10,50,1543100
20221109,09:44:21,18379.15,50,1543100
20221109,09:44:22,18379.30,100,1543100
20221109,09:44:28,18379.95,50,1543100
20221109,09:44:29,18380.00,100,1543100
20221109,09:44:30,18380.00,200,1543100
20221109,09:44:42,18380.00,50,1544150
20221109,09:44:43,18380.75,50,1544150
20221109,09:44:52,18380.70,50,1544150
20221109,09:45:01,18380.00,50,1544150
20221109,09:45:03,18381.00,150,1544150
20221109,09:45:06,18380.30,100,1544150
20221109,09:45:07,18380.00,100,1544150
20221109,09:45:15,18385.00,200,1544150
20221109,09:45:18,18387.00,200,1544150
20221109,09:45:24,18389.85,200,1544150
20221109,09:45:32,18390.00,550,1544150
20221109,09:45:35,18389.05,50,1544150
20221109,09:45:37,18390.05,50,1544150
20221109,09:45:41,18392.95,50,1544150
20221109,09:45:43,18393.05,100,1544150
20221109,09:45:45,18393.05,100,1544150
20221109,09:45:46,18393.05,300,1544150
20221109,09:45:47,18393.05,50,1544150
20221109,09:45:49,18392.75,50,1544150
20221109,09:45:51,18392.85,100,1544150
20221109,09:46:02,18392.75,100,1544150
20221109,09:46:03,18392.65,50,1544150
20221109,09:46:11,18392.65,50,1544150
20221109,09:46:19,18390.45,50,1544150
20221109,09:46:38,18393.00,50,1544150
20221109,09:46:44,18390.90,50,1544150
20221109,09:46:51,18390.75,50,1544150
20221109,09:46:54,18390.90,50,1544150
20221109,09:46:55,18390.90,50,1544150
20221109,09:47:04,18390.75,50,1544150
20221109,09:47:07,18390.00,250,1544150
20221109,09:47:09,18389.95,50,1544150
20221109,09:47:10,18389.80,200,1544150
20221109,09:47:14,18389.25,50,1544150
20221109,09:47:20,18389.15,50,1544150
20221109,09:47:26,18389.05,50,1544150
20221109,09:47:36,18389.00,50,1545500
20221109,09:47:41,18387.25,500,1545500
20221109,09:47:50,18386.30,100,1545500
20221109,09:48:04,18389.05,50,1545500
20221109,09:48:15,18390.00,100,1545500
20221109,09:48:22,18393.00,50,1545500
20221109,09:48:27,18390.15,50,1545500
20221109,09:48:30,18392.10,50,1545500
20221109,09:48:37,18391.40,100,1545500
20221109,09:48:38,18393.30,50,1545500
20221109,09:48:58,18391.40,100,1545500
20221109,09:49:08,18391.40,250,1545500
20221109,09:49:16,18391.60,50,1545500
20221109,09:49:20,18391.40,100,1545500
20221109,09:49:25,18393.30,50,1545500
20221109,09:49:26,18393.25,100,1545500
20221109,09:49:27,18393.40,100,1545500
20221109,09:49:33,18391.85,50,1545500
20221109,09:49:40,18393.00,50,1545500
20221109,09:49:50,18393.00,100,1545500
20221109,09:49:58,18393.00,50,1545500
20221109,09:49:59,18392.85,50,1545500
20221109,09:50:02,18392.75,50,1545500
20221109,09:50:06,18394.85,100,1545500
20221109,09:50:15,18395.00,50,1545500
20221109,09:50:17,18395.35,200,1545500
20221109,09:50:20,18395.30,50,1545500
20221109,09:50:26,18395.00,50,1545500
20221109,09:50:30,18395.45,200,1545500
20221109,09:50:36,18393.00,200,1546000
20221109,09:50:38,18391.00,50,1546000
20221109,09:50:42,18391.65,50,1546000
20221109,09:50:48,18391.85,600,1546000
20221109,09:50:50,18391.70,50,1546000
20221109,09:50:57,18394.00,50,1546000
20221109,09:50:58,18393.95,150,1546000
20221109,09:51:02,18393.95,200,1546000
20221109,09:51:12,18392.65,50,1546000
20221109,09:51:14,18392.50,50,1546000
20221109,09:51:25,18392.00,50,1546000
20221109,09:51:26,18391.45,50,1546000
20221109,09:51:28,18392.50,50,1546000
20221109,09:51:31,18392.25,50,1546000
20221109,09:51:35,18390.00,50,1546000
20221109,09:51:38,18389.80,50,1546000
20221109,09:51:41,18388.05,50,1546000
20221109,09:51:45,18387.15,100,1546000
20221109,09:51:51,18386.55,50,1546000
20221109,09:51:52,18386.45,50,1546000
20221109,09:51:55,18384.90,450,1546000
20221109,09:51:59,18385.00,100,1546000
20221109,09:52:01,18385.50,50,1546000
20221109,09:52:02,18385.50,100,1546000
20221109,09:52:04,18385.50,150,1546000
20221109,09:52:17,18390.00,100,1546000
20221109,09:52:21,18391.15,50,1546000
20221109,09:52:30,18391.60,100,1546000
20221109,09:52:32,18390.00,50,1546000
20221109,09:52:35,18391.15,50,1546000
20221109,09:52:43,18391.15,100,1546000
20221109,09:53:03,18390.70,50,1546000
20221109,09:53:23,18385.45,200,1546000
20221109,09:53:30,18387.00,100,1546000
20221109,09:53:33,18388.50,100,1546000
20221109,09:53:37,18386.90,50,1547350
20221109,09:53:37,18388.70,50,1547350
20221109,09:53:47,18390.00,50,1547350
20221109,09:54:00,18387.75,100,1547350
20221109,09:54:03,18387.60,50,1547350
20221109,09:54:08,18387.60,50,1547350
20221109,09:54:10,18386.65,100,1547350
20221109,09:54:20,18385.75,50,1547350
20221109,09:54:21,18387.15,50,1547350
20221109,09:54:22,18385.75,50,1547350
20221109,09:54:27,18385.65,50,1547350
20221109,09:54:34,18388.00,50,1547350
20221109,09:54:39,18385.70,50,1547350
20221109,09:54:47,18385.00,50,1547350
20221109,09:54:52,18385.10,50,1547350
20221109,09:55:11,18380.00,50,1547350
20221109,09:55:12,18380.00,50,1547350
20221109,09:55:20,18380.00,50,1547350
20221109,09:55:21,18380.00,500,1547350
20221109,09:55:24,18380.05,50,1547350
20221109,09:55:26,18380.00,150,1547350
20221109,09:55:29,18380.00,150,1547350
20221109,09:55:30,18380.85,200,1547350
20221109,09:55:33,18379.40,50,1547350
20221109,09:55:43,18379.40,50,1547350
20221109,09:55:49,18381.00,50,1547350
20221109,09:56:00,18383.75,50,1547350
20221109,09:56:02,18382.85,100,1547350
20221109,09:56:09,18384.00,50,1547350
20221109,09:56:10,18384.00,450,1547350
20221109,09:56:14,18381.00,100,1547350
20221109,09:56:16,18380.00,50,1547350
20221109,09:56:17,18377.15,50,1547350
20221109,09:56:19,18376.40,100,1547350
20221109,09:56:20,18378.55,50,1547350
20221109,09:56:29,18376.40,50,1547350
20221109,09:56:30,18376.00,50,1547350
20221109,09:56:32,18375.60,50,1547350
20221109,09:56:33,18370.35,250,1547350
20221109,09:56:34,18370.15,150,1547350
20221109,09:56:48,18372.15,50,1548250
20221109,09:56:50,18371.35,50,1548250
20221109,09:56:57,18374.90,50,1548250
20221109,09:57:11,18373.80,50,1548250
20221109,09:57:20,18371.75,50,1548250
20221109,09:57:26,18371.75,50,1548250
20221109,09:57:29,18374.45,100,1548250
20221109,09:57:34,18371.50,250,1548250
20221109,09:57:51,18374.30,50,1548250
20221109,09:57:55,18374.30,50,1548250
20221109,09:58:08,18374.20,50,1548250
20221109,09:58:09,18370.75,700,1548250
20221109,09:58:12,18374.30,50,1548250
20221109,09:58:28,18371.55,50,1548250
20221109,09:58:32,18374.30,100,1548250
20221109,09:58:55,18372.65,100,1548250
20221109,09:58:59,18370.05,50,1548250
20221109,09:59:02,18374.05,50,1548250
20221109,09:59:10,18370.00,500,1548250
20221109,09:59:11,18368.00,50,1548250
20221109,09:59:14,18366.05,50,1548250
20221109,09:59:15,18365.00,50,1548250
20221109,09:59:31,18365.00,200,1548250
20221109,09:59:36,18367.20,50,1548350
20221109,09:59:38,18360.15,600,1548350
20221109,09:59:43,18360.15,100,1548350
20221109,09:59:44,18362.90,50,1548350
20221109,09:59:48,18364.00,100,1548350
20221109,10:00:00,18367.20,150,1548350
20221109,10:00:14,18366.00,50,1548350
20221109,10:00:17,18369.85,50,1548350
20221109,10:00:18,18365.55,50,1548350
20221109,10:00:37,18366.00,50,1548350
20221109,10:00:38,18366.00,50,1548350
20221109,10:00:43,18365.55,50,1548350
20221109,10:00:46,18364.00,50,1548350
20221109,10:00:50,18362.00,550,1548350
20221109,10:00:57,18360.25,100,1548350
20221109,10:00:58,18360.25,50,1548350
20221109,10:01:02,18361.00,50,1548350
20221109,10:01:04,18361.15,50,1548350
20221109,10:01:09,18360.00,200,1548350
20221109,10:01:11,18360.00,100,1548350
20221109,10:01:14,18360.00,50,1548350
20221109,10:01:15,18360.00,100,1548350
20221109,10:01:16,18360.00,50,1548350
20221109,10:01:19,18360.00,50,1548350
20221109,10:01:20,18360.00,450,1548350
20221109,10:01:21,18359.00,100,1548350
20221109,10:01:25,18357.05,50,1548350
20221109,10:01:35,18357.00,50,1548350
20221109,10:01:36,18355.95,50,1548350
20221109,10:01:38,18355.95,50,1548350
20221109,10:01:40,18357.85,250,1548350
20221109,10:01:41,18357.85,50,1548350
20221109,10:01:43,18357.25,50,1548350
20221109,10:01:49,18358.95,50,1548350
20221109,10:01:51,18355.65,250,1548350
20221109,10:01:53,18355.65,50,1548350
20221109,10:01:56,18358.00,50,1548350
20221109,10:01:57,18360.00,50,1548350
20221109,10:02:05,18359.30,50,1548350
20221109,10:02:12,18363.00,150,1548350
20221109,10:02:13,18363.00,350,1548350
20221109,10:02:15,18360.50,50,1548350
20221109,10:02:26,18364.45,100,1548350
20221109,10:02:27,18361.30,50,1548350
20221109,10:02:32,18361.90,100,1548350
20221109,10:02:33,18361.65,50,1548350
20221109,10:02:45,18362.00,50,1547750
20221109,10:02:50,18361.80,450,1547750
20221109,10:02:52,18360.00,1000,1547750
20221109,10:03:01,18361.50,150,1547750
20221109,10:03:03,18362.35,100,1547750
20221109,10:03:06,18366.00,150,1547750
20221109,10:03:11,18363.55,100,1547750
20221109,10:03:31,18367.50,50,1547750
20221109,10:03:36,18365.30,300,1547750
20221109,10:03:38,18362.00,100,1547750
20221109,10:03:39,18365.90,50,1547750
20221109,10:03:45,18367.50,50,1547750
20221109,10:03:46,18367.50,50,1547750
20221109,10:03:50,18364.95,50,1547750
20221109,10:03:55,18367.50,150,1547750
20221109,10:04:02,18367.45,50,1547750
20221109,10:04:05,18367.50,50,1547750
20221109,10:04:09,18364.10,50,1547750
20221109,10:04:12,18364.95,50,1547750
20221109,10:04:21,18367.00,50,1547750
20221109,10:04:23,18367.00,50,1547750
20221109,10:04:24,18367.00,50,1547750
20221109,10:04:32,18368.00,50,1547750
20221109,10:04:37,18367.20,200,1547750
20221109,10:04:40,18368.00,50,1547750
20221109,10:04:42,18368.40,50,1547750
20221109,10:04:47,18369.55,50,1547750
20221109,10:04:51,18369.00,50,1547750
20221109,10:04:54,18369.00,150,1547750
20221109,10:05:00,18369.00,50,1547750
20221109,10:05:01,18369.00,50,1547750
20221109,10:05:06,18369.00,50,1547750
20221109,10:05:07,18370.00,150,1547750
20221109,10:05:08,18369.00,50,1547750
20221109,10:05:19,18366.00,50,1547750
20221109,10:05:20,18366.00,100,1547750
20221109,10:05:26,18367.65,50,1547750
20221109,10:05:30,18364.90,100,1547750
20221109,10:05:35,18365.65,50,1547750
20221109,10:05:40,18365.75,100,1548750
20221109,10:06:00,18368.00,50,1548750
20221109,10:06:13,18368.00,50,1548750
20221109,10:06:19,18369.75,50,1548750
20221109,10:06:20,18370.00,150,1548750
20221109,10:06:26,18370.00,100,1548750
20221109,10:06:33,18370.65,150,1548750
20221109,10:06:34,18370.10,50,1548750
20221109,10:06:38,18375.00,100,1548750
20221109,10:06:41,18375.00,100,1548750
20221109,10:06:49,18376.85,50,1548750
20221109,10:06:52,18375.95,100,1548750
20221109,10:06:59,18375.10,150,1548750
20221109,10:07:05,18373.35,50,1548750
20221109,10:07:19,18374.00,50,1548750
20221109,10:07:20,18374.00,50,1548750
20221109,10:07:27,18373.35,50,1548750
20221109,10:07:34,18373.35,50,1548750
20221109,10:07:35,18372.05,50,1548750
20221109,10:07:45,18371.85,50,1548750
20221109,10:07:48,18370.00,200,1548750
20221109,10:07:52,18371.85,50,1548750
20221109,10:08:00,18373.30,50,1548750
20221109,10:08:10,18370.00,500,1548750
20221109,10:08:14,18370.45,50,1548750
20221109,10:08:18,18370.35,50,1548750
20221109,10:08:19,18369.90,100,1548750
20221109,10:08:27,18369.70,50,1548750
20221109,10:08:31,18370.30,50,1548750
20221109,10:08:32,18368.60,100,1548750
20221109,10:08:36,18368.35,100,1548750
20221109,10:08:42,18368.00,50,1549200
20221109,10:09:01,18365.65,150,1549200
20221109,10:09:06,18365.65,50,1549200
20221109,10:09:08,18365.00,150,1549200
20221109,10:09:12,18363.95,50,1549200
20221109,10:09:15,18362.65,150,1549200
20221109,10:09:21,18360.00,400,1549200
20221109,10:09:23,18360.00,100,1549200
20221109,10:09:30,18362.65,150,1549200
20221109,10:09:37,18359.00,1000,1549200
20221109,10:09:47,18360.05,50,1549200
20221109,10:09:50,18360.10,50,1549200
20221109,10:10:01,18360.00,50,1549200
20221109,10:10:06,18361.85,50,1549200
20221109,10:10:15,18360.00,100,1549200
20221109,10:10:18,18358.70,50,1549200
20221109,10:10:20,18358.65,50,1549200
20221109,10:10:27,18358.60,50,1549200
20221109,10:10:42,18358.65,100,1549200
20221109,10:10:45,18358.65,50,1549200
20221109,10:10:51,18358.60,50,1549200
20221109,10:10:55,18358.20,50,1549200
20221109,10:11:00,18358.00,150,1549200
20221109,10:11:02,18356.00,100,1549200
20221109,10:11:06,18355.60,100,1549200
20221109,10:11:10,18355.60,100,1549200
20221109,10:11:12,18355.60,50,1549200
20221109,10:11:17,18355.60,50,1549200
20221109,10:11:25,18355.60,100,1549200
20221109,10:11:30,18356.15,50,1549200
20221109,10:11:32,18359.00,50,1549200
20221109,10:11:33,18359.00,100,1549200
20221109,10:11:35,18357.45,50,1549200
20221109,10:11:36,18359.95,50,1551050
20221109,10:11:40,18358.90,50,1551050
20221109,10:11:44,18360.00,50,1551050
20221109,10:11:51,18359.75,50,1551050
20221109,10:11:58,18361.90,50,1551050
20221109,10:12:13,18363.50,50,1551050
20221109,10:12:26,18365.00,50,1551050
20221109,10:12:27,18363.50,50,1551050
20221109,10:12:32,18365.00,150,1551050
20221109,10:12:49,18367.70,100,1551050
20221109,10:12:55,18367.25,50,1551050
20221109,10:13:06,18365.95,150,1551050
20221109,10:13:07,18365.45,50,1551050
20221109,10:13:14,18365.90,50,1551050
20221109,10:13:33,18365.15,50,1551050
20221109,10:13:41,18365.15,50,1551050
20221109,10:13:42,18365.75,50,1551050
20221109,10:14:00,18368.55,50,1551050
20221109,10:14:14,18368.55,200,1551050
20221109,10:14:44,18369.45,50,1551750
20221109,10:14:51,18369.10,200,1551750
20221109,10:15:11,18372.45,200,1551750
20221109,10:15:13,18374.00,50,1551750
20221109,10:15:16,18372.25,50,1551750
20221109,10:15:19,18374.95,100,1551750
20221109,10:15:21,18374.75,50,1551750
20221109,10:15:22,18374.05,150,1551750
20221109,10:15:23,18373.60,50,1551750
20221109,10:15:25,18373.40,100,1551750
20221109,10:15:26,18372.15,50,1551750
20221109,10:15:31,18371.25,50,1551750
20221109,10:15:32,18371.25,50,1551750
20221109,10:15:34,18373.40,50,1551750
20221109,10:15:39,18372.15,50,1551750
20221109,10:15:45,18371.25,50,1551750
20221109,10:16:05,18372.00,50,1551750
20221109,10:16:07,18372.00,50,1551750
20221109,10:16:11,18371.95,100,1551750
20221109,10:16:12,18371.25,50,1551750
20221109,10:16:16,18370.30,50,1551750
20221109,10:16:22,18368.25,50,1551750
20221109,10:16:24,18368.20,50,1551750
20221109,10:16:25,18368.10,50,1551750
20221109,10:16:28,18367.50,50,1551750
20221109,10:16:29,18365.10,250,1551750
20221109,10:16:53,18366.95,50,1551750
20221109,10:16:55,18365.00,350,1551750
20221109,10:16:58,18365.00,50,1551750
20221109,10:17:24,18361.00,500,1551750
20221109,10:17:25,18360.00,200,1551750
20221109,10:17:30,18358.00,50,1551750
20221109,10:17:32,18361.45,250,1551750
20221109,10:17:37,18361.15,200,1551750
20221109,10:17:40,18361.20,150,1553650
20221109,10:18:10,18358.20,200,1553650
20221109,10:18:13,18357.20,50,1553650
20221109,10:18:21,18358.30,50,1553650
20221109,10:18:22,18358.30,100,1553650
20221109,10:18:31,18358.50,150,1553650
20221109,10:18:34,18358.50,200,1553650
20221109,10:18:35,18358.15,150,1553650
20221109,10:18:36,18358.50,50,1553650
20221109,10:18:42,18357.60,50,1553650
20221109,10:18:43,18357.50,50,1553650
20221109,10:18:44,18357.00,200,1553650
20221109,10:18:45,18356.95,50,1553650
20221109,10:18:48,18357.20,50,1553650
20221109,10:18:51,18359.90,50,1553650
20221109,10:19:05,18358.50,50,1553650
20221109,10:19:16,18358.65,50,1553650
20221109,10:19:19,18358.55,50,1553650
20221109,10:19:23,18359.70,600,1553650
20221109,10:19:31,18358.70,100,1553650
20221109,10:19:32,18359.30,150,1553650
20221109,10:19:35,18358.60,50,1553650
20221109,10:19:42,18360.20,100,1553650
20221109,10:19:51,18359.85,50,1553650
20221109,10:19:57,18358.00,50,1553650
20221109,10:19:58,18356.40,50,1553650
20221109,10:20:00,18356.35,50,1553650
20221109,10:20:02,18355.15,450,1553650
20221109,10:20:07,18355.15,50,1553650
20221109,10:20:08,18357.95,50,1553650
20221109,10:20:09,18357.70,100,1553650
20221109,10:20:15,18357.00,500,1553650
20221109,10:20:16,18357.95,100,1553650
20221109,10:20:20,18360.85,250,1553650
20221109,10:20:27,18360.30,50,1553650
20221109,10:20:56,18358.35,50,1554450
20221109,10:21:13,18357.00,150,1554450
20221109,10:21:15,18357.10,50,1554450
20221109,10:21:28,18356.15,50,1554450
20221109,10:21:42,18360.00,100,1554450
20221109,10:21:43,18360.00,50,1554450
20221109,10:21:47,18360.00,50,1554450
20221109,10:21:49,18360.00,50,1554450
20221109,10:21:51,18360.00,50,1554450
20221109,10:22:03,18359.35,50,1554450
20221109,10:22:05,18360.00,100,1554450
20221109,10:22:13,18359.65,250,1554450
20221109,10:22:30,18356.80,50,1554450
20221109,10:22:34,18359.65,100,1554450
20221109,10:22:35,18359.65,50,1554450
20221109,10:22:42,18355.00,200,1554450
20221109,10:22:48,18355.00,200,1554450
20221109,10:23:01,18355.00,250,1554450
20221109,10:23:03,18353.60,50,1554450
20221109,10:23:04,18352.60,100,1554450
20221109,10:23:12,18354.50,50,1554450
20221109,10:23:25,18355.00,50,1554450
20221109,10:23:40,18355.00,50,1554500
20221109,10:23:45,18353.00,450,1554500
20221109,10:23:47,18354.00,100,1554500
20221109,10:23:56,18358.00,50,1554500
20221109,10:24:26,18358.00,200,1554500
20221109,10:24:31,18358.00,50,1554500
20221109,10:24:34,18357.00,100,1554500
20221109,10:24:37,18356.95,50,1554500
20221109,10:24:39,18360.00,50,1554500
20221109,10:24:50,18358.00,50,1554500
20221109,10:25:11,18358.00,50,1554500
20221109,10:25:24,18359.10,50,1554500
20221109,10:25:28,18360.00,50,1554500
20221109,10:25:30,18360.00,50,1554500
20221109,10:25:36,18359.70,100,1554500
20221109,10:25:38,18358.00,50,1554500
20221109,10:25:40,18359.60,50,1554500
20221109,10:25:46,18356.00,50,1554500
20221109,10:25:46,18356.00,250,1554500
20221109,10:25:47,18356.00,100,1554500
20221109,10:25:50,18355.00,50,1554500
20221109,10:25:54,18355.00,100,1554500
20221109,10:25:58,18356.00,50,1554500
20221109,10:25:59,18356.00,50,1554500
20221109,10:26:02,18356.00,600,1554500
20221109,10:26:03,18355.95,50,1554500
20221109,10:26:23,18356.00,50,1554500
20221109,10:26:37,18356.65,50,1554500
20221109,10:26:43,18355.50,50,1554300
20221109,10:26:47,18356.15,50,1554300
20221109,10:26:53,18355.00,50,1554300
20221109,10:27:11,18354.00,50,1554300
20221109,10:27:22,18355.00,100,1554300
20221109,10:27:25,18357.95,50,1554300
20221109,10:27:30,18357.90,50,1554300
20221109,10:27:34,18355.50,50,1554300
20221109,10:27:35,18355.05,50,1554300
20221109,10:27:39,18358.30,150,1554300
20221109,10:27:43,18358.80,50,1554300
20221109,10:28:08,18358.80,50,1554300
20221109,10:28:14,18356.65,50,1554300
20221109,10:28:20,18358.40,200,1554300
20221109,10:28:22,18355.50,50,1554300
20221109,10:28:37,18360.55,200,1554300
20221109,10:28:42,18360.55,150,1554300
20221109,10:28:44,18362.85,50,1554300
20221109,10:28:55,18363.50,50,1554300
20221109,10:28:58,18362.25,50,1554300
20221109,10:28:59,18363.10,50,1554300
20221109,10:29:01,18362.50,50,1554300
20221109,10:29:06,18365.50,150,1554300
20221109,10:29:08,18364.00,150,1554300
20221109,10:29:11,18364.00,50,1554300
20221109,10:29:12,18364.55,100,1554300
20221109,10:29:15,18365.60,50,1554300
20221109,10:29:20,18363.30,50,1554300
20221109,10:29:23,18363.30,50,1554300
20221109,10:29:28,18366.15,150,1554300
20221109,10:29:31,18366.30,200,1554300
20221109,10:29:34,18368.50,50,1554300
20221109,10:29:42,18367.20,50,1554400
20221109,10:29:57,18363.30,50,1554400
20221109,10:30:00,18363.50,50,1554400
20221109,10:30:03,18364.55,50,1554400
20221109,10:30:04,18364.60,50,1554400
20221109,10:30:07,18368.95,350,1554400
20221109,10:30:16,18364.65,150,1554400
20221109,10:30:17,18365.40,150,1554400
20221109,10:30:30,18365.05,100,1554400
20221109,10:30:35,18367.30,50,1554400
20221109,10:30:45,18368.95,500,1554400
20221109,10:30:50,18366.15,50,1554400
20221109,10:30:59,18368.95,100,1554400
20221109,10:31:06,18365.00,100,1554400
20221109,10:31:17,18366.65,50,1554400
20221109,10:31:19,18364.60,200,1554400
20221109,10:31:20,18361.50,50,1554400
20221109,10:31:34,18363.00,50,1554400
20221109,10:31:41,18361.05,100,1554400
20221109,10:31:59,18361.05,50,1554400
20221109,10:32:01,18358.50,200,1554400
20221109,10:32:36,18358.10,100,1554400
20221109,10:32:46,18357.90,50,1554400
20221109,10:32:55,18359.50,50,1554350
20221109,10:32:59,18358.85,100,1554350
20221109,10:33:02,18357.65,50,1554350
20221109,10:33:14,18357.55,50,1554350
20221109,10:33:15,18359.05,50,1554350
20221109,10:33:23,18358.00,50,1554350
20221109,10:33:26,18360.50,400,1554350
20221109,10:33:26,18360.50,200,1554350
20221109,10:33:43,18360.50,50,1554350
20221109,10:34:04,18363.45,100,1554350
20221109,10:34:25,18363.00,50,1554350
20221109,10:34:27,18365.40,50,1554350
20221109,10:34:33,18362.75,200,1554350
20221109,10:34:38,18364.65,50,1554350
20221109,10:34:52,18365.75,150,1554350
20221109,10:35:09,18365.00,50,1554350
20221109,10:35:32,18366.40,50,1554350
20221109,10:35:37,18366.30,50,1554350
20221109,10:35:39,18367.00,100,1554350
20221109,10:35:40,18367.00,150,1555000
20221109,10:35:41,18367.00,200,1555000
20221109,10:35:43,18365.00,100,1555000
20221109,10:35:45,18367.00,50,1555000
20221109,10:35:48,18367.55,50,1555000
20221109,10:36:00,18367.20,50,1555000
20221109,10:36:17,18365.00,50,1555000
20221109,10:36:23,18365.00,50,1555000
20221109,10:36:24,18365.90,50,1555000
20221109,10:36:40,18367.00,50,1555000
20221109,10:36:43,18368.00,100,1555000
20221109,10:36:50,18366.80,50,1555000
20221109,10:36:55,18366.70,150,1555000
20221109,10:37:05,18366.25,50,1555000
20221109,10:37:07,18365.65,50,1555000
20221109,10:37:11,18367.85,100,1555000
20221109,10:37:22,18365.65,100,1555000
20221109,10:37:22,18366.15,50,1555000
20221109,10:37:31,18365.10,50,1555000
20221109,10:37:36,18366.70,50,1555000
20221109,10:37:40,18365.10,50,1555000
20221109,10:37:43,18366.00,50,1555000
20221109,10:37:44,18365.10,50,1555000
20221109,10:37:45,18364.10,50,1555000
20221109,10:37:48,18363.85,50,1555000
20221109,10:37:50,18362.95,50,1555000
20221109,10:38:07,18363.00,50,1555000
20221109,10:38:10,18362.00,250,1555000
20221109,10:38:38,18364.45,50,1555000
20221109,10:38:42,18362.15,50,1555500
20221109,10:38:45,18362.15,50,1555500
20221109,10:38:47,18360.85,50,1555500
20221109,10:38:49,18360.50,150,1555500
20221109,10:38:53,18360.80,50,1555500
20221109,10:38:55,18360.65,100,1555500
20221109,10:38:57,18360.50,250,1555500
20221109,10:38:58,18360.50,100,1555500
20221109,10:39:00,18360.50,50,1555500
20221109,10:39:01,18360.00,150,1555500
20221109,10:39:02,18357.75,100,1555500
20221109,10:39:30,18358.00,50,1555500
20221109,10:39:35,18358.00,50,1555500
20221109,10:39:36,18358.00,100,1555500
20221109,10:39:37,18357.10,100,1555500
20221109,10:39:40,18356.55,150,1555500
20221109,10:39:43,18356.50,150,1555500
20221109,10:39:49,18356.05,50,1555500
20221109,10:39:55,18355.75,50,1555500
20221109,10:40:01,18355.50,50,1555500
20221109,10:40:02,18355.40,50,1555500
20221109,10:40:04,18355.15,100,1555500
20221109,10:40:07,18355.70,100,1555500
20221109,10:40:11,18355.25,50,1555500
20221109,10:40:19,18355.70,50,1555500
20221109,10:40:21,18355.15,50,1555500
20221109,10:40:28,18355.20,50,1555500
20221109,10:40:28,18355.00,100,1555500
20221109,10:40:32,18353.15,50,1555500
20221109,10:40:33,18353.70,100,1555500
20221109,10:40:35,18353.10,100,1555500
20221109,10:40:36,18352.60,50,1555500
20221109,10:40:38,18352.05,100,1555500
20221109,10:40:40,18352.00,50,1555500
20221109,10:40:41,18350.95,250,1555500
20221109,10:40:42,18350.95,50,1555500
20221109,10:40:44,18350.55,150,1555500
20221109,10:40:45,18350.45,50,1555500
20221109,10:40:47,18350.40,50,1555500
20221109,10:40:48,18350.40,50,1555500
20221109,10:41:02,18352.35,50,1555500
20221109,10:41:05,18354.95,50,1555500
20221109,10:41:20,18352.55,50,1555500
20221109,10:41:27,18355.75,250,1555500
20221109,10:41:29,18355.30,50,1555500
20221109,10:41:39,18359.95,50,1555500
20221109,10:41:52,18356.50,50,1556300
20221109,10:41:53,18359.95,50,1556300
20221109,10:42:31,18360.00,50,1556300
20221109,10:42:33,18360.00,50,1556300
20221109,10:42:47,18358.40,50,1556300
20221109,10:43:03,18358.40,50,1556300
20221109,10:43:06,18356.40,100,1556300
20221109,10:43:09,18358.00,50,1556300
20221109,10:43:23,18358.40,50,1556300
20221109,10:43:36,18358.00,150,1556300
20221109,10:43:43,18358.00,50,1556300
20221109,10:43:47,18357.40,50,1556300
20221109,10:43:48,18357.05,50,1556300
20221109,10:43:49,18358.00,50,1556300
20221109,10:43:59,18358.00,50,1556300
20221109,10:44:09,18358.00,200,1556300
20221109,10:44:12,18358.00,100,1556300
20221109,10:44:18,18358.00,50,1556300
20221109,10:44:28,18360.00,50,1556300
20221109,10:44:30,18360.00,150,1556300
20221109,10:44:36,18359.70,50,1556300
20221109,10:44:41,18359.00,50,1556300
20221109,10:44:49,18358.60,100,1557100
20221109,10:45:02,18355.55,200,1557100
20221109,10:45:03,18355.00,50,1557100
20221109,10:45:04,18354.95,50,1557100
20221109,10:45:12,18353.75,150,1557100
20221109,10:45:13,18352.30,50,1557100
20221109,10:45:19,18354.60,50,1557100
20221109,10:45:20,18353.80,50,1557100
20221109,10:45:21,18354.60,50,1557100
20221109,10:45:27,18352.20,1000,1557100
20221109,10:45:27,18352.30,50,1557100
20221109,10:45:37,18353.50,50,1557100
20221109,10:45:39,18353.80,50,1557100
20221109,10:45:49,18354.60,50,1557100
20221109,10:45:52,18354.60,50,1557100
20221109,10:46:10,18359.80,50,1557100
20221109,10:46:26,18360.00,50,1557100
20221109,10:46:29,18357.95,50,1557100
20221109,10:46:55,18362.80,650,1557100
20221109,10:47:17,18360.05,50,1557100
20221109,10:47:22,18358.65,50,1557100
20221109,10:47:31,18358.40,300,1557100
20221109,10:47:34,18358.30,50,1557100
20221109,10:47:39,18358.30,250,1557100
20221109,10:47:49,18356.85,50,1557800
20221109,10:47:51,18359.00,50,1557800
20221109,10:47:53,18356.40,350,1557800
20221109,10:48:07,18359.40,50,1557800
20221109,10:48:10,18357.35,250,1557800
20221109,10:48:25,18360.00,50,1557800
20221109,10:48:35,18360.00,100,1557800
20221109,10:48:48,18358.80,100,1557800
20221109,10:48:51,18357.15,50,1557800
20221109,10:49:06,18356.00,50,1557800
20221109,10:49:07,18356.65,1000,1557800
20221109,10:49:11,18356.05,50,1557800
20221109,10:49:14,18354.60,50,1557800
20221109,10:49:34,18354.00,100,1557800
20221109,10:49:40,18354.00,450,1557800
20221109,10:50:07,18351.35,50,1557800
20221109,10:50:31,18355.00,250,1557800
20221109,10:50:52,18355.00,50,1559050
20221109,10:50:55,18356.00,200,1559050
20221109,10:51:11,18356.00,50,1559050
20221109,10:51:14,18353.50,500,1559050
20221109,10:51:55,18353.10,100,1559050
20221109,10:52:01,18353.60,50,1559050
20221109,10:52:02,18351.30,100,1559050
20221109,10:52:13,18353.05,50,1559050
20221109,10:52:21,18352.55,50,1559050
20221109,10:52:24,18351.30,50,1559050
20221109,10:52:27,18351.00,50,1559050
20221109,10:52:28,18350.95,50,1559050
20221109,10:52:31,18351.15,50,1559050
20221109,10:52:36,18347.85,1800,1559050
20221109,10:52:38,18347.75,50,1559050
20221109,10:52:42,18347.55,50,1559050
20221109,10:52:44,18347.00,200,1559050
20221109,10:52:47,18346.35,150,1559050
20221109,10:52:51,18346.35,50,1559050
20221109,10:52:59,18346.25,50,1559050
20221109,10:53:00,18344.35,1150,1559050
20221109,10:53:02,18343.30,100,1559050
20221109,10:53:03,18343.30,50,1559050
20221109,10:53:06,18344.75,50,1559050
20221109,10:53:08,18342.25,950,1559050
20221109,10:53:15,18342.25,50,1559050
20221109,10:53:16,18345.00,50,1559050
20221109,10:53:21,18346.20,100,1559050
20221109,10:53:25,18345.00,250,1559050
20221109,10:53:31,18345.00,800,1559050
20221109,10:53:32,18345.00,50,1559050
20221109,10:53:33,18345.00,100,1559050
20221109,10:53:36,18344.85,50,1559050
20221109,10:53:37,18345.00,150,1559050
20221109,10:53:45,18345.00,50,1561650
20221109,10:53:49,18345.00,50,1561650
20221109,10:53:51,18345.00,50,1561650
20221109,10:54:09,18346.30,50,1561650
20221109,10:54:15,18345.55,100,1561650
20221109,10:54:16,18345.55,50,1561650
20221109,10:54:22,18347.75,50,1561650
20221109,10:54:27,18346.00,50,1561650
20221109,10:54:28,18345.50,50,1561650
20221109,10:54:45,18345.00,250,1561650
20221109,10:54:46,18342.45,100,1561650
20221109,10:54:55,18345.00,50,1561650
20221109,10:54:59,18343.70,50,1561650
20221109,10:55:00,18343.35,50,1561650
20221109,10:55:03,18342.00,250,1561650
20221109,10:55:07,18342.00,100,1561650
20221109,10:55:08,18342.15,50,1561650
20221109,10:55:22,18343.15,50,1561650
20221109,10:55:23,18343.10,50,1561650
20221109,10:55:29,18342.70,50,1561650
20221109,10:55:31,18342.60,50,1561650
20221109,10:55:33,18345.15,50,1561650
20221109,10:55:36,18342.95,100,1561650
20221109,10:55:41,18343.00,50,1561650
20221109,10:55:51,18345.30,50,1561650
20221109,10:55:55,18346.20,100,1561650
20221109,10:56:22,18346.20,50,1561650
20221109,10:56:24,18346.00,100,1561650
20221109,10:56:26,18345.75,50,1561650
20221109,10:56:33,18346.00,50,1561650
20221109,10:56:38,18345.00,50,1561650
20221109,10:56:43,18345.20,50,1561650
20221109,10:56:46,18345.95,50,1562400
20221109,10:56:48,18345.95,50,1562400
20221109,10:56:52,18349.00,250,1562400
20221109,10:57:07,18349.25,50,1562400
20221109,10:57:12,18350.00,50,1562400
20221109,10:57:14,18348.85,50,1562400
20221109,10:57:18,18350.75,50,1562400
20221109,10:57:28,18350.75,50,1562400
20221109,10:57:32,18350.00,50,1562400
20221109,10:57:43,18348.85,50,1562400
20221109,10:57:47,18348.65,50,1562400
20221109,10:57:51,18349.35,100,1562400
20221109,10:58:06,18348.30,50,1562400
20221109,10:58:10,18348.25,50,1562400
20221109,10:58:11,18349.70,50,1562400
20221109,10:58:31,18348.00,50,1562400
20221109,10:58:33,18347.00,50,1562400
20221109,10:58:40,18345.00,100,1562400
20221109,10:58:41,18345.10,100,1562400
20221109,10:58:41,18345.00,150,1562400
20221109,10:58:44,18344.60,100,1562400
20221109,10:58:46,18344.45,50,1562400
20221109,10:58:47,18343.80,150,1562400
20221109,10:58:47,18342.95,100,1562400
20221109,10:58:51,18341.00,550,1562400
20221109,10:58:52,18340.65,200,1562400
20221109,10:58:53,18340.40,50,1562400
20221109,10:58:54,18340.35,100,1562400
20221109,10:58:57,18340.50,50,1562400
20221109,10:58:58,18340.00,450,1562400
20221109,10:58:59,18340.00,400,1562400
20221109,10:58:59,18340.00,100,1562400
20221109,10:59:00,18340.00,200,1562400
20221109,10:59:02,18339.60,700,1562400
20221109,10:59:03,18339.60,350,1562400
20221109,10:59:04,18338.40,100,1562400
20221109,10:59:08,18338.25,100,1562400
20221109,10:59:09,18338.25,50,1562400
20221109,10:59:14,18339.00,150,1562400
20221109,10:59:20,18340.45,50,1562400
20221109,10:59:23,18338.20,100,1562400
20221109,10:59:24,18338.20,150,1562400
20221109,10:59:38,18339.25,150,1562400
20221109,10:59:40,18338.00,50,1562400
20221109,10:59:41,18338.00,150,1562400
20221109,10:59:47,18338.95,100,1565200
20221109,10:59:52,18339.15,50,1565200
20221109,10:59:54,18342.20,100,1565200
20221109,11:00:01,18340.65,50,1565200
20221109,11:00:07,18344.50,50,1565200
20221109,11:00:10,18342.20,50,1565200
20221109,11:00:20,18341.70,50,1565200
20221109,11:00:21,18339.65,50,1565200
20221109,11:00:27,18340.75,50,1565200
20221109,11:00:44,18337.95,50,1565200
20221109,11:00:47,18337.95,50,1565200
20221109,11:00:49,18340.00,200,1565200
20221109,11:00:55,18338.80,50,1565200
20221109,11:00:58,18340.00,50,1565200
20221109,11:01:03,18340.00,100,1565200
20221109,11:01:06,18338.80,150,1565200
20221109,11:01:07,18338.80,250,1565200
20221109,11:01:15,18338.65,50,1565200
20221109,11:01:20,18338.65,50,1565200
20221109,11:01:26,18339.15,50,1565200
20221109,11:01:29,18340.00,200,1565200
20221109,11:01:30,18340.55,350,1565200
20221109,11:01:35,18340.75,50,1565200
20221109,11:01:37,18340.95,50,1565200
20221109,11:01:38,18342.00,50,1565200
20221109,11:01:42,18342.10,50,1565200
20221109,11:01:55,18346.70,50,1565200
20221109,11:01:57,18346.50,50,1565200
20221109,11:02:01,18345.70,50,1565200
20221109,11:02:07,18342.55,50,1565200
20221109,11:02:18,18342.25,50,1565200
20221109,11:02:22,18342.55,50,1565200
20221109,11:02:28,18344.90,50,1565200
20221109,11:02:38,18343.90,50,1565200
20221109,11:02:52,18345.00,50,1566600
20221109,11:02:53,18343.85,50,1566600
20221109,11:03:01,18344.40,50,1566600
20221109,11:03:06,18347.15,50,1566600
20221109,11:03:13,18346.20,100,1566600
20221109,11:03:14,18349.25,50,1566600
20221109,11:03:15,18348.80,1050,1566600
20221109,11:03:36,18347.80,50,1566600
20221109,11:03:51,18346.05,50,1566600
20221109,11:03:53,18346.35,50,1566600
20221109,11:04:05,18345.00,50,1566600
20221109,11:04:10,18345.00,50,1566600
20221109,11:04:15,18343.00,50,1566600
20221109,11:04:16,18341.25,100,1566600
20221109,11:04:20,18341.55,100,1566600
20221109,11:04:23,18341.45,50,1566600
20221109,11:04:32,18341.55,50,1566600
20221109,11:04:40,18344.00,50,1566600
20221109,11:04:50,18341.75,300,1566600
20221109,11:04:53,18342.00,50,1566600
20221109,11:05:10,18341.90,50,1566600
20221109,11:05:18,18341.00,200,1566600
20221109,11:05:27,18341.00,400,1566600
20221109,11:05:36,18340.90,150,1566600
20221109,11:05:38,18340.90,150,1566600
20221109,11:05:48,18340.75,50,1568100
20221109,11:06:01,18341.00,150,1568100
20221109,11:06:09,18340.45,50,1568100
20221109,11:06:23,18342.00,50,1568100
20221109,11:07:02,18342.20,50,1568100
20221109,11:07:03,18341.45,50,1568100
20221109,11:07:11,18340.25,50,1568100
20221109,11:07:18,18340.00,200,1568100
20221109,11:07:21,18340.25,50,1568100
20221109,11:07:22,18340.25,50,1568100
20221109,11:07:24,18340.25,100,1568100
20221109,11:07:29,18339.75,300,1568100
20221109,11:07:32,18336.70,350,1568100
20221109,11:07:34,18337.75,100,1568100
20221109,11:07:38,18339.00,50,1568100
20221109,11:07:54,18338.00,100,1568100
20221109,11:07:57,18338.00,100,1568100
20221109,11:08:09,18338.00,50,1568100
20221109,11:08:22,18338.00,100,1568100
20221109,11:08:23,18338.00,100,1568100
20221109,11:08:24,18337.80,150,1568100
20221109,11:08:29,18337.10,100,1568100
20221109,11:08:44,18336.40,200,1568100
20221109,11:08:49,18336.40,50,1569800
20221109,11:09:00,18336.05,200,1569800
20221109,11:09:10,18336.05,100,1569800
20221109,11:09:15,18336.05,200,1569800
20221109,11:09:16,18336.00,50,1569800
20221109,11:09:21,18336.00,50,1569800
20221109,11:09:25,18336.30,50,1569800
20221109,11:09:25,18334.00,2050,1569800
20221109,11:09:26,18332.95,100,1569800
20221109,11:09:29,18332.95,50,1569800
20221109,11:09:33,18332.75,100,1569800
20221109,11:09:44,18332.75,50,1569800
20221109,11:09:56,18333.40,50,1569800
20221109,11:10:06,18333.05,100,1569800
20221109,11:10:39,18335.00,100,1569800
20221109,11:10:42,18336.00,50,1569800
20221109,11:10:48,18337.75,50,1569800
20221109,11:11:18,18338.00,50,1569800
20221109,11:11:21,18337.75,50,1569800
20221109,11:11:24,18337.55,150,1569800
20221109,11:11:30,18338.00,50,1569800
20221109,11:11:32,18336.45,150,1569800
20221109,11:11:33,18336.40,50,1569800
20221109,11:11:34,18336.00,50,1569800
20221109,11:11:46,18336.00,50,1569800
20221109,11:11:48,18335.40,50,1569800
20221109,11:11:48,18335.40,50,1571750
20221109,11:11:49,18335.00,150,1571750
20221109,11:11:51,18335.00,100,1571750
20221109,11:11:52,18335.00,50,1571750
20221109,11:11:59,18335.55,50,1571750
20221109,11:12:03,18334.25,100,1571750
20221109,11:12:05,18333.50,50,1571750
20221109,11:12:13,18333.85,50,1571750
20221109,11:12:16,18333.85,50,1571750
20221109,11:12:17,18333.85,200,1571750
20221109,11:12:22,18333.50,100,1571750
20221109,11:12:26,18333.85,50,1571750
20221109,11:12:36,18333.45,50,1571750
20221109,11:12:40,18334.55,50,1571750
20221109,11:12:49,18333.50,50,1571750
20221109,11:12:53,18333.15,50,1571750
20221109,11:12:56,18334.40,50,1571750
20221109,11:13:24,18335.00,50,1571750
20221109,11:13:28,18336.50,50,1571750
20221109,11:13:53,18337.50,50,1571750
20221109,11:13:58,18337.00,100,1571750
20221109,11:14:00,18338.50,150,1571750
20221109,11:14:02,18338.50,50,1571750
20221109,11:14:05,18337.30,200,1571750
20221109,11:14:09,18336.80,50,1571750
20221109,11:14:10,18336.60,100,1571750
20221109,11:14:12,18337.35,50,1571750
20221109,11:14:24,18336.50,50,1571750
20221109,11:14:25,18336.45,50,1571750
20221109,11:14:30,18336.40,50,1571750
20221109,11:14:31,18335.90,100,1571750
20221109,11:14:32,18334.30,50,1571750
20221109,11:14:40,18336.65,50,1571750
20221109,11:14:41,18336.65,50,1571750
20221109,11:14:44,18336.05,300,1571750
20221109,11:14:44,18338.90,50,1571750
20221109,11:14:52,18338.95,50,1571750
20221109,11:14:53,18338.90,100,1573200
20221109,11:14:54,18338.10,50,1573200
20221109,11:15:00,18338.95,500,1573200
20221109,11:15:01,18337.00,100,1573200
20221109,11:15:05,18337.95,50,1573200
20221109,11:15:07,18338.45,50,1573200
20221109,11:15:10,18339.45,50,1573200
20221109,11:15:12,18337.90,100,1573200
20221109,11:15:29,18338.45,50,1573200
20221109,11:15:34,18339.25,100,1573200
20221109,11:15:49,18338.45,50,1573200
20221109,11:15:50,18338.40,50,1573200
20221109,11:15:52,18338.45,100,1573200
20221109,11:15:58,18338.45,50,1573200
20221109,11:16:00,18338.45,50,1573200
20221109,11:16:01,18338.45,100,1573200
20221109,11:16:06,18339.75,50,1573200
20221109,11:16:07,18340.00,100,1573200
20221109,11:16:11,18340.50,50,1573200
20221109,11:16:20,18341.95,50,1573200
20221109,11:16:36,18342.65,100,1573200
20221109,11:16:39,18343.00,400,1573200
20221109,11:16:41,18345.00,750,1573200
20221109,11:16:52,18345.00,50,1573200
20221109,11:16:57,18345.75,300,1573200
20221109,11:16:58,18345.75,50,1573200
20221109,11:17:03,18345.75,50,1573200
20221109,11:17:14,18345.00,50,1573200
20221109,11:17:21,18344.10,400,1573200
20221109,11:17:22,18344.60,50,1573200
20221109,11:17:24,18344.00,50,1573200
20221109,11:17:28,18341.95,50,1573200
20221109,11:17:29,18341.55,50,1573200
20221109,11:17:30,18341.35,150,1573200
20221109,11:17:38,18342.80,100,1573200
20221109,11:17:51,18340.00,450,1574150
20221109,11:18:01,18340.00,100,1574150
20221109,11:18:08,18340.00,50,1574150
20221109,11:18:11,18341.40,150,1574150
20221109,11:18:21,18339.45,50,1574150
20221109,11:18:30,18339.75,50,1574150
20221109,11:18:31,18340.00,100,1574150
20221109,11:18:32,18338.00,250,1574150
20221109,11:18:34,18338.60,50,1574150
20221109,11:18:42,18338.60,50,1574150
20221109,11:18:43,18338.60,100,1574150
20221109,11:18:58,18340.00,150,1574150
20221109,11:19:02,18341.00,50,1574150
20221109,11:19:03,18341.90,50,1574150
20221109,11:19:05,18341.00,300,1574150
20221109,11:19:07,18341.00,650,1574150
20221109,11:19:37,18338.30,50,1574150
20221109,11:19:56,18340.00,50,1574150
20221109,11:20:01,18341.00,50,1574150
20221109,11:20:29,18342.00,50,1574150
20221109,11:20:36,18344.00,50,1574150
20221109,11:20:40,18344.00,50,1574150
20221109,11:20:41,18344.40,50,1574150
20221109,11:20:46,18346.00,50,1574150
20221109,11:21:06,18344.00,50,1575950
20221109,11:21:11,18344.90,50,1575950
20221109,11:21:39,18342.00,50,1575950
20221109,11:21:59,18341.25,50,1575950
20221109,11:22:04,18341.25,50,1575950
20221109,11:22:37,18340.00,50,1575950
20221109,11:22:43,18340.00,50,1575950
20221109,11:22:46,18340.00,50,1575950
20221109,11:22:47,18340.00,100,1575950
20221109,11:22:52,18339.95,50,1575950
20221109,11:23:00,18339.40,100,1575950
20221109,11:23:01,18339.55,150,1575950
20221109,11:23:07,18340.80,500,1575950
20221109,11:23:19,18340.00,50,1575950
20221109,11:23:31,18340.00,100,1575950
20221109,11:23:32,18341.25,50,1575950
20221109,11:23:55,18342.50,100,1576250
20221109,11:24:09,18339.00,50,1576250
20221109,11:24:34,18339.00,200,1576250
20221109,11:24:39,18338.00,50,1576250
20221109,11:24:42,18339.00,50,1576250
20221109,11:24:51,18338.80,150,1576250
20221109,11:25:04,18339.10,150,1576250
20221109,11:25:06,18340.00,150,1576250
20221109,11:25:08,18339.25,50,1576250
20221109,11:25:12,18338.90,200,1576250
20221109,11:25:18,18339.05,100,1576250
20221109,11:25:53,18339.00,50,1576250
20221109,11:25:55,18339.00,50,1576250
20221109,11:26:06,18339.30,50,1576250
20221109,11:26:11,18339.30,50,1576250
20221109,11:26:21,18339.00,50,1576250
20221109,11:26:31,18337.80,100,1576250
20221109,11:26:44,18336.90,150,1576250
20221109,11:26:50,18338.40,150,1576600
20221109,11:26:55,18338.55,50,1576600
20221109,11:26:56,18339.00,50,1576600
20221109,11:26:57,18339.10,150,1576600
20221109,11:26:59,18339.95,150,1576600
20221109,11:27:01,18340.00,300,1576600
20221109,11:27:23,18343.10,150,1576600
20221109,11:27:26,18343.45,150,1576600
20221109,11:27:28,18347.05,50,1576600
20221109,11:27:37,18344.65,50,1576600
20221109,11:27:58,18345.40,400,1576600
20221109,11:28:01,18343.40,50,1576600
20221109,11:28:38,18343.40,50,1576600
20221109,11:28:40,18342.55,50,1576600
20221109,11:28:48,18341.95,50,1576600
20221109,11:28:55,18340.95,100,1576600
20221109,11:28:57,18340.20,150,1576600
20221109,11:28:59,18340.00,50,1576600
20221109,11:29:14,18340.60,50,1576600
20221109,11:29:45,18340.55,50,1576600
20221109,11:29:46,18340.95,50,1576600
20221109,11:29:56,18340.20,50,1577250
20221109,11:30:20,18345.05,50,1577250
20221109,11:30:27,18344.45,50,1577250
20221109,11:30:31,18340.00,50,1577250
20221109,11:30:32,18340.00,400,1577250
20221109,11:30:34,18340.00,500,1577250
20221109,11:30:38,18340.00,50,1577250
20221109,11:30:42,18340.00,50,1577250
20221109,11:30:45,18339.20,100,1577250
20221109,11:30:46,18337.60,50,1577250
20221109,11:30:47,18337.55,50,1577250
20221109,11:31:01,18337.55,50,1577250
20221109,11:31:02,18336.00,150,1577250
20221109,11:31:03,18335.90,50,1577250
20221109,11:31:19,18337.50,50,1577250
20221109,11:31:27,18334.80,500,1577250
20221109,11:31:42,18336.00,100,1577250
20221109,11:31:43,18336.00,50,1577250
20221109,11:31:44,18336.25,50,1577250
20221109,11:31:57,18334.00,100,1577250
20221109,11:31:59,18334.95,50,1577250
20221109,11:32:02,18333.80,100,1577250
20221109,11:32:04,18330.80,250,1577250
20221109,11:32:07,18330.00,50,1577250
20221109,11:32:10,18330.00,50,1577250
20221109,11:32:12,18330.00,50,1577250
20221109,11:32:20,18330.00,50,1577250
20221109,11:32:59,18332.15,250,1577900
20221109,11:33:01,18335.70,50,1577900
20221109,11:33:31,18335.00,50,1577900
20221109,11:33:33,18337.60,100,1577900
20221109,11:33:35,18337.90,100,1577900
20221109,11:33:51,18336.00,50,1577900
20221109,11:33:53,18336.55,50,1577900
20221109,11:33:59,18335.50,50,1577900
20221109,11:34:13,18336.45,50,1577900
20221109,11:34:17,18335.50,150,1577900
20221109,11:34:18,18335.00,50,1577900
20221109,11:34:42,18335.75,50,1577900
20221109,11:34:45,18335.45,100,1577900
20221109,11:34:46,18335.40,50,1577900
20221109,11:35:04,18335.10,50,1577900
20221109,11:35:15,18334.05,50,1577900
20221109,11:35:25,18334.00,50,1577900
20221109,11:35:35,18332.20,250,1577900
20221109,11:35:53,18334.75,100,1578700
20221109,11:35:56,18334.70,50,1578700
20221109,11:36:00,18334.75,50,1578700
20221109,11:36:11,18335.90,100,1578700
20221109,11:36:12,18334.75,50,1578700
20221109,11:36:13,18334.30,100,1578700
20221109,11:36:15,18334.70,50,1578700
20221109,11:36:18,18334.20,50,1578700
20221109,11:36:36,18334.40,50,1578700
20221109,11:36:47,18331.95,100,1578700
20221109,11:36:48,18333.50,50,1578700
20221109,11:36:54,18334.55,50,1578700
20221109,11:37:07,18336.00,150,1578700
20221109,11:37:43,18334.65,50,1578700
20221109,11:37:51,18335.00,100,1578700
20221109,11:37:54,18335.00,50,1578700
20221109,11:37:58,18337.00,50,1578700
20221109,11:38:12,18336.05,50,1578700
20221109,11:38:17,18335.95,50,1578700
20221109,11:38:18,18336.50,50,1578700
20221109,11:38:27,18334.35,100,1578700
20221109,11:38:32,18334.15,50,1578700
20221109,11:38:43,18333.90,50,1578700
20221109,11:38:47,18333.85,50,1578700
20221109,11:38:50,18334.45,50,1578700
20221109,11:38:52,18333.75,50,1579850
20221109,11:38:54,18333.65,50,1579850
20221109,11:38:58,18333.55,50,1579850
20221109,11:39:04,18333.50,50,1579850
20221109,11:39:08,18333.40,150,1579850
20221109,11:39:09,18333.00,50,1579850
20221109,11:39:12,18333.05,50,1579850
20221109,11:39:16,18333.20,100,1579850
20221109,11:39:21,18333.10,100,1579850
20221109,11:39:23,18332.50,50,1579850
20221109,11:39:25,18332.05,50,1579850
20221109,11:39:35,18331.95,50,1579850
20221109,11:39:46,18331.85,100,1579850
20221109,11:39:50,18331.05,100,1579850
20221109,11:39:52,18330.90,100,1579850
20221109,11:39:56,18332.80,50,1579850
20221109,11:40:03,18330.80,50,1579850
20221109,11:40:12,18330.10,50,1579850
20221109,11:40:13,18330.00,200,1579850
20221109,11:40:15,18330.00,200,1579850
20221109,11:40:15,18330.00,100,1579850
20221109,11:40:16,18330.00,150,1579850
20221109,11:40:17,18329.55,50,1579850
20221109,11:40:30,18329.55,50,1579850
20221109,11:40:36,18329.55,50,1579850
20221109,11:40:39,18328.00,150,1579850
20221109,11:40:47,18329.85,50,1579850
20221109,11:40:48,18330.50,150,1579850
20221109,11:40:52,18329.10,100,1579850
20221109,11:40:57,18329.80,50,1579850
20221109,11:40:58,18328.45,1500,1579850
20221109,11:41:08,18328.45,350,1579850
20221109,11:41:27,18330.90,50,1579850
20221109,11:41:41,18330.35,250,1579850
20221109,11:41:50,18330.15,50,1581900
20221109,11:42:03,18330.45,100,1581900
20221109,11:42:28,18332.00,50,1581900
20221109,11:42:32,18332.00,50,1581900
20221109,11:42:51,18332.00,150,1581900
20221109,11:42:58,18336.50,50,1581900
20221109,11:43:11,18335.70,100,1581900
20221109,11:43:27,18332.15,400,1581900
20221109,11:43:41,18332.15,200,1581900
20221109,11:43:43,18333.00,100,1581900
20221109,11:43:49,18332.00,50,1581900
20221109,11:43:56,18331.00,50,1581900
20221109,11:44:19,18330.05,100,1581900
20221109,11:44:31,18331.45,150,1581900
20221109,11:44:48,18332.05,100,1581900
20221109,11:45:02,18332.50,100,1582100
20221109,11:45:05,18333.65,50,1582100
20221109,11:45:21,18332.55,100,1582100
20221109,11:45:30,18335.65,50,1582100
20221109,11:45:56,18335.85,50,1582100
20221109,11:46:18,18333.80,200,1582100
20221109,11:46:29,18333.80,50,1582100
20221109,11:46:36,18336.00,100,1582100
20221109,11:46:46,18333.85,50,1582100
20221109,11:46:50,18333.80,50,1582100
20221109,11:46:51,18336.30,250,1582100
20221109,11:46:57,18337.55,50,1582100
20221109,11:47:03,18337.90,50,1582100
20221109,11:47:13,18338.10,50,1582100
20221109,11:47:19,18337.50,100,1582100
20221109,11:47:22,18337.25,50,1582100
20221109,11:47:23,18335.20,50,1582100
20221109,11:47:29,18337.85,50,1582100
20221109,11:47:52,18337.95,50,1582550
20221109,11:47:53,18337.95,100,1582550
20221109,11:48:23,18337.55,50,1582550
20221109,11:48:32,18338.00,50,1582550
20221109,11:48:36,18339.35,400,1582550
20221109,11:48:40,18339.95,400,1582550
20221109,11:48:46,18340.00,50,1582550
20221109,11:48:55,18340.70,100,1582550
20221109,11:48:56,18340.60,50,1582550
20221109,11:48:58,18340.75,50,1582550
20221109,11:49:01,18340.00,100,1582550
20221109,11:49:07,18338.35,50,1582550
20221109,11:49:36,18341.95,50,1582550
20221109,11:49:48,18339.05,300,1582550
20221109,11:49:55,18341.95,50,1582550
20221109,11:50:13,18346.05,150,1582550
20221109,11:50:22,18346.05,500,1582550
20221109,11:50:24,18344.60,150,1582550
20221109,11:50:25,18344.95,50,1582550
20221109,11:50:26,18345.25,50,1582550
20221109,11:50:34,18341.50,200,1582550
20221109,11:50:54,18341.65,50,1582550
20221109,11:50:56,18343.75,450,1582950
20221109,11:50:57,18343.75,250,1582950
20221109,11:51:01,18343.75,100,1582950
20221109,11:51:31,18342.75,150,1582950
20221109,11:51:57,18341.20,100,1582950
20221109,11:52:17,18342.15,50,1582950
20221109,11:52:24,18346.20,50,1582950
20221109,11:52:31,18347.55,50,1582950
20221109,11:52:40,18349.95,250,1582950
20221109,11:52:45,18350.00,50,1582950
20221109,11:52:49,18349.95,50,1582950
20221109,11:52:52,18349.95,500,1582950
20221109,11:53:03,18350.00,200,1582950
20221109,11:53:06,18350.00,100,1582950
20221109,11:53:07,18350.00,50,1582950
20221109,11:53:13,18349.95,50,1582950
20221109,11:53:49,18350.95,100,1582950
20221109,11:53:54,18351.00,100,1583400
20221109,11:53:55,18351.25,50,1583400
20221109,11:53:57,18352.00,100,1583400
20221109,11:53:58,18352.00,350,1583400
20221109,11:54:04,18358.00,100,1583400
20221109,11:54:05,18358.40,350,1583400
20221109,11:54:07,18359.85,350,1583400
20221109,11:54:09,18359.35,50,1583400
20221109,11:54:13,18358.85,50,1583400
20221109,11:54:18,18355.70,50,1583400
20221109,11:54:19,18357.95,50,1583400
20221109,11:54:20,18358.35,50,1583400
20221109,11:54:23,18357.50,100,1583400
20221109,11:54:26,18355.00,50,1583400
20221109,11:54:28,18354.65,50,1583400
20221109,11:54:48,18353.55,500,1583400
20221109,11:54:51,18354.60,350,1583400
20221109,11:54:52,18354.60,350,1583400
20221109,11:54:55,18357.10,50,1583400
20221109,11:54:59,18356.70,500,1583400
20221109,11:55:02,18358.00,100,1583400
20221109,11:55:07,18359.95,100,1583400
20221109,11:55:09,18357.15,50,1583400
20221109,11:55:15,18357.00,100,1583400
20221109,11:55:23,18358.85,100,1583400
20221109,11:55:33,18359.00,150,1583400
20221109,11:55:37,18359.00,250,1583400
20221109,11:55:41,18359.00,50,1583400
20221109,11:55:59,18359.95,50,1583400
20221109,11:56:02,18359.95,100,1583400
20221109,11:56:08,18360.75,150,1583400
20221109,11:56:12,18360.25,50,1583400
20221109,11:56:13,18360.55,50,1583400
20221109,11:56:18,18360.90,100,1583400
20221109,11:56:19,18361.20,300,1583400
20221109,11:56:26,18362.20,50,1583400
20221109,11:56:30,18361.00,50,1583400
20221109,11:56:37,18361.00,150,1583400
20221109,11:56:42,18360.00,200,1583400
20221109,11:56:57,18358.00,100,1584200
20221109,11:57:01,18355.35,100,1584200
20221109,11:57:03,18354.75,500,1584200
20221109,11:57:18,18353.85,50,1584200
20221109,11:57:22,18353.45,50,1584200
20221109,11:57:32,18353.65,50,1584200
20221109,11:57:48,18354.65,150,1584200
20221109,11:58:10,18354.65,50,1584200
20221109,11:58:36,18354.00,50,1584200
20221109,11:58:55,18353.00,50,1584200
20221109,11:59:02,18353.00,50,1584200
20221109,11:59:04,18353.00,50,1584200
20221109,11:59:07,18353.00,50,1584200
20221109,11:59:19,18350.00,300,1584200
20221109,11:59:33,18350.30,50,1584200
20221109,11:59:46,18351.35,150,1584200
20221109,11:59:48,18350.60,50,1584200
20221109,11:59:56,18350.00,50,1584400
20221109,12:00:01,18350.00,50,1584400
20221109,12:00:11,18350.00,100,1584400
20221109,12:00:29,18349.65,150,1584400
20221109,12:00:35,18345.90,50,1584400
20221109,12:00:40,18345.45,50,1584400
20221109,12:00:55,18345.70,50,1584400
20221109,12:01:11,18344.00,100,1584400
20221109,12:01:15,18345.55,50,1584400
20221109,12:01:28,18346.80,100,1584400
20221109,12:01:29,18349.45,50,1584400
20221109,12:02:48,18348.00,50,1584400
20221109,12:02:52,18346.20,250,1584400
20221109,12:03:12,18347.30,50,1584400
20221109,12:03:22,18346.85,50,1584350
20221109,12:03:26,18346.65,50,1584350
20221109,12:03:35,18345.70,50,1584350
20221109,12:03:49,18343.60,50,1584350
20221109,12:04:22,18343.60,100,1584350
20221109,12:05:10,18342.55,50,1584350
20221109,12:05:14,18344.95,50,1584350
20221109,12:05:22,18341.95,50,1584350
20221109,12:05:42,18342.00,150,1584350
20221109,12:05:57,18342.95,100,1584300
20221109,12:06:19,18344.70,50,1584300
20221109,12:06:22,18348.00,50,1584300
20221109,12:06:23,18345.40,50,1584300
20221109,12:07:00,18348.45,300,1584300
20221109,12:07:07,18348.70,50,1584300
20221109,12:07:15,18345.20,50,1584300
20221109,12:07:28,18345.00,50,1584300
20221109,12:07:33,18343.70,50,1584300
20221109,12:07:46,18343.70,50,1584300
20221109,12:07:48,18345.95,50,1584300
20221109,12:08:15,18344.65,50,1584300
20221109,12:08:19,18345.95,50,1584300
20221109,12:08:49,18348.65,50,1584300
20221109,12:08:55,18345.95,100,1584300
20221109,12:09:12,18346.00,100,1584200
20221109,12:09:49,18345.95,100,1584200
20221109,12:09:51,18345.00,100,1584200
20221109,12:09:52,18344.80,100,1584200
20221109,12:09:53,18346.00,100,1584200
20221109,12:09:56,18346.00,50,1584200
20221109,12:10:12,18347.40,150,1584200
20221109,12:10:14,18347.30,50,1584200
20221109,12:10:42,18346.00,100,1584200
20221109,12:10:44,18346.00,50,1584200
20221109,12:10:45,18345.95,100,1584200
20221109,12:10:54,18343.15,50,1584200
20221109,12:11:01,18343.00,50,1584200
20221109,12:11:19,18340.10,50,1584200
20221109,12:11:23,18340.00,150,1584200
20221109,12:11:24,18340.00,50,1584200
20221109,12:11:31,18339.00,150,1584200
20221109,12:11:34,18335.00,50,1584200
20221109,12:11:35,18335.00,100,1584200
20221109,12:11:36,18334.20,50,1584200
20221109,12:11:41,18333.90,50,1584200
20221109,12:11:52,18333.65,50,1584200
20221109,12:11:53,18334.20,100,1584200
20221109,12:11:56,18333.40,100,1584200
20221109,12:11:59,18333.05,50,1584950
20221109,12:12:06,18336.50,50,1584950
20221109,12:12:21,18332.05,450,1584950
20221109,12:12:22,18332.10,50,1584950
20221109,12:12:26,18332.10,50,1584950
20221109,12:12:27,18332.10,500,1584950
20221109,12:12:39,18333.00,100,1584950
20221109,12:12:52,18331.80,100,1584950
20221109,12:12:53,18331.00,100,1584950
20221109,12:12:59,18330.05,50,1584950
20221109,12:13:04,18329.45,550,1584950
20221109,12:13:06,18327.10,150,1584950
20221109,12:13:07,18326.10,100,1584950
20221109,12:13:10,18326.00,600,1584950
20221109,12:13:11,18325.00,150,1584950
20221109,12:13:12,18325.00,50,1584950
20221109,12:13:13,18325.00,250,1584950
20221109,12:13:14,18325.00,50,1584950
20221109,12:13:15,18325.00,50,1584950
20221109,12:13:19,18325.00,50,1584950
20221109,12:13:22,18327.00,50,1584950
20221109,12:13:23,18326.70,50,1584950
20221109,12:13:36,18325.10,500,1584950
20221109,12:13:43,18327.00,200,1584950
20221109,12:13:51,18327.00,50,1584950
20221109,12:13:52,18328.95,100,1584950
20221109,12:13:57,18329.85,50,1584950
20221109,12:14:11,18332.75,200,1584950
20221109,12:14:22,18331.50,50,1584950
20221109,12:14:30,18332.95,50,1584950
20221109,12:14:31,18332.95,50,1584950
20221109,12:14:36,18330.00,50,1584950
20221109,12:14:39,18330.00,50,1584950
20221109,12:15:08,18333.55,100,1584950
20221109,12:15:13,18334.90,500,1585300
20221109,12:15:20,18333.00,50,1585300
20221109,12:15:21,18332.80,100,1585300
20221109,12:15:22,18332.95,50,1585300
20221109,12:15:23,18334.00,50,1585300
20221109,12:15:25,18332.65,100,1585300
20221109,12:15:26,18333.45,50,1585300
20221109,12:15:27,18335.00,100,1585300
20221109,12:15:28,18335.00,50,1585300
20221109,12:15:33,18332.45,50,1585300
20221109,12:15:35,18335.00,50,1585300
20221109,12:15:38,18333.20,50,1585300
20221109,12:15:42,18334.95,50,1585300
20221109,12:15:55,18334.95,50,1585300
20221109,12:16:11,18335.00,50,1585300
20221109,12:16:37,18335.00,50,1585300
20221109,12:16:40,18334.00,50,1585300
20221109,12:16:50,18335.00,50,1585300
20221109,12:16:53,18335.00,50,1585300
20221109,12:16:57,18337.00,250,1585300
20221109,12:17:02,18337.10,50,1585300
20221109,12:17:18,18336.50,50,1585300
20221109,12:17:24,18334.05,200,1585300
20221109,12:17:38,18333.00,100,1585300
20221109,12:17:46,18335.95,50,1585300
20221109,12:17:50,18335.35,50,1585300
20221109,12:18:05,18334.65,50,1584250
20221109,12:18:17,18332.60,50,1584250
20221109,12:18:32,18333.40,50,1584250
20221109,12:18:33,18334.00,50,1584250
20221109,12:18:39,18332.80,50,1584250
20221109,12:19:18,18333.15,50,1584250
20221109,12:19:43,18331.15,50,1584250
20221109,12:19:49,18332.80,50,1584250
20221109,12:20:06,18332.80,50,1584250
20221109,12:20:34,18332.05,50,1584250
20221109,12:20:40,18332.00,150,1584250
20221109,12:20:44,18332.00,100,1584250
20221109,12:21:07,18333.00,100,1584350
20221109,12:21:21,18333.05,50,1584350
20221109,12:21:24,18335.00,50,1584350
20221109,12:21:46,18334.15,50,1584350
20221109,12:23:08,18334.15,50,1584350
20221109,12:23:24,18332.00,100,1584350
20221109,12:23:39,18331.80,100,1584350
20221109,12:23:58,18334.25,50,1584600
20221109,12:24:00,18335.25,500,1584600
20221109,12:24:30,18333.15,100,1584600
20221109,12:24:32,18332.90,100,1584600
20221109,12:24:36,18334.50,100,1584600
20221109,12:24:50,18333.05,50,1584600
20221109,12:24:52,18332.00,50,1584600
20221109,12:25:02,18331.45,100,1584600
20221109,12:25:11,18330.75,50,1584600
20221109,12:25:45,18334.05,500,1584600
20221109,12:25:50,18332.10,100,1584600
20221109,12:26:07,18332.10,50,1584600
20221109,12:26:54,18333.25,50,1584600
20221109,12:27:03,18333.05,100,1585150
20221109,12:27:14,18332.10,50,1585150
20221109,12:27:25,18331.75,200,1585150
20221109,12:27:46,18330.55,50,1585150
20221109,12:28:05,18330.00,100,1585150
20221109,12:28:10,18330.10,50,1585150
20221109,12:28:11,18330.00,50,1585150
20221109,12:28:14,18330.00,50,1585150
20221109,12:28:16,18330.00,100,1585150
20221109,12:28:17,18330.00,150,1585150
20221109,12:28:20,18330.00,100,1585150
20221109,12:28:21,18330.00,100,1585150
20221109,12:28:28,18330.00,50,1585150
20221109,12:28:38,18328.15,50,1585150
20221109,12:28:45,18328.00,750,1585150
20221109,12:29:03,18331.85,200,1585150
20221109,12:29:04,18331.60,50,1585150
20221109,12:29:59,18331.00,50,1585800
20221109,12:30:00,18332.10,300,1585800
20221109,12:30:01,18332.25,50,1585800
20221109,12:30:03,18334.45,50,1585800
20221109,12:30:21,18335.00,50,1585800
20221109,12:30:22,18334.20,50,1585800
20221109,12:30:24,18333.95,50,1585800
20221109,12:30:25,18333.05,50,1585800
20221109,12:30:27,18333.20,500,1585800
20221109,12:30:28,18333.35,50,1585800
20221109,12:30:30,18335.00,50,1585800
20221109,12:30:33,18339.65,100,1585800
20221109,12:30:35,18339.65,50,1585800
20221109,12:30:37,18341.25,100,1585800
20221109,12:30:40,18339.50,50,1585800
20221109,12:30:41,18342.50,150,1585800
20221109,12:30:43,18340.55,50,1585800
20221109,12:31:05,18342.00,50,1585800
20221109,12:31:20,18340.55,50,1585800
20221109,12:31:53,18335.00,50,1585800
20221109,12:32:14,18335.90,50,1585800
20221109,12:32:16,18335.90,150,1585800
20221109,12:32:18,18335.85,50,1585800
20221109,12:32:55,18334.95,50,1585800
20221109,12:33:20,18337.75,50,1586300
20221109,12:33:40,18340.00,100,1586300
20221109,12:33:50,18339.70,100,1586300
20221109,12:33:58,18340.55,300,1586300
20221109,12:34:00,18340.70,50,1586300
20221109,12:34:01,18342.00,50,1586300
20221109,12:34:11,18340.35,50,1586300
20221109,12:34:24,18339.50,150,1586300
20221109,12:34:26,18341.80,50,1586300
20221109,12:34:29,18341.85,50,1586300
20221109,12:34:30,18341.85,150,1586300
20221109,12:34:41,18342.00,50,1586300
20221109,12:34:47,18342.00,50,1586300
20221109,12:35:02,18342.00,50,1586300
20221109,12:35:09,18342.05,100,1586300
20221109,12:35:11,18342.05,100,1586300
20221109,12:35:13,18342.45,50,1586300
20221109,12:35:19,18343.80,50,1586300
20221109,12:35:33,18343.15,50,1586300
20221109,12:35:44,18342.05,50,1586300
20221109,12:35:59,18342.05,50,1586300
20221109,12:36:11,18343.45,50,1586000
20221109,12:36:16,18343.35,50,1586000
20221109,12:36:26,18343.25,100,1586000
20221109,12:36:34,18344.30,50,1586000
20221109,12:36:46,18342.00,100,1586000
20221109,12:37:08,18345.95,50,1586000
20221109,12:37:15,18344.90,50,1586000
20221109,12:37:35,18345.95,100,1586000
20221109,12:37:37,18345.60,50,1586000
20221109,12:37:52,18341.75,50,1586000
20221109,12:37:57,18341.05,200,1586000
20221109,12:38:01,18345.85,50,1586000
20221109,12:38:25,18342.75,50,1586000
20221109,12:38:44,18345.50,50,1586000
20221109,12:38:53,18343.40,50,1586000
20221109,12:39:36,18344.15,50,1586000
20221109,12:39:57,18343.90,50,1586200
20221109,12:40:05,18343.90,100,1586200
20221109,12:40:06,18343.45,150,1586200
20221109,12:40:17,18343.70,50,1586200
20221109,12:40:24,18343.90,50,1586200
20221109,12:40:25,18343.60,50,1586200
20221109,12:40:43,18343.65,200,1586200
20221109,12:40:46,18342.55,50,1586200
20221109,12:41:17,18343.90,50,1586200
20221109,12:41:18,18343.95,50,1586200
20221109,12:41:19,18343.90,50,1586200
20221109,12:41:29,18344.00,50,1586200
20221109,12:41:34,18345.00,50,1586200
20221109,12:41:35,18344.45,50,1586200
20221109,12:41:39,18344.85,100,1586200
20221109,12:41:41,18344.90,50,1586200
20221109,12:41:44,18346.45,50,1586200
20221109,12:41:51,18348.25,100,1586200
20221109,12:41:54,18350.00,50,1586200
20221109,12:42:00,18349.15,50,1586200
20221109,12:42:01,18349.15,50,1587300
20221109,12:42:02,18350.95,150,1587300
20221109,12:42:04,18351.25,150,1587300
20221109,12:42:05,18349.75,50,1587300
20221109,12:42:10,18351.30,50,1587300
20221109,12:42:12,18351.40,250,1587300
20221109,12:42:14,18354.20,200,1587300
20221109,12:42:30,18351.50,50,1587300
20221109,12:42:31,18351.35,50,1587300
20221109,12:42:32,18351.35,50,1587300
20221109,12:42:34,18351.25,50,1587300
20221109,12:42:35,18351.15,50,1587300
20221109,12:42:46,18351.45,50,1587300
20221109,12:43:02,18353.80,50,1587300
20221109,12:43:06,18355.00,50,1587300
20221109,12:43:09,18355.00,50,1587300
20221109,12:43:29,18355.00,50,1587300
20221109,12:43:52,18354.00,300,1587300
20221109,12:44:07,18354.90,50,1587300
20221109,12:44:10,18351.90,50,1587300
20221109,12:44:28,18352.30,50,1587300
20221109,12:44:29,18355.75,400,1587300
20221109,12:44:50,18352.40,200,1587300
20221109,12:45:11,18355.85,200,1588350
20221109,12:45:15,18357.00,100,1588350
20221109,12:45:25,18357.20,100,1588350
20221109,12:45:28,18358.90,50,1588350
20221109,12:45:34,18357.45,250,1588350
20221109,12:45:38,18357.00,50,1588350
20221109,12:45:41,18355.00,50,1588350
20221109,12:45:42,18354.05,200,1588350
20221109,12:45:45,18356.90,50,1588350
20221109,12:45:50,18356.50,50,1588350
20221109,12:45:55,18355.00,50,1588350
20221109,12:46:05,18352.05,100,1588350
20221109,12:46:07,18353.20,50,1588350
20221109,12:46:08,18351.20,50,1588350
20221109,12:46:12,18353.05,100,1588350
20221109,12:46:15,18352.95,50,1588350
20221109,12:46:32,18348.80,100,1588350
20221109,12:46:46,18349.00,50,1588350
20221109,12:46:48,18349.00,150,1588350
20221109,12:46:52,18348.80,50,1588350
20221109,12:46:56,18348.65,50,1588350
20221109,12:47:14,18349.00,300,1588350
20221109,12:47:24,18349.15,100,1588350
20221109,12:47:29,18348.95,50,1588350
20221109,12:47:39,18353.10,50,1588350
20221109,12:47:44,18350.45,50,1588350
20221109,12:48:13,18350.65,100,1588600
20221109,12:49:01,18353.00,50,1588600
20221109,12:49:04,18355.00,100,1588600
20221109,12:49:34,18354.00,50,1588600
20221109,12:50:01,18354.50,200,1588600
20221109,12:50:35,18352.30,50,1588600
20221109,12:50:36,18352.15,50,1588600
20221109,12:50:47,18350.75,100,1588600
20221109,12:51:12,18351.00,100,1589050
20221109,12:51:17,18351.75,50,1589050
20221109,12:51:31,18352.00,50,1589050
20221109,12:51:45,18352.00,150,1589050
20221109,12:51:48,18350.10,50,1589050
20221109,12:51:53,18352.45,50,1589050
20221109,12:52:03,18352.70,50,1589050
20221109,12:52:44,18351.95,50,1589050
20221109,12:52:47,18351.05,100,1589050
20221109,12:52:55,18350.00,150,1589050
20221109,12:53:03,18346.40,450,1589050
20221109,12:53:09,18346.30,50,1589050
20221109,12:53:21,18346.00,250,1589050
20221109,12:53:45,18343.00,100,1589050
20221109,12:53:46,18341.95,50,1589050
20221109,12:53:56,18340.50,100,1589050
20221109,12:53:58,18340.00,100,1589050
20221109,12:54:13,18343.45,400,1589900
20221109,12:54:16,18340.50,200,1589900
20221109,12:54:17,18340.50,300,1589900
20221109,12:54:34,18340.95,500,1589900
20221109,12:54:42,18344.45,50,1589900
20221109,12:54:48,18341.45,150,1589900
20221109,12:55:00,18341.00,50,1589900
20221109,12:55:01,18341.00,300,1589900
20221109,12:55:13,18345.00,50,1589900
20221109,12:55:35,18347.55,50,1589900
20221109,12:55:49,18346.90,50,1589900
20221109,12:56:00,18345.00,50,1589900
20221109,12:56:20,18340.70,150,1589900
20221109,12:56:24,18338.45,100,1589900
20221109,12:56:26,18338.20,50,1589900
20221109,12:56:32,18336.90,200,1589900
20221109,12:56:47,18337.40,50,1589900
20221109,12:57:10,18337.45,50,1590550
20221109,12:57:16,18337.40,50,1590550
20221109,12:57:18,18337.40,50,1590550
20221109,12:57:37,18337.40,50,1590550
20221109,12:57:46,18339.40,100,1590550
20221109,12:57:47,18341.70,50,1590550
20221109,12:58:04,18340.50,250,1590550
20221109,12:58:35,18340.50,50,1590550
20221109,12:58:39,18340.50,50,1590550
20221109,12:59:20,18342.55,50,1590550
20221109,12:59:32,18342.55,300,1590550
20221109,13:00:17,18345.00,50,1590700
20221109,13:00:20,18346.00,100,1590700
20221109,13:00:23,18344.90,50,1590700
20221109,13:00:28,18345.05,100,1590700
20221109,13:00:32,18345.10,50,1590700
20221109,13:00:34,18346.00,200,1590700
20221109,13:00:40,18346.00,100,1590700
20221109,13:00:41,18348.95,50,1590700
20221109,13:00:52,18346.30,100,1590700
20221109,13:00:53,18346.20,50,1590700
20221109,13:00:59,18347.90,50,1590700
20221109,13:01:00,18348.60,50,1590700
20221109,13:01:01,18349.00,50,1590700
20221109,13:01:02,18349.00,50,1590700
20221109,13:01:03,18348.30,50,1590700
20221109,13:01:05,18349.00,50,1590700
20221109,13:01:06,18347.90,50,1590700
20221109,13:01:07,18350.00,100,1590700
20221109,13:01:11,18350.95,50,1590700
20221109,13:01:12,18350.75,50,1590700
20221109,13:01:17,18350.95,50,1590700
20221109,13:01:19,18351.60,100,1590700
20221109,13:01:24,18354.05,150,1590700
20221109,13:01:34,18354.50,50,1590700
20221109,13:01:43,18355.00,150,1590700
20221109,13:01:54,18357.65,100,1590700
20221109,13:01:58,18354.50,50,1590700
20221109,13:02:08,18360.00,150,1590700
20221109,13:02:10,18359.20,50,1590700
20221109,13:02:12,18360.00,250,1590700
20221109,13:02:13,18361.55,50,1590700
20221109,13:02:18,18364.20,400,1590700
20221109,13:02:21,18362.15,50,1590700
20221109,13:02:26,18363.15,150,1590700
20221109,13:02:30,18358.05,100,1590700
20221109,13:02:36,18356.90,50,1590700
20221109,13:02:39,18359.85,50,1590700
20221109,13:02:42,18358.00,50,1590700
20221109,13:02:44,18360.00,50,1590700
20221109,13:02:54,18359.45,100,1590700
20221109,13:03:00,18357.35,50,1590700
20221109,13:03:25,18360.00,100,1591400
20221109,13:03:28,18360.65,100,1591400
20221109,13:03:34,18361.15,50,1591400
20221109,13:03:36,18361.40,50,1591400
20221109,13:03:40,18361.35,150,1591400
20221109,13:03:45,18361.15,50,1591400
20221109,13:03:58,18360.80,50,1591400
20221109,13:04:02,18357.00,50,1591400
20221109,13:04:24,18354.00,300,1591400
20221109,13:04:37,18350.95,50,1591400
20221109,13:04:39,18352.45,100,1591400
20221109,13:04:46,18347.85,100,1591400
20221109,13:04:56,18351.60,650,1591400
20221109,13:05:04,18348.85,1000,1591400
20221109,13:05:25,18349.55,50,1591400
20221109,13:05:27,18350.05,50,1591400
20221109,13:05:38,18349.70,50,1591400
20221109,13:05:42,18349.70,50,1591400
20221109,13:05:56,18348.85,50,1591400
20221109,13:06:20,18348.85,100,1592600
20221109,13:06:26,18344.95,200,1592600
20221109,13:06:40,18344.90,50,1592600
20221109,13:07:07,18344.25,200,1592600
20221109,13:07:15,18344.15,50,1592600
20221109,13:07:35,18345.90,50,1592600
20221109,13:07:44,18347.00,150,1592600
20221109,13:07:49,18348.60,250,1592600
20221109,13:07:49,18346.10,50,1592600
20221109,13:08:01,18347.10,50,1592600
20221109,13:08:04,18349.90,50,1592600
20221109,13:08:06,18350.00,50,1592600
20221109,13:08:16,18352.45,50,1592600
20221109,13:08:17,18350.50,50,1592600
20221109,13:08:36,18352.70,150,1592600
20221109,13:08:37,18353.95,150,1592600
20221109,13:08:47,18351.75,50,1592600
20221109,13:08:49,18351.65,50,1592600
20221109,13:08:56,18351.55,50,1592600
20221109,13:09:15,18355.00,50,1593100
20221109,13:09:16,18355.00,50,1593100
20221109,13:09:23,18351.00,100,1593100
20221109,13:09:35,18353.60,50,1593100
20221109,13:09:38,18353.60,50,1593100
20221109,13:09:50,18353.55,50,1593100
20221109,13:10:02,18353.65,150,1593100
20221109,13:10:04,18353.55,100,1593100
20221109,13:10:11,18353.55,50,1593100
20221109,13:10:35,18354.00,50,1593100
20221109,13:11:01,18355.00,50,1593100
20221109,13:11:04,18353.00,100,1593100
20221109,13:11:08,18352.65,50,1593100
20221109,13:11:10,18352.85,100,1593100
20221109,13:11:32,18351.00,50,1593100
20221109,13:11:34,18350.00,50,1593100
20221109,13:11:35,18350.00,50,1593100
20221109,13:11:47,18352.55,350,1593100
20221109,13:11:51,18350.00,50,1593100
20221109,13:12:15,18346.60,50,1593600
20221109,13:12:24,18346.90,50,1593600
20221109,13:12:27,18348.15,100,1593600
20221109,13:12:28,18345.60,50,1593600
20221109,13:12:34,18345.60,200,1593600
20221109,13:12:36,18345.60,50,1593600
20221109,13:13:27,18344.50,200,1593600
20221109,13:13:28,18344.60,50,1593600
20221109,13:13:49,18344.95,50,1593600
20221109,13:14:53,18347.25,50,1593600
20221109,13:14:57,18347.15,50,1593600
20221109,13:15:03,18349.95,50,1593600
20221109,13:15:09,18350.00,100,1593500
20221109,13:15:10,18350.00,100,1593500
20221109,13:15:11,18350.00,50,1593500
20221109,13:15:35,18342.25,100,1593500
20221109,13:15:37,18342.00,100,1593500
20221109,13:15:59,18346.70,100,1593500
20221109,13:16:08,18347.00,50,1593500
20221109,13:17:36,18345.95,50,1593500
20221109,13:17:58,18345.00,50,1593500
20221109,13:18:05,18341.95,50,1593500
20221109,13:18:21,18339.00,350,1593400
20221109,13:18:22,18339.00,150,1593400
20221109,13:18:29,18335.05,250,1593400
20221109,13:18:32,18335.00,100,1593400
20221109,13:18:33,18333.15,50,1593400
20221109,13:18:35,18336.35,50,1593400
20221109,13:18:41,18334.60,50,1593400
20221109,13:18:49,18336.55,50,1593400
20221109,13:18:54,18337.80,100,1593400
20221109,13:19:16,18340.00,100,1593400
20221109,13:19:18,18340.80,50,1593400
20221109,13:19:29,18338.90,50,1593400
20221109,13:20:32,18341.00,100,1593400
20221109,13:21:01,18340.00,200,1593400
20221109,13:21:02,18337.00,150,1593400
20221109,13:21:07,18336.00,50,1593050
20221109,13:21:11,18335.65,200,1593050
20221109,13:21:14,18335.65,50,1593050
20221109,13:21:16,18336.00,100,1593050
20221109,13:21:27,18337.00,50,1593050
20221109,13:21:48,18337.00,50,1593050
20221109,13:21:57,18335.00,250,1593050
20221109,13:21:59,18335.00,150,1593050
20221109,13:22:29,18336.50,50,1593050
20221109,13:22:34,18335.20,50,1593050
20221109,13:22:43,18337.00,50,1593050
20221109,13:22:57,18335.15,50,1593050
20221109,13:23:04,18337.45,200,1593050
20221109,13:23:05,18337.30,50,1593050
20221109,13:23:20,18334.00,50,1593050
20221109,13:23:24,18334.00,50,1593050
20221109,13:23:25,18334.20,150,1593050
20221109,13:23:27,18332.95,50,1593050
20221109,13:23:29,18333.00,150,1593050
20221109,13:23:30,18332.00,50,1593050
20221109,13:23:48,18337.30,50,1593050
20221109,13:23:51,18335.30,50,1593050
20221109,13:23:58,18338.90,50,1593050
20221109,13:24:06,18338.65,50,1593050
20221109,13:24:13,18339.55,50,1593150
20221109,13:24:15,18337.35,150,1593150
20221109,13:24:19,18341.80,50,1593150
20221109,13:24:28,18341.95,50,1593150
20221109,13:24:35,18343.00,50,1593150
20221109,13:24:49,18344.80,50,1593150
20221109,13:24:51,18346.20,100,1593150
20221109,13:25:03,18346.00,50,1593150
20221109,13:25:22,18344.95,50,1593150
20221109,13:25:27,18347.85,50,1593150
20221109,13:25:31,18349.85,50,1593150
20221109,13:25:45,18347.00,50,1593150
20221109,13:25:50,18347.00,50,1593150
20221109,13:25:51,18343.20,50,1593150
20221109,13:25:58,18347.00,50,1593150
20221109,13:26:01,18346.65,50,1593150
20221109,13:26:15,18346.80,50,1593150
20221109,13:26:51,18347.00,50,1593150
20221109,13:27:01,18346.35,50,1593150
20221109,13:27:09,18345.00,50,1593400
20221109,13:27:23,18342.15,100,1593400
20221109,13:27:28,18345.25,50,1593400
20221109,13:27:34,18341.55,50,1593400
20221109,13:27:43,18341.55,200,1593400
20221109,13:27:48,18340.20,50,1593400
20221109,13:27:51,18340.20,50,1593400
20221109,13:27:55,18342.05,50,1593400
20221109,13:28:00,18338.75,150,1593400
20221109,13:28:02,18339.05,50,1593400
20221109,13:28:23,18342.70,50,1593400
20221109,13:28:25,18340.95,50,1593400
20221109,13:28:33,18339.85,50,1593400
20221109,13:28:39,18338.85,50,1593400
20221109,13:28:41,18336.55,150,1593400
20221109,13:28:48,18335.30,50,1593400
20221109,13:28:50,18334.10,50,1593400
20221109,13:28:53,18334.75,50,1593400
20221109,13:28:58,18336.00,150,1593400
20221109,13:28:59,18335.00,50,1593400
20221109,13:29:04,18339.40,100,1593400
20221109,13:29:06,18340.25,100,1593400
20221109,13:29:15,18339.75,50,1593400
20221109,13:29:49,18337.50,50,1593400
20221109,13:29:58,18340.95,50,1593400
20221109,13:30:01,18339.95,50,1593400
20221109,13:30:12,18339.95,100,1593100
20221109,13:30:15,18340.80,50,1593100
20221109,13:30:41,18343.15,50,1593100
20221109,13:31:11,18343.30,50,1593100
20221109,13:31:15,18343.65,50,1593100
20221109,13:31:16,18343.95,150,1593100
20221109,13:31:18,18343.15,100,1593100
20221109,13:31:19,18343.00,200,1593100
20221109,13:31:20,18343.00,100,1593100
20221109,13:31:21,18342.95,50,1593100
20221109,13:31:22,18342.55,50,1593100
20221109,13:31:23,18345.15,50,1593100
20221109,13:31:37,18341.45,100,1593100
20221109,13:31:59,18345.70,50,1593100
20221109,13:32:07,18348.35,50,1593100
20221109,13:32:08,18348.45,50,1593100
20221109,13:32:10,18347.60,50,1593100
20221109,13:32:11,18346.80,50,1593100
20221109,13:32:13,18346.40,50,1593100
20221109,13:32:18,18349.00,50,1593100
20221109,13:32:27,18350.00,100,1593100
20221109,13:32:41,18346.00,50,1593100
20221109,13:32:48,18349.65,50,1593100
20221109,13:33:07,18344.55,50,1593100
20221109,13:33:19,18346.00,50,1592950
20221109,13:33:32,18348.00,50,1592950
20221109,13:33:33,18346.80,50,1592950
20221109,13:33:42,18346.25,50,1592950
20221109,13:33:43,18345.75,150,1592950
20221109,13:33:44,18345.85,50,1592950
20221109,13:33:52,18345.10,50,1592950
20221109,13:34:03,18344.25,50,1592950
20221109,13:34:12,18343.60,50,1592950
20221109,13:34:16,18342.60,100,1592950
20221109,13:34:18,18346.40,50,1592950
20221109,13:34:22,18343.95,50,1592950
20221109,13:34:59,18345.35,50,1592950
20221109,13:35:09,18348.00,100,1592950
20221109,13:35:13,18353.40,550,1592950
20221109,13:35:16,18354.35,100,1592950
20221109,13:35:31,18353.10,50,1592950
20221109,13:35:34,18352.05,50,1592950
20221109,13:35:35,18350.10,50,1592950
20221109,13:35:44,18350.00,50,1592950
20221109,13:35:48,18352.80,50,1592950
20221109,13:36:13,18353.00,50,1593000
20221109,13:36:21,18353.00,250,1593000
20221109,13:36:22,18354.90,500,1593000
20221109,13:36:26,18351.50,50,1593000
20221109,13:36:29,18351.60,50,1593000
20221109,13:36:31,18353.00,50,1593000
20221109,13:36:36,18352.85,50,1593000
20221109,13:36:39,18352.80,50,1593000
20221109,13:36:51,18352.00,50,1593000
20221109,13:37:03,18354.45,50,1593000
20221109,13:37:15,18355.00,50,1593000
20221109,13:37:26,18355.00,50,1593000
20221109,13:37:33,18355.15,50,1593000
20221109,13:37:34,18355.25,50,1593000
20221109,13:37:39,18355.65,50,1593000
20221109,13:37:42,18357.80,50,1593000
20221109,13:37:45,18359.45,100,1593000
20221109,13:37:50,18355.65,300,1593000
20221109,13:37:51,18355.25,50,1593000
20221109,13:37:53,18356.40,400,1593000
20221109,13:37:55,18360.00,200,1593000
20221109,13:37:58,18358.75,50,1593000
20221109,13:38:04,18361.45,250,1593000
20221109,13:38:13,18359.95,50,1593000
20221109,13:38:21,18356.00,50,1593000
20221109,13:38:25,18357.55,50,1593000
20221109,13:38:26,18358.10,50,1593000
20221109,13:38:41,18356.35,100,1593000
20221109,13:38:57,18357.85,50,1593000
20221109,13:39:04,18361.00,100,1593000
20221109,13:39:06,18358.05,50,1593000
20221109,13:39:23,18357.75,200,1593450
20221109,13:39:25,18357.30,50,1593450
20221109,13:39:31,18357.15,100,1593450
20221109,13:39:34,18361.90,1500,1593450
20221109,13:39:35,18358.10,50,1593450
20221109,13:39:40,18360.85,50,1593450
20221109,13:39:44,18361.95,1500,1593450
