20221129,09:15:00,43205.00,1,2817475
20221129,09:15:00,43240.70,1,2817475
20221129,09:15:00,43239.80,500,2817475
20221129,09:15:01,43241.00,800,2817475
20221129,09:15:02,43241.90,1300,2817475
20221129,09:15:04,43259.95,650,2817475
20221129,09:15:05,43259.95,950,2817475
20221129,09:15:07,43284.35,1550,2817475
20221129,09:15:08,43285.90,1025,2817475
20221129,09:15:10,43294.95,1625,2817475
20221129,09:15:11,43273.45,2125,2817475
20221129,09:15:12,43287.65,575,2817475
20221129,09:15:14,43304.35,1475,2817475
20221129,09:15:15,43309.85,475,2817475
20221129,09:15:17,43315.90,500,2817475
20221129,09:15:18,43326.65,1250,2817475
20221129,09:15:20,43300.00,1575,2817475
20221129,09:15:22,43303.70,525,2817475
20221129,09:15:23,43302.00,2050,2817475
20221129,09:15:25,43305.75,200,2817475
20221129,09:15:27,43304.05,300,2817475
20221129,09:15:28,43319.70,525,2817475
20221129,09:15:30,43307.40,800,2817475
20221129,09:15:31,43306.00,1750,2817475
20221129,09:15:33,43307.10,175,2817475
20221129,09:15:34,43306.00,800,2817475
20221129,09:15:36,43303.20,625,2817475
20221129,09:15:38,43312.20,700,2817475
20221129,09:15:39,43306.25,1200,2817475
20221129,09:15:41,43314.95,375,2817475
20221129,09:15:42,43316.00,550,2817475
20221129,09:15:44,43316.90,325,2817475
20221129,09:15:46,43324.65,850,2817475
20221129,09:15:47,43325.00,4225,2817475
20221129,09:15:49,43333.10,4175,2817475
20221129,09:15:50,43336.05,775,2817475
20221129,09:15:52,43334.95,575,2817475
20221129,09:15:53,43334.60,225,2817475
20221129,09:15:55,43326.85,425,2817475
20221129,09:15:57,43326.75,250,2817475
20221129,09:15:58,43320.20,375,2817475
20221129,09:16:00,43314.80,450,2817475
20221129,09:16:01,43332.85,675,2817475
20221129,09:16:03,43337.00,375,2817475
20221129,09:16:05,43340.00,675,2817475
20221129,09:16:06,43343.45,200,2817475
20221129,09:16:08,43335.30,900,2817475
20221129,09:16:09,43338.95,300,2817475
20221129,09:16:11,43338.00,375,2817475
20221129,09:16:13,43342.90,400,2817475
20221129,09:16:14,43346.00,775,2817475
20221129,09:16:16,43346.35,425,2817475
20221129,09:16:17,43347.25,450,2817475
20221129,09:16:19,43350.00,1450,2817475
20221129,09:16:20,43341.00,425,2817475
20221129,09:16:22,43334.85,875,2817475
20221129,09:16:24,43341.00,1275,2817475
20221129,09:16:25,43339.05,275,2817475
20221129,09:16:27,43341.00,175,2817475
20221129,09:16:28,43346.85,425,2817475
20221129,09:16:30,43345.00,375,2817475
20221129,09:16:31,43343.00,1400,2817475
20221129,09:16:33,43350.00,950,2817475
20221129,09:16:35,43345.05,150,2817475
20221129,09:16:36,43349.95,700,2817475
20221129,09:16:38,43341.00,450,2817475
20221129,09:16:39,43345.10,225,2817475
20221129,09:16:41,43343.00,325,2817475
20221129,09:16:43,43339.40,475,2817475
20221129,09:16:44,43342.20,175,2817475
20221129,09:16:46,43349.00,250,2817475
20221129,09:16:47,43349.95,500,2817475
20221129,09:16:49,43343.25,1050,2817475
20221129,09:16:50,43340.00,475,2817475
20221129,09:16:52,43348.35,575,2817475
20221129,09:16:54,43341.20,350,2817475
20221129,09:16:55,43341.10,1350,2817475
20221129,09:16:57,43340.00,1225,2817475
20221129,09:16:58,43344.60,1375,2817475
20221129,09:17:00,43340.00,50,2817475
20221129,09:17:01,43346.40,175,2817475
20221129,09:17:03,43344.85,300,2817475
20221129,09:17:05,43341.00,100,2817475
20221129,09:17:06,43340.00,50,2817475
20221129,09:17:08,43344.85,150,2817475
20221129,09:17:09,43345.00,400,2817475
20221129,09:17:11,43345.00,200,2817475
20221129,09:17:12,43348.00,100,2817475
20221129,09:17:14,43345.00,450,2817475
20221129,09:17:15,43344.85,200,2817475
20221129,09:17:17,43344.60,75,2817475
20221129,09:17:19,43344.60,225,2817475
20221129,09:17:20,43345.05,250,2817475
20221129,09:17:22,43340.00,200,2817475
20221129,09:17:23,43339.05,625,2817475
20221129,09:17:25,43336.00,75,2819775
20221129,09:17:27,43333.00,550,2819775
20221129,09:17:28,43321.20,1725,2819775
20221129,09:17:30,43321.00,25,2819775
20221129,09:17:31,43324.90,50,2819775
20221129,09:17:33,43320.20,250,2819775
20221129,09:17:35,43321.00,100,2819775
20221129,09:17:36,43316.10,725,2819775
20221129,09:17:38,43325.00,325,2819775
20221129,09:17:40,43318.45,175,2819775
20221129,09:17:41,43319.40,225,2819775
20221129,09:17:43,43318.50,125,2819775
20221129,09:17:44,43325.40,1925,2819775
20221129,09:17:46,43325.10,750,2819775
20221129,09:17:48,43325.95,450,2819775
20221129,09:17:49,43330.00,25,2819775
20221129,09:17:51,43333.00,650,2819775
20221129,09:17:52,43324.00,25,2819775
20221129,09:17:54,43320.75,275,2819775
20221129,09:17:56,43325.75,200,2819775
20221129,09:17:57,43325.75,100,2819775
20221129,09:17:59,43322.15,25,2819775
20221129,09:18:00,43325.45,125,2819775
20221129,09:18:02,43326.00,250,2819775
20221129,09:18:04,43320.00,525,2819775
20221129,09:18:05,43320.00,200,2819775
20221129,09:18:07,43321.65,2000,2819775
20221129,09:18:10,43321.55,50,2819775
20221129,09:18:11,43321.15,225,2819775
20221129,09:18:13,43325.00,475,2819775
20221129,09:18:15,43331.35,775,2819775
20221129,09:18:16,43328.05,450,2819775
20221129,09:18:18,43328.40,175,2819775
20221129,09:18:19,43330.00,75,2819775
20221129,09:18:21,43329.05,150,2819775
20221129,09:18:23,43329.05,50,2819775
20221129,09:18:24,43330.95,250,2819775
20221129,09:18:26,43331.00,300,2819775
20221129,09:18:27,43335.00,350,2819775
20221129,09:18:29,43331.85,75,2819775
20221129,09:18:31,43330.00,900,2819775
20221129,09:18:32,43336.40,650,2819775
20221129,09:18:34,43335.40,275,2819775
20221129,09:18:35,43337.05,475,2819775
20221129,09:18:37,43336.40,500,2819775
20221129,09:18:39,43336.95,75,2819775
20221129,09:18:40,43334.75,275,2819775
20221129,09:18:42,43334.75,250,2819775
20221129,09:18:43,43335.95,200,2819775
20221129,09:18:45,43336.85,175,2819775
20221129,09:18:47,43336.00,125,2819775
20221129,09:18:48,43334.30,100,2819775
20221129,09:18:50,43333.05,25,2819775
20221129,09:18:51,43334.00,50,2819775
20221129,09:18:53,43332.35,50,2819775
20221129,09:18:54,43331.00,950,2819775
20221129,09:18:56,43335.00,75,2819775
20221129,09:18:58,43339.00,425,2819775
20221129,09:18:59,43341.95,650,2819775
20221129,09:19:01,43344.60,25,2819775
20221129,09:19:02,43337.40,25,2819775
20221129,09:19:04,43338.00,100,2819775
20221129,09:19:06,43340.00,75,2819775
20221129,09:19:07,43338.10,150,2819775
20221129,09:19:09,43342.00,425,2819775
20221129,09:19:10,43343.40,100,2819775
20221129,09:19:12,43340.05,50,2819775
20221129,09:19:14,43341.70,325,2819775
20221129,09:19:15,43340.00,125,2819775
20221129,09:19:17,43341.95,175,2819775
20221129,09:19:18,43340.50,75,2819775
20221129,09:19:20,43340.00,1200,2819775
20221129,09:19:21,43339.40,275,2819775
20221129,09:19:23,43340.00,125,2819775
20221129,09:19:25,43337.75,50,2819775
20221129,09:19:26,43340.00,100,2819775
20221129,09:19:28,43336.45,225,2819775
20221129,09:19:29,43340.70,100,2819775
20221129,09:19:31,43341.00,125,2819775
20221129,09:19:32,43339.10,125,2819775
20221129,09:19:34,43340.00,100,2819775
20221129,09:19:35,43342.55,525,2819775
20221129,09:19:37,43341.00,50,2819775
20221129,09:19:39,43340.00,325,2819775
20221129,09:19:42,43345.15,375,2819775
20221129,09:19:43,43348.00,25,2819775
20221129,09:19:45,43350.00,925,2819775
20221129,09:19:47,43355.15,1500,2819775
20221129,09:19:48,43356.00,150,2819775
20221129,09:19:50,43360.00,225,2819775
20221129,09:19:51,43360.00,100,2819775
20221129,09:19:53,43361.00,575,2819775
20221129,09:19:55,43362.00,525,2819775
20221129,09:19:56,43364.95,400,2819775
20221129,09:19:58,43364.95,325,2819775
20221129,09:19:59,43358.65,275,2819775
20221129,09:20:01,43365.00,300,2819775
20221129,09:20:02,43357.95,175,2819775
20221129,09:20:04,43362.90,425,2819775
20221129,09:20:06,43359.65,450,2819775
20221129,09:20:07,43362.00,325,2819775
20221129,09:20:09,43362.95,125,2819775
20221129,09:20:10,43365.00,950,2819775
20221129,09:20:12,43366.00,550,2819775
20221129,09:20:13,43369.00,300,2819775
20221129,09:20:15,43369.00,425,2819775
20221129,09:20:17,43367.00,75,2819775
20221129,09:20:18,43366.00,550,2819775
20221129,09:20:20,43362.95,1050,2819775
20221129,09:20:21,43360.00,1000,2819775
20221129,09:20:23,43362.70,50,2819775
20221129,09:20:24,43362.95,175,2831375
20221129,09:20:26,43368.50,250,2831375
20221129,09:20:27,43364.55,175,2831375
20221129,09:20:29,43362.55,150,2831375
20221129,09:20:31,43355.00,1425,2831375
20221129,09:20:32,43359.95,250,2831375
20221129,09:20:34,43351.85,400,2831375
20221129,09:20:36,43351.15,100,2831375
20221129,09:20:37,43350.75,350,2831375
20221129,09:20:39,43351.00,50,2831375
20221129,09:20:40,43357.90,225,2831375
20221129,09:20:42,43352.85,50,2831375
20221129,09:20:44,43353.25,350,2831375
20221129,09:20:45,43354.15,250,2831375
20221129,09:20:47,43360.00,1050,2831375
20221129,09:20:48,43355.85,275,2831375
20221129,09:20:50,43354.55,100,2831375
20221129,09:20:51,43359.40,175,2831375
20221129,09:20:53,43353.30,25,2831375
20221129,09:20:55,43359.15,125,2831375
20221129,09:20:56,43355.00,125,2831375
20221129,09:20:58,43360.00,625,2831375
20221129,09:20:59,43358.10,475,2831375
20221129,09:21:01,43356.65,75,2831375
20221129,09:21:02,43363.90,125,2831375
20221129,09:21:04,43364.00,200,2831375
20221129,09:21:06,43360.30,100,2831375
20221129,09:21:07,43362.65,250,2831375
20221129,09:21:09,43372.00,975,2831375
20221129,09:21:11,43372.90,575,2831375
20221129,09:21:12,43368.10,50,2831375
20221129,09:21:14,43375.00,1475,2831375
20221129,09:21:16,43378.00,550,2831375
20221129,09:21:17,43382.10,1375,2831375
20221129,09:21:19,43383.85,525,2831375
20221129,09:21:20,43378.50,75,2831375
20221129,09:21:22,43376.65,350,2831375
20221129,09:21:24,43376.55,1325,2831375
20221129,09:21:25,43366.85,3125,2831375
20221129,09:21:27,43366.85,125,2831375
20221129,09:21:29,43376.15,225,2831375
20221129,09:21:30,43371.20,100,2831375
20221129,09:21:32,43374.05,200,2831375
20221129,09:21:34,43374.10,400,2831375
20221129,09:21:35,43370.95,450,2831375
20221129,09:21:37,43371.25,150,2831375
20221129,09:21:38,43367.40,175,2831375
20221129,09:21:40,43367.40,100,2831375
20221129,09:21:43,43370.15,375,2831375
20221129,09:21:45,43369.55,25,2831375
20221129,09:21:47,43366.00,25,2831375
20221129,09:21:48,43367.00,125,2831375
20221129,09:21:50,43358.65,325,2831375
20221129,09:21:51,43360.75,275,2831375
20221129,09:21:53,43357.90,1100,2831375
20221129,09:21:55,43368.15,1925,2831375
20221129,09:21:56,43357.40,275,2831375
20221129,09:21:58,43358.10,300,2831375
20221129,09:22:00,43360.00,75,2831375
20221129,09:22:02,43355.00,75,2831375
20221129,09:22:03,43352.30,200,2831375
20221129,09:22:05,43351.90,175,2831375
20221129,09:22:07,43353.50,100,2831375
20221129,09:22:08,43352.00,25,2831375
20221129,09:22:10,43353.00,375,2831375
20221129,09:22:11,43351.50,575,2831375
20221129,09:22:13,43351.00,775,2831375
20221129,09:22:15,43351.10,75,2831375
20221129,09:22:16,43352.90,25,2831375
20221129,09:22:18,43351.00,75,2831375
20221129,09:22:20,43350.00,450,2831375
20221129,09:22:21,43352.90,150,2831375
20221129,09:22:23,43351.00,525,2831375
20221129,09:22:25,43350.85,100,2831375
20221129,09:22:26,43354.90,225,2831375
20221129,09:22:28,43352.90,325,2831375
20221129,09:22:29,43358.50,175,2831375
20221129,09:22:31,43360.00,250,2831375
20221129,09:22:33,43355.05,50,2831375
20221129,09:22:34,43360.90,275,2831375
20221129,09:22:36,43365.00,50,2831375
20221129,09:22:38,43361.60,125,2831375
20221129,09:22:39,43361.50,50,2831375
20221129,09:22:41,43361.90,125,2831375
20221129,09:22:43,43363.50,1300,2831375
20221129,09:22:44,43364.10,100,2831375
20221129,09:22:46,43363.80,75,2831375
20221129,09:22:48,43364.40,100,2831375
20221129,09:22:49,43365.35,50,2831375
20221129,09:22:51,43367.00,325,2831375
20221129,09:22:53,43364.40,125,2831375
20221129,09:22:54,43364.40,150,2831375
20221129,09:22:56,43363.80,275,2831375
20221129,09:22:58,43370.00,1000,2831375
20221129,09:22:59,43368.00,125,2831375
20221129,09:23:01,43366.10,225,2831375
20221129,09:23:03,43370.05,500,2831375
20221129,09:23:04,43375.00,275,2831375
20221129,09:23:06,43374.20,75,2831375
20221129,09:23:08,43376.00,200,2831375
20221129,09:23:09,43376.65,525,2831375
20221129,09:23:11,43376.65,250,2831375
20221129,09:23:13,43371.80,150,2831375
20221129,09:23:14,43371.80,100,2831375
20221129,09:23:16,43371.80,50,2831375
20221129,09:23:17,43367.00,25,2831375
20221129,09:23:19,43371.75,50,2831375
20221129,09:23:21,43370.00,1250,2831375
20221129,09:23:24,43365.00,150,2831375
20221129,09:23:26,43368.45,25,2835200
20221129,09:23:27,43367.05,200,2835200
20221129,09:23:29,43369.95,125,2835200
20221129,09:23:31,43369.95,275,2835200
20221129,09:23:32,43373.45,75,2835200
20221129,09:23:34,43375.00,275,2835200
20221129,09:23:36,43375.00,250,2835200
20221129,09:23:37,43375.00,75,2835200
20221129,09:23:39,43375.05,175,2835200
20221129,09:23:41,43376.00,275,2835200
20221129,09:23:42,43375.05,150,2835200
20221129,09:23:44,43376.65,325,2835200
20221129,09:23:46,43376.65,150,2835200
20221129,09:23:47,43378.80,225,2835200
20221129,09:23:49,43376.00,150,2835200
20221129,09:23:50,43375.00,225,2835200
20221129,09:23:52,43379.75,150,2835200
20221129,09:23:53,43380.00,325,2835200
20221129,09:23:55,43380.00,525,2835200
20221129,09:23:57,43380.80,150,2835200
20221129,09:23:58,43372.20,125,2835200
20221129,09:24:00,43374.00,375,2835200
20221129,09:24:01,43380.00,350,2835200
20221129,09:24:03,43378.85,100,2835200
20221129,09:24:05,43374.50,250,2835200
20221129,09:24:06,43375.65,200,2835200
20221129,09:24:08,43374.00,175,2835200
20221129,09:24:10,43375.00,450,2835200
20221129,09:24:11,43378.30,200,2835200
20221129,09:24:13,43378.00,25,2835200
20221129,09:24:15,43380.00,800,2835200
20221129,09:24:16,43380.00,300,2835200
20221129,09:24:18,43382.45,100,2835200
20221129,09:24:20,43373.25,1200,2835200
20221129,09:24:21,43371.65,725,2835200
20221129,09:24:23,43374.00,25,2835200
20221129,09:24:25,43383.30,950,2835200
20221129,09:24:26,43372.05,25,2835200
20221129,09:24:28,43377.00,150,2835200
20221129,09:24:29,43370.00,850,2835200
20221129,09:24:31,43366.10,100,2835200
20221129,09:24:33,43371.05,50,2835200
20221129,09:24:34,43365.10,475,2835200
20221129,09:24:36,43371.55,625,2835200
20221129,09:24:38,43370.00,25,2835200
20221129,09:24:39,43370.00,175,2835200
20221129,09:24:41,43371.60,375,2835200
20221129,09:24:43,43373.05,850,2835200
20221129,09:24:46,43372.85,50,2835200
20221129,09:24:48,43375.95,125,2835200
20221129,09:24:49,43373.95,50,2835200
20221129,09:24:51,43371.50,175,2835200
20221129,09:24:53,43370.30,125,2835200
20221129,09:24:54,43370.05,125,2835200
20221129,09:24:56,43372.50,25,2835200
20221129,09:24:58,43369.00,150,2835200
20221129,09:24:59,43372.50,150,2835200
20221129,09:25:01,43370.45,150,2835200
20221129,09:25:02,43375.00,325,2835200
20221129,09:25:04,43372.10,75,2835200
20221129,09:25:06,43375.45,175,2835200
20221129,09:25:07,43375.55,75,2835200
20221129,09:25:09,43375.00,125,2835200
20221129,09:25:10,43380.00,150,2835200
20221129,09:25:12,43378.85,225,2835200
20221129,09:25:14,43372.80,125,2835200
20221129,09:25:15,43384.50,1200,2835200
20221129,09:25:17,43375.25,1000,2835200
20221129,09:25:18,43382.80,400,2835200
20221129,09:25:20,43382.30,100,2835200
20221129,09:25:22,43375.00,175,2835200
20221129,09:25:23,43370.00,175,2835200
20221129,09:25:25,43376.00,250,2835200
20221129,09:25:26,43375.00,75,2835200
20221129,09:25:28,43371.55,225,2835200
20221129,09:25:31,43372.30,125,2835200
20221129,09:25:33,43376.00,150,2835200
20221129,09:25:34,43380.00,100,2835200
20221129,09:25:36,43377.45,125,2835200
20221129,09:25:37,43376.35,250,2835200
20221129,09:25:39,43372.10,25,2835200
20221129,09:25:40,43379.55,50,2835200
20221129,09:25:42,43381.60,75,2835200
20221129,09:25:43,43371.80,150,2835200
20221129,09:25:46,43371.75,25,2835200
20221129,09:25:48,43375.00,125,2835200
20221129,09:25:53,43376.40,275,2835200
20221129,09:25:54,43376.00,25,2835200
20221129,09:25:57,43376.35,25,2835200
20221129,09:25:59,43382.00,400,2835200
20221129,09:26:00,43380.05,25,2835200
20221129,09:26:02,43381.90,350,2835200
20221129,09:26:04,43390.90,2375,2835200
20221129,09:26:05,43384.50,350,2835200
20221129,09:26:07,43383.80,300,2835200
20221129,09:26:08,43380.70,150,2835200
20221129,09:26:10,43385.35,50,2835200
20221129,09:26:12,43386.75,25,2835200
20221129,09:26:13,43386.75,325,2835200
20221129,09:26:15,43380.00,250,2835200
20221129,09:26:16,43380.00,200,2835200
20221129,09:26:18,43376.00,725,2835200
20221129,09:26:20,43370.00,800,2835200
20221129,09:26:21,43375.00,50,2835200
20221129,09:26:23,43380.00,1325,2835200
20221129,09:26:25,43374.90,125,2835200
20221129,09:26:26,43370.25,50,2835200
20221129,09:26:29,43370.20,100,2840600
20221129,09:26:31,43374.80,25,2840600
20221129,09:26:33,43374.00,50,2840600
20221129,09:26:34,43378.40,950,2840600
20221129,09:26:36,43370.00,175,2840600
20221129,09:26:38,43370.25,100,2840600
20221129,09:26:41,43370.00,125,2840600
20221129,09:26:46,43380.00,175,2840600
20221129,09:26:47,43382.90,50,2840600
20221129,09:26:49,43376.35,375,2840600
20221129,09:26:51,43376.30,200,2840600
20221129,09:26:52,43375.20,125,2840600
20221129,09:26:54,43373.25,925,2840600
20221129,09:26:56,43376.30,50,2840600
20221129,09:26:59,43377.20,25,2840600
20221129,09:27:00,43376.30,150,2840600
20221129,09:27:02,43373.10,375,2840600
20221129,09:27:03,43377.00,150,2840600
20221129,09:27:05,43373.25,125,2840600
20221129,09:27:06,43375.00,150,2840600
20221129,09:27:08,43374.80,50,2840600
20221129,09:27:10,43375.00,25,2840600
20221129,09:27:11,43376.15,200,2840600
20221129,09:27:13,43380.00,300,2840600
20221129,09:27:14,43378.85,125,2840600
20221129,09:27:16,43378.85,125,2840600
20221129,09:27:18,43380.00,225,2840600
20221129,09:27:21,43381.90,200,2840600
20221129,09:27:22,43385.00,275,2840600
20221129,09:27:24,43384.00,100,2840600
20221129,09:27:26,43384.95,100,2840600
20221129,09:27:27,43390.90,800,2840600
20221129,09:27:29,43390.85,325,2840600
20221129,09:27:31,43390.00,275,2840600
20221129,09:27:32,43387.85,125,2840600
20221129,09:27:34,43390.90,75,2840600
20221129,09:27:35,43390.90,200,2840600
20221129,09:27:37,43394.95,1025,2840600
20221129,09:27:39,43395.00,275,2840600
20221129,09:27:40,43391.65,150,2840600
20221129,09:27:42,43397.00,600,2840600
20221129,09:27:44,43397.00,125,2840600
20221129,09:27:45,43397.95,375,2840600
20221129,09:27:47,43398.00,75,2840600
20221129,09:27:49,43393.25,225,2840600
20221129,09:27:50,43398.00,325,2840600
20221129,09:27:52,43399.00,275,2840600
20221129,09:27:54,43399.00,75,2840600
20221129,09:27:55,43397.00,150,2840600
20221129,09:27:57,43398.75,50,2840600
20221129,09:27:59,43398.00,925,2840600
20221129,09:28:00,43395.00,175,2840600
20221129,09:28:02,43394.25,425,2840600
20221129,09:28:04,43394.25,125,2840600
20221129,09:28:05,43397.60,150,2840600
20221129,09:28:07,43390.90,475,2840600
20221129,09:28:08,43395.05,375,2840600
20221129,09:28:10,43391.25,200,2840600
20221129,09:28:12,43397.40,50,2840600
20221129,09:28:13,43397.70,275,2840600
20221129,09:28:15,43397.85,125,2840600
20221129,09:28:17,43398.00,125,2840600
20221129,09:28:18,43397.55,75,2840600
20221129,09:28:20,43398.00,500,2840600
20221129,09:28:22,43398.45,75,2840600
20221129,09:28:23,43397.95,75,2840600
20221129,09:28:25,43397.90,200,2840600
20221129,09:28:26,43398.45,225,2840600
20221129,09:28:28,43398.75,925,2840600
20221129,09:28:30,43400.00,2075,2840600
20221129,09:28:32,43398.45,350,2840600
20221129,09:28:33,43411.90,8250,2840600
20221129,09:28:35,43410.35,2375,2840600
20221129,09:28:37,43409.95,350,2840600
20221129,09:28:38,43407.00,175,2840600
20221129,09:28:40,43403.25,750,2840600
20221129,09:28:42,43410.00,300,2840600
20221129,09:28:43,43409.00,250,2840600
20221129,09:28:45,43405.00,125,2840600
20221129,09:28:46,43408.00,150,2840600
20221129,09:28:48,43411.05,425,2840600
20221129,09:28:50,43409.05,50,2840600
20221129,09:28:51,43403.20,150,2840600
20221129,09:28:53,43403.30,225,2840600
20221129,09:28:55,43409.95,175,2840600
20221129,09:28:56,43406.00,125,2840600
20221129,09:28:58,43405.45,75,2840600
20221129,09:29:00,43403.30,75,2840600
20221129,09:29:01,43409.05,1500,2840600
20221129,09:29:03,43403.75,175,2840600
20221129,09:29:05,43400.00,75,2840600
20221129,09:29:06,43400.00,150,2840600
20221129,09:29:08,43395.00,250,2840600
20221129,09:29:10,43392.45,225,2840600
20221129,09:29:11,43391.15,100,2840600
20221129,09:29:13,43395.65,50,2840600
20221129,09:29:15,43400.00,250,2840600
20221129,09:29:16,43395.65,200,2840600
20221129,09:29:18,43400.00,25,2840600
20221129,09:29:19,43401.95,350,2840600
20221129,09:29:21,43395.90,75,2840600
20221129,09:29:23,43400.00,150,2840600
20221129,09:29:24,43394.90,100,2840600
20221129,09:29:26,43392.25,275,2840600
20221129,09:29:28,43395.70,150,2848000
20221129,09:29:29,43393.95,375,2848000
20221129,09:29:31,43393.70,300,2848000
20221129,09:29:33,43393.45,200,2848000
20221129,09:29:34,43398.00,200,2848000
20221129,09:29:36,43392.85,850,2848000
20221129,09:29:38,43392.30,150,2848000
20221129,09:29:39,43395.90,200,2848000
20221129,09:29:41,43398.00,50,2848000
20221129,09:29:42,43397.10,125,2848000
20221129,09:29:44,43400.00,25,2848000
20221129,09:29:46,43393.40,25,2848000
20221129,09:29:47,43395.65,200,2848000
20221129,09:29:49,43394.90,150,2848000
20221129,09:29:51,43400.00,125,2848000
20221129,09:29:52,43395.00,3375,2848000
20221129,09:29:54,43395.00,250,2848000
20221129,09:29:56,43395.00,175,2848000
20221129,09:29:57,43394.00,275,2848000
20221129,09:29:59,43395.00,725,2848000
20221129,09:30:00,43391.70,200,2848000
20221129,09:30:02,43399.60,625,2848000
20221129,09:30:04,43401.00,1400,2848000
20221129,09:30:05,43414.25,4000,2848000
20221129,09:30:07,43414.40,2025,2848000
20221129,09:30:09,43408.80,900,2848000
20221129,09:30:10,43410.25,425,2848000
20221129,09:30:12,43409.80,400,2848000
20221129,09:30:14,43407.00,1275,2848000
20221129,09:30:15,43410.00,975,2848000
20221129,09:30:17,43405.00,800,2848000
20221129,09:30:19,43402.30,175,2848000
20221129,09:30:20,43405.00,475,2848000
20221129,09:30:22,43400.00,225,2848000
20221129,09:30:23,43400.05,200,2848000
20221129,09:30:25,43399.95,175,2848000
20221129,09:30:27,43402.75,400,2848000
20221129,09:30:28,43397.00,75,2848000
20221129,09:30:30,43402.95,150,2848000
20221129,09:30:32,43400.10,350,2848000
20221129,09:30:33,43400.00,75,2848000
20221129,09:30:35,43400.00,25,2848000
20221129,09:30:37,43400.05,75,2848000
20221129,09:30:38,43400.00,100,2848000
20221129,09:30:40,43400.00,100,2848000
20221129,09:30:42,43395.70,125,2848000
20221129,09:30:44,43395.40,100,2848000
20221129,09:30:45,43400.05,375,2848000
20221129,09:30:47,43394.00,250,2848000
20221129,09:30:48,43388.00,500,2848000
20221129,09:30:50,43388.85,275,2848000
20221129,09:30:52,43389.00,325,2848000
20221129,09:30:53,43387.70,50,2848000
20221129,09:30:55,43385.75,125,2848000
20221129,09:30:57,43385.65,100,2848000
20221129,09:30:58,43396.10,1200,2848000
20221129,09:31:00,43396.10,200,2848000
20221129,09:31:02,43395.40,100,2848000
20221129,09:31:03,43399.90,950,2848000
20221129,09:31:05,43400.00,575,2848000
20221129,09:31:07,43400.00,200,2848000
20221129,09:31:08,43392.20,250,2848000
20221129,09:31:10,43391.80,100,2848000
20221129,09:31:11,43395.00,75,2848000
20221129,09:31:13,43398.00,25,2848000
20221129,09:31:15,43398.10,450,2848000
20221129,09:31:16,43398.00,50,2848000
20221129,09:31:18,43402.50,3100,2848000
20221129,09:31:20,43398.05,175,2848000
20221129,09:31:23,43400.00,125,2848000
20221129,09:31:26,43401.00,625,2848000
20221129,09:31:28,43395.95,75,2848000
20221129,09:31:29,43395.95,50,2848000
20221129,09:31:31,43395.95,25,2848000
20221129,09:31:33,43395.95,75,2848000
20221129,09:31:34,43396.05,100,2848000
20221129,09:31:37,43396.75,75,2848000
20221129,09:31:39,43396.75,100,2848000
20221129,09:31:41,43396.00,25,2848000
20221129,09:31:42,43395.00,425,2848000
20221129,09:31:44,43392.05,50,2848000
20221129,09:31:45,43395.35,150,2848000
20221129,09:31:47,43390.15,50,2848000
20221129,09:31:49,43390.15,100,2848000
20221129,09:31:50,43395.00,175,2848000
20221129,09:31:52,43390.55,350,2848000
20221129,09:31:54,43385.25,200,2848000
20221129,09:31:55,43386.15,150,2848000
20221129,09:31:57,43385.95,175,2848000
20221129,09:31:59,43389.80,600,2848000
20221129,09:32:00,43387.05,50,2848000
20221129,09:32:02,43387.60,250,2848000
20221129,09:32:04,43390.00,125,2848000
20221129,09:32:05,43390.60,275,2848000
20221129,09:32:07,43390.25,50,2848000
20221129,09:32:09,43391.10,125,2848000
20221129,09:32:10,43392.15,275,2848000
20221129,09:32:12,43395.00,225,2848000
20221129,09:32:14,43395.00,100,2848000
20221129,09:32:15,43392.35,175,2848000
20221129,09:32:17,43396.00,150,2848000
20221129,09:32:19,43396.75,375,2848000
20221129,09:32:20,43396.40,400,2848000
20221129,09:32:22,43400.00,175,2848000
20221129,09:32:24,43396.95,50,2848000
20221129,09:32:25,43400.20,775,2848000
20221129,09:32:27,43402.85,50,2848000
20221129,09:32:28,43404.10,125,2846600
20221129,09:32:30,43404.05,150,2846600
20221129,09:32:32,43405.05,275,2846600
20221129,09:32:33,43405.40,200,2846600
20221129,09:32:35,43404.00,75,2846600
20221129,09:32:37,43405.00,200,2846600
20221129,09:32:38,43408.00,75,2846600
20221129,09:32:40,43408.00,125,2846600
20221129,09:32:41,43408.00,75,2846600
20221129,09:32:43,43409.95,200,2846600
20221129,09:32:45,43410.00,275,2846600
20221129,09:32:46,43410.00,700,2846600
20221129,09:32:48,43408.00,250,2846600
20221129,09:32:50,43410.00,125,2846600
20221129,09:32:51,43410.00,250,2846600
20221129,09:32:53,43408.00,50,2846600
20221129,09:32:55,43410.00,200,2846600
20221129,09:32:56,43410.00,200,2846600
20221129,09:32:58,43410.00,1400,2846600
20221129,09:33:00,43417.65,3100,2846600
20221129,09:33:01,43417.10,1100,2846600
20221129,09:33:03,43417.70,300,2846600
20221129,09:33:04,43408.90,150,2846600
20221129,09:33:06,43416.10,425,2846600
20221129,09:33:08,43408.10,75,2846600
20221129,09:33:09,43409.00,225,2846600
20221129,09:33:11,43408.00,200,2846600
20221129,09:33:12,43408.95,75,2846600
20221129,09:33:14,43410.65,525,2846600
20221129,09:33:16,43405.00,150,2846600
20221129,09:33:17,43410.75,50,2846600
20221129,09:33:19,43409.00,200,2846600
20221129,09:33:21,43409.00,50,2846600
20221129,09:33:22,43410.00,150,2846600
20221129,09:33:24,43408.05,125,2846600
20221129,09:33:26,43405.85,25,2846600
20221129,09:33:27,43410.00,75,2846600
20221129,09:33:29,43410.00,175,2846600
20221129,09:33:30,43412.00,100,2846600
20221129,09:33:32,43410.00,375,2846600
20221129,09:33:34,43405.40,75,2846600
20221129,09:33:37,43406.50,25,2846600
20221129,09:33:40,43409.95,75,2846600
20221129,09:33:41,43406.05,25,2846600
20221129,09:33:43,43405.00,125,2846600
20221129,09:33:45,43404.10,175,2846600
20221129,09:33:46,43404.40,75,2846600
20221129,09:33:49,43404.80,150,2846600
20221129,09:33:51,43404.25,75,2846600
20221129,09:33:52,43405.40,125,2846600
20221129,09:33:54,43411.00,425,2846600
20221129,09:33:55,43410.00,75,2846600
20221129,09:33:57,43410.00,50,2846600
20221129,09:33:58,43404.15,75,2846600
20221129,09:34:00,43405.05,25,2846600
20221129,09:34:01,43405.00,100,2846600
20221129,09:34:03,43406.05,225,2846600
20221129,09:34:04,43404.45,225,2846600
20221129,09:34:06,43407.25,1125,2846600
20221129,09:34:08,43406.80,500,2846600
20221129,09:34:09,43407.50,3500,2846600
20221129,09:34:11,43404.00,550,2846600
20221129,09:34:12,43404.05,125,2846600
20221129,09:34:14,43408.35,950,2846600
20221129,09:34:15,43404.80,1150,2846600
20221129,09:34:17,43405.60,125,2846600
20221129,09:34:19,43407.60,1075,2846600
20221129,09:34:20,43412.30,725,2846600
20221129,09:34:22,43408.00,200,2846600
20221129,09:34:23,43408.05,75,2846600
20221129,09:34:25,43405.05,100,2846600
20221129,09:34:26,43406.35,75,2846600
20221129,09:34:28,43404.05,975,2846600
20221129,09:34:29,43402.30,425,2846600
20221129,09:34:31,43401.00,100,2846600
20221129,09:34:33,43401.00,75,2846600
20221129,09:34:34,43398.05,350,2846600
20221129,09:34:36,43402.30,225,2846600
20221129,09:34:38,43399.90,50,2846600
20221129,09:34:39,43403.50,100,2846600
20221129,09:34:43,43400.75,275,2846600
20221129,09:34:44,43402.00,1550,2846600
20221129,09:34:46,43400.75,1300,2846600
20221129,09:34:48,43400.00,300,2846600
20221129,09:34:49,43399.90,175,2846600
20221129,09:34:51,43400.00,225,2846600
20221129,09:34:53,43402.30,700,2846600
20221129,09:34:54,43402.60,2025,2846600
20221129,09:34:56,43415.85,6175,2846600
20221129,09:34:58,43407.65,1150,2846600
20221129,09:34:59,43408.15,1025,2846600
20221129,09:35:01,43401.05,25,2846600
20221129,09:35:03,43400.65,775,2846600
20221129,09:35:04,43408.70,525,2846600
20221129,09:35:06,43409.00,675,2846600
20221129,09:35:08,43402.10,550,2846600
20221129,09:35:09,43401.10,300,2846600
20221129,09:35:11,43399.70,25,2846600
20221129,09:35:13,43399.15,50,2846600
20221129,09:35:14,43399.00,475,2846600
20221129,09:35:16,43404.05,1025,2846600
20221129,09:35:19,43399.90,125,2846600
20221129,09:35:21,43399.90,125,2846600
20221129,09:35:23,43399.90,50,2846600
20221129,09:35:24,43397.30,150,2846600
20221129,09:35:26,43403.95,175,2846600
20221129,09:35:27,43407.00,175,2854275
20221129,09:35:29,43400.00,3125,2854275
20221129,09:35:31,43395.75,1050,2854275
20221129,09:35:32,43402.05,150,2854275
20221129,09:35:34,43395.00,175,2854275
20221129,09:35:36,43402.25,325,2854275
20221129,09:35:37,43395.00,75,2854275
20221129,09:35:39,43391.10,350,2854275
20221129,09:35:41,43395.00,125,2854275
20221129,09:35:42,43391.15,1100,2854275
20221129,09:35:44,43391.00,175,2854275
20221129,09:35:46,43394.20,125,2854275
20221129,09:35:47,43392.25,175,2854275
20221129,09:35:49,43393.80,50,2854275
20221129,09:35:51,43398.00,25,2854275
20221129,09:35:52,43399.00,75,2854275
20221129,09:35:54,43398.00,50,2854275
20221129,09:35:56,43398.00,75,2854275
20221129,09:35:57,43401.05,600,2854275
20221129,09:35:59,43406.30,50,2854275
20221129,09:36:01,43398.20,200,2854275
20221129,09:36:02,43399.05,125,2854275
20221129,09:36:04,43401.45,150,2854275
20221129,09:36:06,43402.05,75,2854275
20221129,09:36:07,43403.05,125,2854275
20221129,09:36:09,43412.75,3025,2854275
20221129,09:36:11,43408.00,2925,2854275
20221129,09:36:12,43407.55,1650,2854275
20221129,09:36:14,43410.05,1675,2854275
20221129,09:36:16,43410.75,725,2854275
20221129,09:36:17,43427.00,13825,2854275
20221129,09:36:19,43418.15,3125,2854275
20221129,09:36:21,43426.10,1900,2854275
20221129,09:36:22,43420.30,350,2854275
20221129,09:36:24,43426.85,100,2854275
20221129,09:36:26,43425.75,25,2854275
20221129,09:36:27,43424.45,500,2854275
20221129,09:36:29,43420.00,25,2854275
20221129,09:36:31,43423.00,125,2854275
20221129,09:36:32,43420.00,125,2854275
20221129,09:36:34,43416.50,525,2854275
20221129,09:36:36,43420.00,1400,2854275
20221129,09:36:37,43417.30,600,2854275
20221129,09:36:39,43417.50,150,2854275
20221129,09:36:41,43416.35,200,2854275
20221129,09:36:42,43415.45,25,2854275
20221129,09:36:44,43415.00,125,2854275
20221129,09:36:46,43418.20,75,2854275
20221129,09:36:47,43420.80,75,2854275
20221129,09:36:49,43414.65,150,2854275
20221129,09:36:50,43415.60,450,2854275
20221129,09:36:52,43415.30,100,2854275
20221129,09:36:53,43415.30,100,2854275
20221129,09:36:55,43418.65,150,2854275
20221129,09:36:57,43417.05,50,2854275
20221129,09:36:58,43418.90,300,2854275
20221129,09:37:00,43418.80,75,2854275
20221129,09:37:01,43419.00,75,2854275
20221129,09:37:03,43416.30,600,2854275
20221129,09:37:05,43417.10,300,2854275
20221129,09:37:06,43417.30,50,2854275
20221129,09:37:08,43418.90,125,2854275
20221129,09:37:09,43418.90,50,2854275
20221129,09:37:11,43415.00,25,2854275
20221129,09:37:13,43418.90,75,2854275
20221129,09:37:14,43414.45,25,2854275
20221129,09:37:16,43411.90,50,2854275
20221129,09:37:17,43411.00,25,2854275
20221129,09:37:19,43417.00,75,2854275
20221129,09:37:21,43411.00,25,2854275
20221129,09:37:22,43411.00,50,2854275
20221129,09:37:24,43411.00,100,2854275
20221129,09:37:25,43414.50,600,2854275
20221129,09:37:27,43411.00,100,2854275
20221129,09:37:29,43412.45,25,2854275
20221129,09:37:30,43411.00,25,2854275
20221129,09:37:32,43414.40,25,2854275
20221129,09:37:33,43413.40,275,2854275
20221129,09:37:35,43415.05,200,2854275
20221129,09:37:37,43415.05,300,2854275
20221129,09:37:40,43418.90,50,2854275
20221129,09:37:42,43418.90,300,2854275
20221129,09:37:43,43418.90,100,2854275
20221129,09:37:45,43420.00,125,2854275
20221129,09:37:46,43420.00,400,2854275
20221129,09:37:48,43418.90,50,2854275
20221129,09:37:50,43420.30,600,2854275
20221129,09:37:51,43421.00,325,2854275
20221129,09:37:53,43420.00,525,2854275
20221129,09:37:55,43421.00,75,2854275
20221129,09:37:56,43415.00,75,2854275
20221129,09:37:58,43410.45,1150,2854275
20221129,09:38:00,43415.00,25,2854275
20221129,09:38:01,43417.25,225,2854275
20221129,09:38:03,43415.00,100,2854275
20221129,09:38:04,43412.00,100,2854275
20221129,09:38:06,43412.05,150,2854275
20221129,09:38:08,43415.00,225,2854275
20221129,09:38:09,43413.30,125,2854275
20221129,09:38:11,43415.00,50,2854275
20221129,09:38:12,43414.10,25,2854275
20221129,09:38:14,43415.00,325,2854275
20221129,09:38:15,43411.65,250,2854275
20221129,09:38:17,43414.10,175,2854275
20221129,09:38:19,43420.00,525,2854275
20221129,09:38:20,43414.10,75,2854275
20221129,09:38:23,43419.85,75,2854275
20221129,09:38:25,43419.80,75,2854275
20221129,09:38:27,43418.50,225,2854275
20221129,09:38:28,43419.95,25,2874100
20221129,09:38:30,43418.50,150,2874100
20221129,09:38:32,43419.90,150,2874100
20221129,09:38:33,43413.70,975,2874100
20221129,09:38:37,43417.95,250,2874100
20221129,09:38:38,43416.00,350,2874100
20221129,09:38:40,43417.00,50,2874100
20221129,09:38:41,43420.05,1525,2874100
20221129,09:38:43,43419.95,275,2874100
20221129,09:38:45,43420.00,25,2874100
20221129,09:38:46,43420.00,50,2874100
20221129,09:38:48,43420.80,100,2874100
20221129,09:38:51,43421.00,450,2874100
20221129,09:38:52,43421.00,25,2874100
20221129,09:38:54,43420.00,125,2874100
20221129,09:38:56,43421.00,50,2874100
20221129,09:38:57,43421.00,275,2874100
20221129,09:38:59,43422.85,50,2874100
20221129,09:39:00,43420.20,950,2874100
20221129,09:39:02,43418.05,425,2874100
20221129,09:39:04,43420.00,250,2874100
20221129,09:39:05,43417.80,275,2874100
20221129,09:39:07,43420.00,175,2874100
20221129,09:39:08,43420.00,100,2874100
20221129,09:39:10,43420.00,25,2874100
20221129,09:39:12,43418.75,75,2874100
20221129,09:39:13,43418.20,50,2874100
20221129,09:39:15,43418.20,150,2874100
20221129,09:39:16,43418.20,75,2874100
20221129,09:39:18,43418.75,125,2874100
20221129,09:39:19,43418.75,25,2874100
20221129,09:39:21,43418.75,25,2874100
20221129,09:39:22,43419.95,375,2874100
20221129,09:39:25,43420.00,75,2874100
20221129,09:39:27,43420.00,75,2874100
20221129,09:39:28,43420.00,225,2874100
20221129,09:39:30,43417.25,25,2874100
20221129,09:39:32,43418.40,125,2874100
20221129,09:39:33,43418.90,500,2874100
20221129,09:39:35,43415.00,350,2874100
20221129,09:39:40,43417.15,25,2874100
20221129,09:39:43,43417.15,125,2874100
20221129,09:39:44,43418.00,100,2874100
20221129,09:39:46,43418.00,50,2874100
20221129,09:39:48,43418.00,325,2874100
20221129,09:39:51,43418.75,50,2874100
20221129,09:39:52,43419.00,150,2874100
20221129,09:39:54,43418.95,50,2874100
20221129,09:39:56,43418.95,100,2874100
20221129,09:39:57,43418.90,100,2874100
20221129,09:39:59,43420.00,250,2874100
20221129,09:40:00,43420.00,375,2874100
20221129,09:40:03,43420.00,225,2874100
20221129,09:40:05,43419.55,25,2874100
20221129,09:40:06,43420.00,825,2874100
20221129,09:40:11,43418.90,150,2874100
20221129,09:40:13,43419.00,100,2874100
20221129,09:40:14,43416.50,175,2874100
20221129,09:40:16,43416.50,200,2874100
20221129,09:40:17,43418.15,375,2874100
20221129,09:40:19,43418.55,900,2874100
20221129,09:40:21,43415.00,150,2874100
20221129,09:40:24,43415.55,150,2874100
20221129,09:40:25,43413.55,25,2874100
20221129,09:40:27,43416.05,75,2874100
20221129,09:40:29,43416.50,275,2874100
20221129,09:40:30,43416.50,125,2874100
20221129,09:40:32,43418.15,200,2874100
20221129,09:40:34,43418.15,175,2874100
20221129,09:40:35,43418.15,500,2874100
20221129,09:40:37,43411.10,25,2874100
20221129,09:40:40,43411.00,75,2874100
20221129,09:40:44,43414.25,50,2874100
20221129,09:40:47,43415.45,150,2874100
20221129,09:40:48,43415.75,50,2874100
20221129,09:40:50,43415.75,75,2874100
20221129,09:40:52,43416.50,75,2874100
20221129,09:40:53,43419.00,900,2874100
20221129,09:40:55,43418.00,25,2874100
20221129,09:40:57,43418.00,50,2874100
20221129,09:40:58,43418.00,125,2874100
20221129,09:41:00,43419.60,125,2874100
20221129,09:41:02,43418.25,175,2874100
20221129,09:41:03,43418.25,100,2874100
20221129,09:41:05,43418.65,50,2874100
20221129,09:41:07,43419.40,150,2874100
20221129,09:41:08,43419.90,25,2874100
20221129,09:41:10,43419.00,1050,2874100
20221129,09:41:12,43418.25,175,2874100
20221129,09:41:13,43418.10,575,2874100
20221129,09:41:15,43420.00,50,2874100
20221129,09:41:16,43420.00,325,2874100
20221129,09:41:18,43420.20,50,2874100
20221129,09:41:20,43421.00,950,2874100
20221129,09:41:21,43420.00,25,2874100
20221129,09:41:23,43420.00,100,2874100
20221129,09:41:25,43416.30,225,2874100
20221129,09:41:26,43414.80,425,2874100
20221129,09:41:28,43417.00,75,2879300
20221129,09:41:30,43419.95,25,2879300
20221129,09:41:31,43422.35,2025,2879300
20221129,09:41:33,43419.95,100,2879300
20221129,09:41:35,43423.00,75,2879300
20221129,09:41:36,43418.50,675,2879300
20221129,09:41:38,43423.95,325,2879300
20221129,09:41:41,43417.20,100,2879300
20221129,09:41:43,43422.00,75,2879300
20221129,09:41:45,43423.35,250,2879300
20221129,09:41:48,43420.80,50,2879300
20221129,09:41:49,43425.00,950,2879300
20221129,09:41:51,43421.15,50,2879300
20221129,09:41:53,43421.15,75,2879300
20221129,09:41:54,43420.35,25,2879300
20221129,09:41:56,43420.05,50,2879300
20221129,09:41:58,43422.75,250,2879300
20221129,09:41:59,43417.45,75,2879300
20221129,09:42:01,43417.00,250,2879300
20221129,09:42:02,43417.00,75,2879300
20221129,09:42:04,43417.00,175,2879300
20221129,09:42:06,43416.00,250,2879300
20221129,09:42:07,43415.00,500,2879300
20221129,09:42:09,43415.00,625,2879300
20221129,09:42:11,43414.00,50,2879300
20221129,09:42:12,43414.00,100,2879300
20221129,09:42:14,43413.00,425,2879300
20221129,09:42:16,43413.30,300,2879300
20221129,09:42:17,43413.70,275,2879300
20221129,09:42:19,43418.60,400,2879300
20221129,09:42:20,43418.20,175,2879300
20221129,09:42:22,43418.20,175,2879300
20221129,09:42:24,43413.90,25,2879300
20221129,09:42:25,43418.55,75,2879300
20221129,09:42:27,43418.55,75,2879300
20221129,09:42:29,43420.00,275,2879300
20221129,09:42:30,43416.60,100,2879300
20221129,09:42:32,43415.35,75,2879300
20221129,09:42:34,43415.90,75,2879300
20221129,09:42:38,43415.90,250,2879300
20221129,09:42:40,43415.95,50,2879300
20221129,09:42:43,43415.90,50,2879300
20221129,09:42:45,43415.95,50,2879300
20221129,09:42:47,43415.00,100,2879300
20221129,09:42:48,43415.00,25,2879300
20221129,09:42:49,43419.90,300,2879300
20221129,09:42:51,43420.00,75,2879300
20221129,09:42:54,43415.00,250,2879300
20221129,09:42:56,43415.10,25,2879300
20221129,09:42:58,43415.10,150,2879300
20221129,09:42:59,43420.00,100,2879300
20221129,09:43:03,43419.55,300,2879300
20221129,09:43:04,43415.55,25,2879300
20221129,09:43:06,43419.95,25,2879300
20221129,09:43:09,43419.00,500,2879300
20221129,09:43:15,43415.30,75,2879300
20221129,09:43:17,43415.20,75,2879300
20221129,09:43:18,43419.00,100,2879300
20221129,09:43:20,43416.05,25,2879300
20221129,09:43:24,43416.55,50,2879300
20221129,09:43:26,43416.60,25,2879300
20221129,09:43:27,43419.30,50,2879300
20221129,09:43:29,43416.50,50,2879300
20221129,09:43:31,43416.05,150,2879300
20221129,09:43:32,43416.60,50,2879300
20221129,09:43:36,43416.05,25,2879300
20221129,09:43:39,43416.00,50,2879300
20221129,09:43:41,43415.25,25,2879300
20221129,09:43:42,43415.90,100,2879300
20221129,09:43:44,43415.20,50,2879300
20221129,09:43:46,43415.35,75,2879300
20221129,09:43:47,43415.30,25,2879300
20221129,09:43:49,43415.00,250,2879300
20221129,09:43:52,43416.00,200,2879300
20221129,09:43:54,43413.00,150,2879300
20221129,09:43:56,43415.95,50,2879300
20221129,09:43:57,43416.00,350,2879300
20221129,09:43:59,43416.05,25,2879300
20221129,09:44:01,43416.00,25,2879300
20221129,09:44:02,43414.70,50,2879300
20221129,09:44:04,43412.20,50,2879300
20221129,09:44:06,43411.90,25,2879300
20221129,09:44:07,43411.00,25,2879300
20221129,09:44:09,43410.10,75,2879300
20221129,09:44:10,43409.05,250,2879300
20221129,09:44:12,43410.00,25,2879300
20221129,09:44:14,43408.50,200,2879300
20221129,09:44:15,43407.40,250,2879300
20221129,09:44:17,43409.85,25,2879300
20221129,09:44:19,43409.85,375,2879300
20221129,09:44:20,43407.00,250,2879300
20221129,09:44:22,43409.00,150,2879300
20221129,09:44:23,43409.85,25,2879300
20221129,09:44:25,43411.00,50,2879300
20221129,09:44:27,43411.15,50,2879300
20221129,09:44:28,43411.10,25,2883650
20221129,09:44:30,43411.35,50,2883650
20221129,09:44:32,43411.00,25,2883650
20221129,09:44:33,43415.00,100,2883650
20221129,09:44:35,43414.00,125,2883650
20221129,09:44:37,43415.00,50,2883650
20221129,09:44:38,43415.00,150,2883650
20221129,09:44:40,43415.00,225,2883650
20221129,09:44:42,43411.15,25,2883650
20221129,09:44:43,43414.55,25,2883650
20221129,09:44:46,43413.95,50,2883650
20221129,09:44:48,43414.45,125,2883650
20221129,09:44:50,43415.00,75,2883650
20221129,09:44:51,43412.55,25,2883650
20221129,09:44:53,43415.00,1650,2883650
20221129,09:44:55,43418.00,200,2883650
20221129,09:44:56,43415.10,225,2883650
20221129,09:45:00,43415.00,125,2883650
20221129,09:45:01,43417.65,2525,2883650
20221129,09:45:03,43417.95,3750,2883650
20221129,09:45:04,43420.00,3050,2883650
20221129,09:45:06,43419.35,225,2883650
20221129,09:45:08,43415.10,175,2883650
20221129,09:45:09,43417.40,1100,2883650
20221129,09:45:11,43419.10,125,2883650
20221129,09:45:12,43420.00,200,2883650
20221129,09:45:14,43414.50,775,2883650
20221129,09:45:16,43414.50,525,2883650
20221129,09:45:17,43414.50,75,2883650
20221129,09:45:19,43412.05,150,2883650
20221129,09:45:20,43411.90,25,2883650
20221129,09:45:22,43410.35,125,2883650
20221129,09:45:23,43410.20,25,2883650
20221129,09:45:25,43410.50,100,2883650
20221129,09:45:26,43410.35,25,2883650
20221129,09:45:28,43409.00,175,2883650
20221129,09:45:30,43409.00,50,2883650
20221129,09:45:33,43409.00,100,2883650
20221129,09:45:35,43405.00,500,2883650
20221129,09:45:36,43401.05,375,2883650
20221129,09:45:38,43399.95,450,2883650
20221129,09:45:39,43399.60,275,2883650
20221129,09:45:41,43400.00,175,2883650
20221129,09:45:43,43396.90,150,2883650
20221129,09:45:44,43396.60,75,2883650
20221129,09:45:46,43400.05,875,2883650
20221129,09:45:48,43399.55,275,2883650
20221129,09:45:49,43404.00,250,2883650
20221129,09:45:51,43400.25,150,2883650
20221129,09:45:53,43400.05,25,2883650
20221129,09:45:54,43403.95,75,2883650
20221129,09:45:56,43400.40,150,2883650
20221129,09:45:57,43400.30,150,2883650
20221129,09:45:59,43400.05,125,2883650
20221129,09:46:01,43402.95,375,2883650
20221129,09:46:02,43398.65,100,2883650
20221129,09:46:04,43400.60,675,2883650
20221129,09:46:06,43401.50,150,2883650
20221129,09:46:07,43402.55,50,2883650
20221129,09:46:09,43407.00,150,2883650
20221129,09:46:11,43412.05,75,2883650
20221129,09:46:12,43410.30,25,2883650
20221129,09:46:19,43402.70,350,2883650
20221129,09:46:20,43395.55,25,2883650
20221129,09:46:22,43396.15,100,2883650
20221129,09:46:24,43396.15,25,2883650
20221129,09:46:25,43394.45,750,2883650
20221129,09:46:28,43394.65,175,2883650
20221129,09:46:30,43396.00,50,2883650
20221129,09:46:33,43400.00,1025,2883650
20221129,09:46:35,43395.45,100,2883650
20221129,09:46:37,43400.00,200,2883650
20221129,09:46:38,43398.70,275,2883650
20221129,09:46:41,43402.85,150,2883650
20221129,09:46:45,43396.35,125,2883650
20221129,09:46:46,43395.50,25,2883650
20221129,09:46:48,43395.35,50,2883650
20221129,09:46:50,43395.65,100,2883650
20221129,09:46:51,43396.35,175,2883650
20221129,09:46:53,43395.00,400,2883650
20221129,09:46:55,43395.60,100,2883650
20221129,09:46:56,43400.00,50,2883650
20221129,09:46:58,43395.80,250,2883650
20221129,09:47:01,43397.25,25,2883650
20221129,09:47:03,43397.10,50,2883650
20221129,09:47:04,43397.20,125,2883650
20221129,09:47:06,43395.60,100,2883650
20221129,09:47:08,43395.65,25,2883650
20221129,09:47:09,43395.50,100,2883650
20221129,09:47:11,43395.45,75,2883650
20221129,09:47:13,43398.95,525,2883650
20221129,09:47:14,43395.50,25,2883650
20221129,09:47:16,43392.60,750,2883650
20221129,09:47:19,43396.00,150,2883650
20221129,09:47:21,43396.00,350,2883650
20221129,09:47:22,43392.60,100,2883650
20221129,09:47:24,43392.85,625,2883650
20221129,09:47:26,43396.00,75,2883650
20221129,09:47:27,43390.20,300,2883650
20221129,09:47:29,43392.25,50,2883650
20221129,09:47:30,43390.00,50,2890325
20221129,09:47:32,43391.35,25,2890325
20221129,09:47:34,43390.00,275,2890325
20221129,09:47:35,43389.90,275,2890325
20221129,09:47:37,43389.90,325,2890325
20221129,09:47:39,43389.90,175,2890325
20221129,09:47:40,43390.70,50,2890325
20221129,09:47:42,43389.20,250,2890325
20221129,09:47:43,43390.00,50,2890325
20221129,09:47:45,43392.25,25,2890325
20221129,09:47:47,43392.25,25,2890325
20221129,09:47:48,43390.50,50,2890325
20221129,09:47:50,43392.85,100,2890325
20221129,09:47:55,43392.25,25,2890325
20221129,09:47:56,43392.25,25,2890325
20221129,09:47:58,43392.25,25,2890325
20221129,09:48:00,43392.70,125,2890325
20221129,09:48:01,43392.85,200,2890325
20221129,09:48:03,43394.95,75,2890325
20221129,09:48:04,43390.15,50,2890325
20221129,09:48:06,43390.25,50,2890325
20221129,09:48:08,43392.25,50,2890325
20221129,09:48:09,43392.25,100,2890325
20221129,09:48:11,43392.85,125,2890325
20221129,09:48:13,43390.00,25,2890325
20221129,09:48:16,43388.25,25,2890325
20221129,09:48:18,43392.85,1025,2890325
20221129,09:48:19,43388.25,50,2890325
20221129,09:48:21,43386.80,25,2890325
20221129,09:48:22,43388.25,50,2890325
20221129,09:48:24,43389.85,50,2890325
20221129,09:48:26,43388.25,25,2890325
20221129,09:48:29,43388.25,300,2890325
20221129,09:48:30,43388.65,50,2890325
20221129,09:48:32,43388.30,50,2890325
20221129,09:48:34,43388.25,25,2890325
20221129,09:48:35,43390.00,50,2890325
20221129,09:48:37,43388.10,525,2890325
20221129,09:48:39,43386.00,100,2890325
20221129,09:48:40,43388.05,50,2890325
20221129,09:48:42,43386.00,50,2890325
20221129,09:48:44,43386.00,175,2890325
20221129,09:48:45,43386.00,50,2890325
20221129,09:48:47,43388.05,700,2890325
20221129,09:48:49,43386.70,175,2890325
20221129,09:48:50,43388.00,200,2890325
20221129,09:48:52,43390.00,50,2890325
20221129,09:48:54,43390.55,75,2890325
20221129,09:48:55,43395.00,1400,2890325
20221129,09:48:57,43396.00,25,2890325
20221129,09:48:58,43398.15,75,2890325
20221129,09:49:00,43394.30,100,2890325
20221129,09:49:02,43395.50,100,2890325
20221129,09:49:03,43396.30,250,2890325
20221129,09:49:07,43390.00,50,2890325
20221129,09:49:08,43390.25,75,2890325
20221129,09:49:10,43390.00,175,2890325
20221129,09:49:12,43390.00,500,2890325
20221129,09:49:16,43384.85,450,2890325
20221129,09:49:18,43388.25,25,2890325
20221129,09:49:20,43388.25,25,2890325
20221129,09:49:23,43385.25,25,2890325
20221129,09:49:24,43387.50,50,2890325
20221129,09:49:29,43385.25,125,2890325
20221129,09:49:31,43385.25,25,2890325
20221129,09:49:33,43385.95,300,2890325
20221129,09:49:34,43386.75,300,2890325
20221129,09:49:36,43386.90,25,2890325
20221129,09:49:40,43390.00,75,2890325
20221129,09:49:42,43388.05,50,2890325
20221129,09:49:44,43388.25,100,2890325
20221129,09:49:45,43386.20,100,2890325
20221129,09:49:47,43386.15,25,2890325
20221129,09:49:52,43389.50,50,2890325
20221129,09:49:53,43388.00,650,2890325
20221129,09:49:55,43388.05,125,2890325
20221129,09:49:59,43392.00,150,2890325
20221129,09:50:01,43389.05,100,2890325
20221129,09:50:02,43388.65,50,2890325
20221129,09:50:04,43387.85,75,2890325
20221129,09:50:07,43385.60,225,2890325
20221129,09:50:09,43385.50,25,2890325
20221129,09:50:11,43386.00,50,2890325
20221129,09:50:12,43386.05,275,2890325
20221129,09:50:14,43386.90,150,2890325
20221129,09:50:15,43386.75,125,2890325
20221129,09:50:17,43387.40,175,2890325
20221129,09:50:19,43385.15,325,2890325
20221129,09:50:20,43389.00,225,2890325
20221129,09:50:22,43385.00,1075,2890325
20221129,09:50:23,43385.05,50,2890325
20221129,09:50:25,43385.80,200,2890325
20221129,09:50:27,43385.75,25,2890325
20221129,09:50:28,43385.50,25,2890325
20221129,09:50:30,43385.50,50,2886675
20221129,09:50:31,43385.30,25,2886675
20221129,09:50:33,43384.70,175,2886675
20221129,09:50:35,43382.50,575,2886675
20221129,09:50:36,43384.50,275,2886675
20221129,09:50:38,43385.00,50,2886675
20221129,09:50:39,43384.45,225,2886675
20221129,09:50:41,43384.60,75,2886675
20221129,09:50:43,43383.05,100,2886675
20221129,09:50:44,43384.35,250,2886675
20221129,09:50:46,43385.00,125,2886675
20221129,09:50:48,43389.00,100,2886675
20221129,09:50:49,43388.10,100,2886675
20221129,09:50:51,43390.00,100,2886675
20221129,09:50:52,43390.15,975,2886675
20221129,09:50:56,43390.00,375,2886675
20221129,09:50:57,43387.05,200,2886675
20221129,09:50:59,43387.35,25,2886675
20221129,09:51:01,43387.55,150,2886675
20221129,09:51:02,43388.35,25,2886675
20221129,09:51:04,43393.40,25,2886675
20221129,09:51:06,43389.70,100,2886675
20221129,09:51:07,43397.95,100,2886675
20221129,09:51:09,43398.85,25,2886675
20221129,09:51:10,43399.00,75,2886675
20221129,09:51:12,43399.10,775,2886675
20221129,09:51:14,43396.35,200,2886675
20221129,09:51:15,43395.60,75,2886675
20221129,09:51:17,43394.75,1525,2886675
20221129,09:51:22,43400.00,75,2886675
20221129,09:51:24,43400.80,275,2886675
20221129,09:51:30,43399.55,25,2886675
20221129,09:51:33,43401.75,175,2886675
20221129,09:51:35,43400.40,50,2886675
20221129,09:51:36,43403.55,50,2886675
20221129,09:51:38,43395.50,200,2886675
20221129,09:51:39,43400.40,50,2886675
20221129,09:51:41,43395.60,100,2886675
20221129,09:51:43,43397.10,75,2886675
20221129,09:51:44,43395.35,50,2886675
20221129,09:51:46,43398.50,75,2886675
20221129,09:51:47,43400.00,625,2886675
20221129,09:51:49,43395.70,25,2886675
20221129,09:51:51,43395.70,25,2886675
20221129,09:51:52,43399.95,325,2886675
20221129,09:51:54,43395.55,25,2886675
20221129,09:51:57,43399.55,150,2886675
20221129,09:51:59,43394.40,50,2886675
20221129,09:52:02,43396.20,50,2886675
20221129,09:52:04,43395.60,150,2886675
20221129,09:52:05,43401.05,350,2886675
20221129,09:52:07,43402.65,50,2886675
20221129,09:52:10,43405.00,175,2886675
20221129,09:52:12,43408.00,25,2886675
20221129,09:52:13,43404.10,100,2886675
20221129,09:52:15,43405.00,50,2886675
20221129,09:52:17,43408.90,100,2886675
20221129,09:52:18,43408.90,75,2886675
20221129,09:52:20,43411.55,1400,2886675
20221129,09:52:21,43412.00,25,2886675
20221129,09:52:23,43412.00,275,2886675
20221129,09:52:25,43411.75,50,2886675
20221129,09:52:26,43412.00,75,2886675
20221129,09:52:28,43414.00,100,2886675
20221129,09:52:30,43411.30,50,2886675
20221129,09:52:31,43413.60,300,2886675
20221129,09:52:33,43414.00,425,2886675
20221129,09:52:34,43414.05,50,2886675
20221129,09:52:36,43412.35,25,2886675
20221129,09:52:37,43413.05,25,2886675
20221129,09:52:41,43413.90,50,2886675
20221129,09:52:42,43413.05,50,2886675
20221129,09:52:44,43411.00,25,2886675
20221129,09:52:47,43409.15,200,2886675
20221129,09:52:48,43414.75,25,2886675
20221129,09:52:50,43412.20,50,2886675
20221129,09:52:52,43415.00,25,2886675
20221129,09:52:53,43414.75,50,2886675
20221129,09:52:58,43412.20,25,2886675
20221129,09:53:00,43410.05,50,2886675
20221129,09:53:03,43418.95,200,2886675
20221129,09:53:05,43416.65,25,2886675
20221129,09:53:06,43417.95,125,2886675
20221129,09:53:09,43413.30,50,2886675
20221129,09:53:11,43413.05,25,2886675
20221129,09:53:13,43412.00,25,2886675
20221129,09:53:14,43411.70,50,2886675
20221129,09:53:16,43413.05,50,2886675
20221129,09:53:17,43413.30,25,2886675
20221129,09:53:19,43404.00,375,2886675
20221129,09:53:21,43409.70,250,2886675
20221129,09:53:22,43402.25,25,2886675
20221129,09:53:24,43402.70,25,2886675
20221129,09:53:25,43405.05,25,2886675
20221129,09:53:27,43405.10,25,2886675
20221129,09:53:30,43410.90,175,2886675
20221129,09:53:32,43410.50,50,2890525
20221129,09:53:35,43405.05,100,2890525
20221129,09:53:37,43405.00,25,2890525
20221129,09:53:38,43405.00,25,2890525
20221129,09:53:40,43406.85,300,2890525
20221129,09:53:41,43413.00,50,2890525
20221129,09:53:43,43413.00,25,2890525
20221129,09:53:44,43415.65,100,2890525
20221129,09:53:46,43410.00,75,2890525
20221129,09:53:48,43410.00,25,2890525
20221129,09:53:51,43410.00,50,2890525
20221129,09:53:54,43409.95,100,2890525
20221129,09:54:00,43409.95,125,2890525
20221129,09:54:01,43410.00,75,2890525
20221129,09:54:03,43409.95,150,2890525
20221129,09:54:05,43409.95,350,2890525
20221129,09:54:06,43409.95,175,2890525
20221129,09:54:11,43409.75,50,2890525
20221129,09:54:12,43409.75,50,2890525
20221129,09:54:14,43409.65,50,2890525
20221129,09:54:15,43409.65,125,2890525
20221129,09:54:18,43405.30,75,2890525
20221129,09:54:20,43408.40,250,2890525
20221129,09:54:21,43409.15,50,2890525
20221129,09:54:30,43403.70,25,2890525
20221129,09:54:31,43403.70,125,2890525
20221129,09:54:34,43402.25,25,2890525
20221129,09:54:36,43403.70,25,2890525
20221129,09:54:40,43402.25,150,2890525
20221129,09:54:42,43402.25,25,2890525
20221129,09:54:43,43403.70,50,2890525
20221129,09:54:46,43402.25,25,2890525
20221129,09:54:48,43402.25,25,2890525
20221129,09:54:49,43403.95,100,2890525
20221129,09:54:51,43402.00,100,2890525
20221129,09:54:56,43398.90,75,2890525
20221129,09:54:57,43402.00,25,2890525
20221129,09:54:59,43401.65,125,2890525
20221129,09:55:02,43400.00,25,2890525
20221129,09:55:03,43395.60,100,2890525
20221129,09:55:05,43400.00,200,2890525
20221129,09:55:06,43400.00,175,2890525
20221129,09:55:08,43400.00,150,2890525
20221129,09:55:11,43400.70,50,2890525
20221129,09:55:14,43398.05,300,2890525
20221129,09:55:16,43399.25,25,2890525
20221129,09:55:19,43399.15,25,2890525
20221129,09:55:22,43402.10,25,2890525
20221129,09:55:24,43402.10,50,2890525
20221129,09:55:25,43404.00,100,2890525
20221129,09:55:27,43404.65,125,2890525
20221129,09:55:29,43408.70,500,2890525
20221129,09:55:33,43405.30,75,2890525
20221129,09:55:35,43405.15,25,2890525
20221129,09:55:38,43405.50,50,2890525
20221129,09:55:40,43408.55,175,2890525
20221129,09:55:43,43408.55,650,2890525
20221129,09:55:45,43408.10,50,2890525
20221129,09:55:46,43405.15,25,2890525
20221129,09:55:48,43403.95,25,2890525
20221129,09:55:51,43407.85,25,2890525
20221129,09:55:54,43407.80,150,2890525
20221129,09:55:56,43407.80,25,2890525
20221129,09:55:58,43408.00,150,2890525
20221129,09:55:59,43409.00,25,2890525
20221129,09:56:02,43410.00,175,2890525
20221129,09:56:04,43408.00,25,2890525
20221129,09:56:07,43409.00,25,2890525
20221129,09:56:08,43409.00,125,2890525
20221129,09:56:15,43411.00,175,2890525
20221129,09:56:16,43411.00,25,2890525
20221129,09:56:18,43413.00,25,2890525
20221129,09:56:20,43410.00,350,2890525
20221129,09:56:21,43413.15,200,2890525
20221129,09:56:24,43408.05,25,2890525
20221129,09:56:26,43408.00,25,2890525
20221129,09:56:27,43408.00,25,2890525
20221129,09:56:31,43410.00,175,2889750
20221129,09:56:34,43414.70,100,2889750
20221129,09:56:38,43410.25,50,2889750
20221129,09:56:41,43414.60,50,2889750
20221129,09:56:43,43414.60,25,2889750
20221129,09:56:44,43414.65,75,2889750
20221129,09:56:46,43410.35,100,2889750
20221129,09:56:47,43414.60,25,2889750
20221129,09:56:50,43414.65,75,2889750
20221129,09:56:52,43414.00,75,2889750
20221129,09:56:53,43414.00,25,2889750
20221129,09:56:55,43412.20,125,2889750
20221129,09:56:57,43414.00,50,2889750
20221129,09:56:58,43414.00,175,2889750
20221129,09:57:00,43410.45,25,2889750
20221129,09:57:02,43410.45,525,2889750
20221129,09:57:03,43415.45,275,2889750
20221129,09:57:05,43411.10,25,2889750
20221129,09:57:07,43411.00,100,2889750
20221129,09:57:08,43410.00,175,2889750
20221129,09:57:10,43411.70,25,2889750
20221129,09:57:11,43412.95,25,2889750
20221129,09:57:13,43410.25,125,2889750
20221129,09:57:16,43411.90,200,2889750
20221129,09:57:18,43410.00,125,2889750
20221129,09:57:19,43411.95,25,2889750
20221129,09:57:24,43413.95,75,2889750
20221129,09:57:27,43410.65,25,2889750
20221129,09:57:29,43410.45,100,2889750
20221129,09:57:30,43414.40,25,2889750
20221129,09:57:35,43414.00,50,2889750
20221129,09:57:42,43415.50,100,2889750
20221129,09:57:43,43415.55,50,2889750
20221129,09:57:48,43416.35,125,2889750
20221129,09:57:50,43415.35,50,2889750
20221129,09:57:54,43415.35,25,2889750
20221129,09:57:55,43412.00,25,2889750
20221129,09:57:57,43414.65,75,2889750
20221129,09:57:59,43415.00,125,2889750
20221129,09:58:00,43412.00,25,2889750
20221129,09:58:01,43414.50,75,2889750
20221129,09:58:03,43414.30,275,2889750
20221129,09:58:04,43414.30,75,2889750
20221129,09:58:06,43412.00,25,2889750
20221129,09:58:09,43413.35,50,2889750
20221129,09:58:11,43413.35,75,2889750
20221129,09:58:13,43411.00,25,2889750
20221129,09:58:15,43412.00,25,2889750
20221129,09:58:16,43410.75,50,2889750
20221129,09:58:18,43413.55,25,2889750
20221129,09:58:22,43413.75,150,2889750
20221129,09:58:23,43410.05,275,2889750
20221129,09:58:25,43410.00,25,2889750
20221129,09:58:26,43410.00,50,2889750
20221129,09:58:27,43411.75,125,2889750
20221129,09:58:31,43410.25,50,2889750
20221129,09:58:32,43412.70,100,2889750
20221129,09:58:34,43412.70,25,2889750
20221129,09:58:37,43410.25,100,2889750
20221129,09:58:41,43410.25,100,2889750
20221129,09:58:43,43410.05,25,2889750
20221129,09:58:44,43410.25,300,2889750
20221129,09:58:46,43410.20,25,2889750
20221129,09:58:49,43410.00,75,2889750
20221129,09:58:50,43413.55,25,2889750
20221129,09:58:55,43413.70,100,2889750
20221129,09:58:56,43410.00,175,2889750
20221129,09:58:59,43410.00,75,2889750
20221129,09:59:01,43410.00,950,2889750
20221129,09:59:02,43410.00,700,2889750
20221129,09:59:04,43409.45,25,2889750
20221129,09:59:05,43408.00,50,2889750
20221129,09:59:07,43409.55,175,2889750
20221129,09:59:10,43409.60,125,2889750
20221129,09:59:11,43409.60,25,2889750
20221129,09:59:13,43408.25,25,2889750
20221129,09:59:15,43410.00,25,2889750
20221129,09:59:16,43408.60,25,2889750
20221129,09:59:22,43410.00,25,2889750
20221129,09:59:24,43408.25,50,2889750
20221129,09:59:25,43408.30,25,2889750
20221129,09:59:30,43410.00,25,2889750
20221129,09:59:32,43408.25,25,2890800
20221129,09:59:36,43410.00,75,2890800
20221129,09:59:38,43409.00,25,2890800
20221129,09:59:39,43413.20,275,2890800
20221129,09:59:41,43408.60,25,2890800
20221129,09:59:43,43413.95,275,2890800
20221129,09:59:44,43409.35,75,2890800
20221129,09:59:46,43410.00,50,2890800
20221129,09:59:50,43413.55,25,2890800
20221129,09:59:52,43413.55,50,2890800
20221129,09:59:54,43414.00,125,2890800
20221129,09:59:55,43415.00,200,2890800
20221129,09:59:57,43414.65,275,2890800
20221129,09:59:58,43413.90,550,2890800
20221129,10:00:00,43408.85,25,2890800
20221129,10:00:02,43414.00,50,2890800
20221129,10:00:03,43414.95,650,2890800
20221129,10:00:05,43414.95,25,2890800
20221129,10:00:06,43418.00,600,2890800
20221129,10:00:08,43418.00,50,2890800
20221129,10:00:10,43418.00,150,2890800
20221129,10:00:11,43411.20,50,2890800
20221129,10:00:14,43412.25,175,2890800
20221129,10:00:16,43417.95,100,2890800
20221129,10:00:18,43412.25,200,2890800
20221129,10:00:19,43412.25,75,2890800
20221129,10:00:21,43417.75,150,2890800
20221129,10:00:22,43410.25,125,2890800
20221129,10:00:24,43410.20,175,2890800
20221129,10:00:25,43415.50,250,2890800
20221129,10:00:27,43414.75,50,2890800
20221129,10:00:30,43413.95,50,2890800
20221129,10:00:31,43414.00,25,2890800
20221129,10:00:33,43409.70,25,2890800
20221129,10:00:34,43409.00,175,2890800
20221129,10:00:36,43413.95,200,2890800
20221129,10:00:37,43413.95,25,2890800
20221129,10:00:39,43413.15,125,2890800
20221129,10:00:41,43413.00,100,2890800
20221129,10:00:44,43413.95,100,2890800
20221129,10:00:48,43412.95,25,2890800
20221129,10:00:51,43410.25,25,2890800
20221129,10:00:56,43412.95,550,2890800
20221129,10:00:58,43405.05,150,2890800
20221129,10:00:59,43404.15,300,2890800
20221129,10:01:01,43403.45,400,2890800
20221129,10:01:03,43412.15,525,2890800
20221129,10:01:12,43410.40,25,2890800
20221129,10:01:13,43410.40,25,2890800
20221129,10:01:15,43410.00,350,2890800
20221129,10:01:17,43410.35,25,2890800
20221129,10:01:18,43407.80,125,2890800
20221129,10:01:20,43405.50,75,2890800
20221129,10:01:23,43405.50,25,2890800
20221129,10:01:25,43405.50,150,2890800
20221129,10:01:28,43405.05,25,2890800
20221129,10:01:34,43405.00,50,2890800
20221129,10:01:38,43409.60,275,2890800
20221129,10:01:40,43405.00,50,2890800
20221129,10:01:42,43405.00,25,2890800
20221129,10:01:43,43403.95,125,2890800
20221129,10:01:48,43402.25,25,2890800
20221129,10:01:49,43401.05,100,2890800
20221129,10:01:53,43401.15,50,2890800
20221129,10:01:54,43399.95,575,2890800
20221129,10:02:02,43397.90,25,2890800
20221129,10:02:04,43397.85,100,2890800
20221129,10:02:05,43397.50,25,2890800
20221129,10:02:07,43403.95,600,2890800
20221129,10:02:10,43397.85,25,2890800
20221129,10:02:11,43400.00,25,2890800
20221129,10:02:20,43398.00,225,2890800
20221129,10:02:29,43400.00,100,2890800
20221129,10:02:30,43398.55,25,2890800
20221129,10:02:32,43398.50,25,2893000
20221129,10:02:33,43398.50,25,2893000
20221129,10:02:37,43399.95,100,2893000
20221129,10:02:38,43398.50,50,2893000
20221129,10:02:40,43398.50,50,2893000
20221129,10:02:41,43398.55,325,2893000
20221129,10:02:43,43398.55,50,2893000
20221129,10:02:44,43405.00,200,2893000
20221129,10:02:48,43401.25,25,2893000
20221129,10:02:49,43403.25,25,2893000
20221129,10:02:51,43403.25,75,2893000
20221129,10:02:52,43403.35,50,2893000
20221129,10:02:56,43407.40,50,2893000
20221129,10:03:04,43401.00,100,2893000
20221129,10:03:05,43399.15,100,2893000
20221129,10:03:07,43400.00,25,2893000
20221129,10:03:08,43400.00,100,2893000
20221129,10:03:11,43405.65,75,2893000
20221129,10:03:13,43405.00,75,2893000
20221129,10:03:16,43400.00,25,2893000
20221129,10:03:18,43405.00,25,2893000
20221129,10:03:21,43405.00,25,2893000
20221129,10:03:22,43406.00,75,2893000
20221129,10:03:24,43403.55,50,2893000
20221129,10:03:26,43408.00,50,2893000
20221129,10:03:27,43409.00,125,2893000
20221129,10:03:30,43408.00,25,2893000
20221129,10:03:32,43403.50,25,2893000
20221129,10:03:35,43403.50,50,2893000
20221129,10:03:37,43408.85,75,2893000
20221129,10:03:46,43406.95,25,2893000
20221129,10:03:47,43407.00,50,2893000
20221129,10:03:49,43406.95,25,2893000
20221129,10:03:50,43406.95,25,2893000
20221129,10:03:52,43405.50,100,2893000
20221129,10:03:53,43406.95,25,2893000
20221129,10:03:54,43407.00,75,2893000
20221129,10:03:56,43407.00,25,2893000
20221129,10:04:00,43408.80,150,2893000
20221129,10:04:02,43406.95,150,2893000
20221129,10:04:03,43407.40,50,2893000
20221129,10:04:05,43408.70,50,2893000
20221129,10:04:08,43402.05,50,2893000
20221129,10:04:12,43405.95,125,2893000
20221129,10:04:14,43402.65,450,2893000
20221129,10:04:15,43401.15,100,2893000
20221129,10:04:17,43398.50,25,2893000
20221129,10:04:18,43398.50,75,2893000
20221129,10:04:21,43398.85,50,2893000
20221129,10:04:23,43400.00,25,2893000
20221129,10:04:27,43404.15,75,2893000
20221129,10:04:29,43400.00,25,2893000
20221129,10:04:30,43403.10,25,2893000
20221129,10:04:32,43400.00,50,2893000
20221129,10:04:35,43400.00,175,2893000
20221129,10:04:38,43400.00,25,2893000
20221129,10:04:42,43400.00,100,2893000
20221129,10:04:45,43400.00,25,2893000
20221129,10:04:46,43400.00,25,2893000
20221129,10:04:49,43401.25,25,2893000
20221129,10:04:50,43400.00,25,2893000
20221129,10:04:51,43400.00,50,2893000
20221129,10:04:54,43400.00,25,2893000
20221129,10:04:57,43395.00,1175,2893000
20221129,10:05:00,43395.00,125,2893000
20221129,10:05:03,43395.00,75,2893000
20221129,10:05:05,43393.05,100,2893000
20221129,10:05:08,43395.45,100,2893000
20221129,10:05:09,43399.20,25,2893000
20221129,10:05:11,43396.90,50,2893000
20221129,10:05:13,43396.90,25,2893000
20221129,10:05:19,43396.90,25,2893000
20221129,10:05:23,43393.10,50,2893000
20221129,10:05:25,43393.15,50,2893000
20221129,10:05:28,43393.20,275,2893000
20221129,10:05:30,43398.35,50,2893000
20221129,10:05:33,43393.70,300,2893850
20221129,10:05:35,43398.75,25,2893850
20221129,10:05:36,43394.10,100,2893850
20221129,10:05:41,43393.20,25,2893850
20221129,10:05:44,43395.00,25,2893850
20221129,10:05:46,43393.20,25,2893850
20221129,10:05:51,43392.00,50,2893850
20221129,10:05:52,43392.00,200,2893850
20221129,10:05:55,43397.95,75,2893850
20221129,10:05:57,43392.00,25,2893850
20221129,10:05:58,43396.60,100,2893850
20221129,10:06:00,43396.05,25,2893850
20221129,10:06:03,43391.50,75,2893850
20221129,10:06:06,43391.00,50,2893850
20221129,10:06:08,43390.00,125,2893850
20221129,10:06:09,43390.70,50,2893850
20221129,10:06:11,43387.35,275,2893850
20221129,10:06:13,43388.15,50,2893850
20221129,10:06:14,43388.10,25,2893850
20221129,10:06:21,43388.00,25,2893850
20221129,10:06:22,43388.25,350,2893850
20221129,10:06:24,43387.20,500,2893850
20221129,10:06:25,43390.00,200,2893850
20221129,10:06:27,43393.95,50,2893850
20221129,10:06:29,43392.70,25,2893850
20221129,10:06:30,43390.00,50,2893850
20221129,10:06:38,43393.05,25,2893850
20221129,10:06:40,43392.70,25,2893850
20221129,10:06:43,43390.00,25,2893850
20221129,10:06:46,43395.00,50,2893850
20221129,10:06:49,43392.70,25,2893850
20221129,10:06:51,43396.20,75,2893850
20221129,10:06:52,43395.45,75,2893850
20221129,10:06:54,43396.00,25,2893850
20221129,10:06:57,43398.00,75,2893850
20221129,10:06:59,43398.00,75,2893850
20221129,10:07:00,43398.00,125,2893850
20221129,10:07:02,43397.45,250,2893850
20221129,10:07:04,43396.95,25,2893850
20221129,10:07:05,43396.25,50,2893850
20221129,10:07:07,43400.90,100,2893850
20221129,10:07:08,43402.00,50,2893850
20221129,10:07:13,43402.55,25,2893850
20221129,10:07:15,43403.10,25,2893850
20221129,10:07:16,43402.55,25,2893850
20221129,10:07:18,43399.85,100,2893850
20221129,10:07:29,43402.00,25,2893850
20221129,10:07:30,43403.10,50,2893850
20221129,10:07:35,43403.95,25,2893850
20221129,10:07:37,43403.10,50,2893850
20221129,10:07:38,43404.00,175,2893850
20221129,10:07:42,43404.15,25,2893850
20221129,10:07:43,43405.00,75,2893850
20221129,10:07:45,43405.50,75,2893850
20221129,10:07:46,43406.05,50,2893850
20221129,10:07:48,43409.80,300,2893850
20221129,10:07:50,43403.10,375,2893850
20221129,10:07:51,43405.85,100,2893850
20221129,10:07:53,43405.15,25,2893850
20221129,10:07:55,43405.15,75,2893850
20221129,10:07:59,43400.70,375,2893850
20221129,10:08:01,43400.70,225,2893850
20221129,10:08:04,43399.40,25,2893850
20221129,10:08:09,43401.95,75,2893850
20221129,10:08:12,43400.05,25,2893850
20221129,10:08:25,43405.00,75,2893850
20221129,10:08:30,43404.90,25,2893850
20221129,10:08:31,43410.00,150,2893850
20221129,10:08:35,43410.00,50,2889750
20221129,10:08:36,43405.05,100,2889750
20221129,10:08:39,43408.00,25,2889750
20221129,10:08:41,43410.00,25,2889750
20221129,10:08:46,43405.00,375,2889750
20221129,10:08:47,43410.00,175,2889750
20221129,10:09:00,43409.40,25,2889750
20221129,10:09:01,43405.75,150,2889750
20221129,10:09:03,43409.55,150,2889750
20221129,10:09:05,43405.20,75,2889750
20221129,10:09:06,43403.45,50,2889750
20221129,10:09:08,43402.80,225,2889750
20221129,10:09:09,43402.85,25,2889750
20221129,10:09:12,43405.00,75,2889750
20221129,10:09:14,43405.20,375,2889750
20221129,10:09:15,43409.90,100,2889750
20221129,10:09:18,43409.15,50,2889750
20221129,10:09:20,43406.00,25,2889750
20221129,10:09:22,43404.05,575,2889750
20221129,10:09:23,43404.45,25,2889750
20221129,10:09:25,43403.95,50,2889750
20221129,10:09:26,43404.10,100,2889750
20221129,10:09:29,43405.05,25,2889750
20221129,10:09:31,43409.75,150,2889750
20221129,10:09:32,43409.95,75,2889750
20221129,10:09:34,43410.00,25,2889750
20221129,10:09:35,43406.15,25,2889750
20221129,10:09:37,43405.05,150,2889750
20221129,10:09:38,43410.00,225,2889750
20221129,10:09:40,43406.05,175,2889750
20221129,10:09:41,43410.00,75,2889750
20221129,10:09:43,43410.00,25,2889750
20221129,10:09:45,43405.65,75,2889750
20221129,10:09:46,43405.10,200,2889750
20221129,10:09:48,43405.05,25,2889750
20221129,10:09:49,43409.40,25,2889750
20221129,10:09:51,43405.05,100,2889750
20221129,10:09:53,43405.05,25,2889750
20221129,10:09:59,43405.00,150,2889750
20221129,10:10:01,43405.00,25,2889750
20221129,10:10:02,43408.00,50,2889750
20221129,10:10:06,43408.95,25,2889750
20221129,10:10:14,43409.00,50,2889750
20221129,10:10:20,43406.10,225,2889750
20221129,10:10:22,43408.95,500,2889750
20221129,10:10:25,43410.00,50,2889750
20221129,10:10:36,43409.90,25,2889750
20221129,10:10:39,43406.15,25,2889750
20221129,10:10:41,43409.80,25,2889750
20221129,10:10:44,43409.00,25,2889750
20221129,10:10:45,43405.05,150,2889750
20221129,10:10:47,43409.70,25,2889750
20221129,10:10:50,43410.00,25,2889750
20221129,10:10:51,43412.05,1350,2889750
20221129,10:10:53,43410.40,150,2889750
20221129,10:11:01,43415.65,1275,2889750
20221129,10:11:03,43418.00,75,2889750
20221129,10:11:04,43420.00,675,2889750
20221129,10:11:06,43419.40,1825,2889750
20221129,10:11:07,43422.70,75,2889750
20221129,10:11:09,43420.10,75,2889750
20221129,10:11:10,43422.65,75,2889750
20221129,10:11:12,43425.00,750,2889750
20221129,10:11:14,43436.00,4625,2889750
20221129,10:11:15,43436.70,425,2889750
20221129,10:11:17,43441.30,2450,2889750
20221129,10:11:18,43439.40,275,2889750
20221129,10:11:20,43438.60,175,2889750
20221129,10:11:22,43434.55,150,2889750
20221129,10:11:23,43437.95,75,2889750
20221129,10:11:25,43436.10,150,2889750
20221129,10:11:26,43435.40,100,2889750
20221129,10:11:28,43434.05,75,2889750
20221129,10:11:29,43436.90,575,2889750
20221129,10:11:31,43437.05,125,2889750
20221129,10:11:33,43439.00,200,2889750
20221129,10:11:34,43438.00,125,2893850
20221129,10:11:36,43442.50,525,2893850
20221129,10:11:38,43441.30,400,2893850
20221129,10:11:39,43440.00,100,2893850
20221129,10:11:41,43442.50,175,2893850
20221129,10:11:42,43441.45,225,2893850
20221129,10:11:44,43436.10,25,2893850
20221129,10:11:46,43436.50,350,2893850
20221129,10:11:47,43437.55,75,2893850
20221129,10:11:49,43433.05,250,2893850
20221129,10:11:50,43438.30,100,2893850
20221129,10:11:52,43438.60,25,2893850
20221129,10:11:53,43438.95,150,2893850
20221129,10:11:55,43438.55,50,2893850
20221129,10:11:56,43438.60,400,2893850
20221129,10:11:58,43432.50,200,2893850
20221129,10:11:59,43438.30,75,2893850
20221129,10:12:01,43433.95,175,2893850
20221129,10:12:02,43433.95,275,2893850
20221129,10:12:04,43432.70,50,2893850
20221129,10:12:06,43438.35,175,2893850
20221129,10:12:07,43438.70,50,2893850
20221129,10:12:09,43438.55,300,2893850
20221129,10:12:10,43433.90,150,2893850
20221129,10:12:12,43434.65,50,2893850
20221129,10:12:14,43440.05,175,2893850
20221129,10:12:15,43440.05,25,2893850
20221129,10:12:17,43435.05,250,2893850
20221129,10:12:19,43441.70,100,2893850
20221129,10:12:20,43442.50,150,2893850
20221129,10:12:22,43442.50,100,2893850
20221129,10:12:24,43442.50,975,2893850
20221129,10:12:25,43442.50,300,2893850
20221129,10:12:27,43442.50,100,2893850
20221129,10:12:28,43436.15,75,2893850
20221129,10:12:30,43440.85,150,2893850
20221129,10:12:32,43433.65,150,2893850
20221129,10:12:33,43441.50,375,2893850
20221129,10:12:35,43440.40,75,2893850
20221129,10:12:36,43442.00,100,2893850
20221129,10:12:38,43442.00,75,2893850
20221129,10:12:40,43441.95,50,2893850
20221129,10:12:41,43440.00,75,2893850
20221129,10:12:43,43437.30,150,2893850
20221129,10:12:45,43440.00,100,2893850
20221129,10:12:46,43442.50,200,2893850
20221129,10:12:48,43442.50,250,2893850
20221129,10:12:50,43442.50,175,2893850
20221129,10:12:51,43442.50,25,2893850
20221129,10:12:53,43441.50,50,2893850
20221129,10:12:54,43441.50,150,2893850
20221129,10:12:56,43442.00,25,2893850
20221129,10:12:57,43442.00,250,2893850
20221129,10:12:59,43442.00,700,2893850
20221129,10:13:01,43442.00,75,2893850
20221129,10:13:02,43442.00,275,2893850
20221129,10:13:04,43442.00,250,2893850
20221129,10:13:07,43442.50,25,2893850
20221129,10:13:09,43455.00,11100,2893850
20221129,10:13:10,43455.00,625,2893850
20221129,10:13:12,43455.00,425,2893850
20221129,10:13:14,43456.00,650,2893850
20221129,10:13:15,43458.85,1475,2893850
20221129,10:13:17,43453.85,225,2893850
20221129,10:13:19,43455.00,300,2893850
20221129,10:13:20,43457.95,125,2893850
20221129,10:13:22,43457.00,75,2893850
20221129,10:13:23,43450.55,425,2893850
20221129,10:13:25,43450.05,125,2893850
20221129,10:13:27,43450.05,300,2893850
20221129,10:13:28,43450.00,225,2893850
20221129,10:13:30,43450.00,25,2893850
20221129,10:13:32,43455.15,450,2893850
20221129,10:13:33,43458.85,1000,2893850
20221129,10:13:35,43459.15,200,2893850
20221129,10:13:37,43457.00,100,2893850
20221129,10:13:38,43458.95,275,2893850
20221129,10:13:40,43458.30,25,2893850
20221129,10:13:42,43458.40,400,2893850
20221129,10:13:43,43450.80,750,2893850
20221129,10:13:45,43457.85,75,2893850
20221129,10:13:46,43456.15,800,2893850
20221129,10:13:48,43450.80,50,2893850
20221129,10:13:50,43454.90,75,2893850
20221129,10:13:51,43450.00,25,2893850
20221129,10:13:53,43457.70,550,2893850
20221129,10:13:55,43450.85,50,2893850
20221129,10:13:56,43454.90,150,2893850
20221129,10:13:58,43454.10,25,2893850
20221129,10:14:00,43454.00,100,2893850
20221129,10:14:01,43457.80,450,2893850
20221129,10:14:03,43457.95,625,2893850
20221129,10:14:04,43450.85,175,2893850
20221129,10:14:06,43457.00,125,2893850
20221129,10:14:08,43452.15,125,2893850
20221129,10:14:09,43457.00,200,2893850
20221129,10:14:11,43453.95,50,2893850
20221129,10:14:12,43451.80,50,2893850
20221129,10:14:14,43452.50,75,2893850
20221129,10:14:16,43452.50,25,2893850
20221129,10:14:17,43455.60,25,2893850
20221129,10:14:19,43455.10,525,2893850
20221129,10:14:21,43453.35,225,2893850
20221129,10:14:24,43452.35,125,2893850
20221129,10:14:26,43452.75,75,2893850
20221129,10:14:27,43452.10,50,2893850
20221129,10:14:29,43452.15,25,2893850
20221129,10:14:31,43445.05,1725,2893850
20221129,10:14:32,43449.05,75,2893850
20221129,10:14:34,43445.00,50,2893850
20221129,10:14:36,43443.90,100,2893725
20221129,10:14:37,43449.65,150,2893725
20221129,10:14:39,43443.65,25,2893725
20221129,10:14:41,43445.00,175,2893725
20221129,10:14:42,43443.90,50,2893725
20221129,10:14:44,43448.40,225,2893725
20221129,10:14:46,43441.60,75,2893725
20221129,10:14:49,43446.85,100,2893725
20221129,10:14:51,43442.45,175,2893725
20221129,10:14:52,43443.20,250,2893725
20221129,10:14:54,43450.00,475,2893725
20221129,10:14:56,43452.40,175,2893725
20221129,10:14:57,43450.00,50,2893725
20221129,10:14:59,43454.00,400,2893725
20221129,10:15:01,43454.10,150,2893725
20221129,10:15:02,43455.00,200,2893725
20221129,10:15:04,43459.50,1175,2893725
20221129,10:15:06,43456.15,175,2893725
20221129,10:15:07,43459.15,175,2893725
20221129,10:15:09,43457.40,325,2893725
20221129,10:15:11,43453.05,500,2893725
20221129,10:15:12,43459.95,150,2893725
20221129,10:15:14,43459.50,825,2893725
20221129,10:15:16,43455.80,25,2893725
20221129,10:15:17,43456.10,225,2893725
20221129,10:15:19,43459.80,75,2893725
20221129,10:15:21,43456.35,125,2893725
20221129,10:15:22,43459.90,25,2893725
20221129,10:15:25,43456.05,75,2893725
20221129,10:15:27,43458.35,125,2893725
20221129,10:15:28,43460.00,275,2893725
20221129,10:15:30,43468.10,2925,2893725
20221129,10:15:32,43468.55,300,2893725
20221129,10:15:33,43468.95,50,2893725
20221129,10:15:35,43468.95,50,2893725
20221129,10:15:36,43465.00,150,2893725
20221129,10:15:38,43465.15,25,2893725
20221129,10:15:40,43465.10,200,2893725
20221129,10:15:41,43466.35,150,2893725
20221129,10:15:43,43466.65,550,2893725
20221129,10:15:46,43467.45,50,2893725
20221129,10:15:49,43466.90,475,2893725
20221129,10:15:51,43462.45,75,2893725
20221129,10:15:52,43466.65,100,2893725
20221129,10:15:54,43466.65,100,2893725
20221129,10:15:55,43462.10,100,2893725
20221129,10:15:57,43466.65,325,2893725
20221129,10:15:58,43464.35,125,2893725
20221129,10:16:00,43462.10,225,2893725
20221129,10:16:03,43464.35,25,2893725
20221129,10:16:05,43463.90,225,2893725
20221129,10:16:06,43466.00,100,2893725
20221129,10:16:08,43463.55,1325,2893725
20221129,10:16:09,43462.40,100,2893725
20221129,10:16:11,43455.00,125,2893725
20221129,10:16:12,43459.85,175,2893725
20221129,10:16:14,43460.20,75,2893725
20221129,10:16:15,43460.45,175,2893725
20221129,10:16:17,43460.65,125,2893725
20221129,10:16:19,43460.00,75,2893725
20221129,10:16:20,43453.80,225,2893725
20221129,10:16:23,43455.55,25,2893725
20221129,10:16:25,43459.95,25,2893725
20221129,10:16:26,43460.00,75,2893725
20221129,10:16:28,43455.55,150,2893725
20221129,10:16:29,43459.30,225,2893725
20221129,10:16:31,43457.15,175,2893725
20221129,10:16:32,43456.75,100,2893725
20221129,10:16:34,43453.80,100,2893725
20221129,10:16:36,43459.35,200,2893725
20221129,10:16:37,43457.50,50,2893725
20221129,10:16:41,43457.50,75,2893725
20221129,10:16:42,43461.35,500,2893725
20221129,10:16:44,43459.05,125,2893725
20221129,10:16:46,43457.60,325,2893725
20221129,10:16:47,43457.95,50,2893725
20221129,10:16:49,43455.00,100,2893725
20221129,10:16:51,43457.70,175,2893725
20221129,10:16:52,43457.25,200,2893725
20221129,10:16:54,43459.75,75,2893725
20221129,10:16:56,43455.15,100,2893725
20221129,10:16:57,43455.15,25,2893725
20221129,10:16:59,43457.65,75,2893725
20221129,10:17:00,43457.10,25,2893725
20221129,10:17:02,43457.70,300,2893725
20221129,10:17:03,43459.00,50,2893725
20221129,10:17:05,43459.00,25,2893725
20221129,10:17:07,43457.65,950,2893725
20221129,10:17:08,43457.50,175,2893725
20221129,10:17:10,43456.90,175,2893725
20221129,10:17:12,43453.90,275,2893725
20221129,10:17:13,43453.45,25,2893725
20221129,10:17:15,43455.00,875,2893725
20221129,10:17:16,43454.70,100,2893725
20221129,10:17:18,43454.00,25,2893725
20221129,10:17:20,43455.00,725,2893725
20221129,10:17:23,43454.70,125,2893725
20221129,10:17:24,43445.00,3275,2893725
20221129,10:17:26,43449.50,150,2893725
20221129,10:17:28,43449.45,100,2893725
20221129,10:17:31,43453.95,50,2893725
20221129,10:17:32,43449.50,75,2893725
20221129,10:17:34,43449.45,200,2893725
20221129,10:17:36,43449.45,50,2895425
20221129,10:17:37,43446.90,25,2895425
20221129,10:17:39,43452.95,50,2895425
20221129,10:17:44,43449.65,150,2895425
20221129,10:17:45,43449.55,50,2895425
20221129,10:17:47,43450.00,150,2895425
20221129,10:17:48,43450.00,200,2895425
20221129,10:17:50,43450.00,100,2895425
20221129,10:17:53,43449.45,50,2895425
20221129,10:18:00,43449.95,25,2895425
20221129,10:18:01,43449.45,75,2895425
20221129,10:18:03,43450.00,75,2895425
20221129,10:18:04,43450.15,450,2895425
20221129,10:18:06,43454.70,25,2895425
20221129,10:18:08,43450.95,75,2895425
20221129,10:18:12,43451.10,50,2895425
20221129,10:18:14,43451.10,50,2895425
20221129,10:18:15,43451.10,100,2895425
20221129,10:18:17,43455.00,1525,2895425
20221129,10:18:18,43455.00,225,2895425
20221129,10:18:20,43459.00,125,2895425
20221129,10:18:22,43455.00,750,2895425
20221129,10:18:25,43458.50,25,2895425
20221129,10:18:28,43459.00,100,2895425
20221129,10:18:29,43458.50,75,2895425
20221129,10:18:31,43457.45,50,2895425
20221129,10:18:33,43455.00,325,2895425
20221129,10:18:34,43455.00,150,2895425
20221129,10:18:36,43455.00,25,2895425
20221129,10:18:38,43454.95,25,2895425
20221129,10:18:39,43455.00,75,2895425
20221129,10:18:41,43455.00,50,2895425
20221129,10:18:43,43451.50,25,2895425
20221129,10:18:44,43455.00,50,2895425
20221129,10:18:48,43453.75,25,2895425
20221129,10:18:49,43455.00,25,2895425
20221129,10:18:51,43453.80,25,2895425
20221129,10:18:54,43452.80,50,2895425
20221129,10:18:56,43453.15,125,2895425
20221129,10:18:57,43454.40,50,2895425
20221129,10:18:59,43454.35,125,2895425
20221129,10:19:01,43455.00,100,2895425
20221129,10:19:02,43456.75,75,2895425
20221129,10:19:04,43458.00,150,2895425
20221129,10:19:06,43458.00,75,2895425
20221129,10:19:07,43455.55,75,2895425
20221129,10:19:10,43457.95,50,2895425
20221129,10:19:12,43455.45,200,2895425
20221129,10:19:13,43455.00,25,2895425
20221129,10:19:18,43455.00,25,2895425
20221129,10:19:21,43455.00,25,2895425
20221129,10:19:24,43454.65,25,2895425
20221129,10:19:28,43455.00,25,2895425
20221129,10:19:30,43454.60,125,2895425
20221129,10:19:31,43455.00,150,2895425
20221129,10:19:33,43453.10,50,2895425
20221129,10:19:35,43454.60,175,2895425
20221129,10:19:36,43454.60,25,2895425
20221129,10:19:39,43455.00,50,2895425
20221129,10:19:41,43453.15,150,2895425
20221129,10:19:43,43453.15,25,2895425
20221129,10:19:44,43455.20,625,2895425
20221129,10:19:46,43456.65,25,2895425
20221129,10:19:51,43454.65,100,2895425
20221129,10:19:52,43454.65,500,2895425
20221129,10:19:56,43454.80,50,2895425
20221129,10:19:57,43454.60,25,2895425
20221129,10:19:59,43454.60,25,2895425
20221129,10:20:00,43453.90,75,2895425
20221129,10:20:02,43455.00,50,2895425
20221129,10:20:03,43455.00,100,2895425
20221129,10:20:05,43455.00,50,2895425
20221129,10:20:06,43454.65,125,2895425
20221129,10:20:10,43453.35,50,2895425
20221129,10:20:13,43453.30,25,2895425
20221129,10:20:17,43453.00,50,2895425
20221129,10:20:20,43454.45,100,2895425
20221129,10:20:22,43453.05,25,2895425
20221129,10:20:26,43453.00,50,2895425
20221129,10:20:29,43451.30,75,2895425
20221129,10:20:31,43450.00,75,2895425
20221129,10:20:34,43449.10,100,2895425
20221129,10:20:36,43450.00,125,2895775
20221129,10:20:37,43450.00,25,2895775
20221129,10:20:39,43449.15,75,2895775
20221129,10:20:41,43448.75,475,2895775
20221129,10:20:44,43446.15,50,2895775
20221129,10:20:47,43445.65,350,2895775
20221129,10:20:49,43446.15,25,2895775
20221129,10:20:50,43446.00,25,2895775
20221129,10:20:55,43446.15,700,2895775
20221129,10:20:57,43445.15,50,2895775
20221129,10:20:58,43445.35,100,2895775
20221129,10:21:00,43446.15,425,2895775
20221129,10:21:01,43447.70,275,2895775
20221129,10:21:03,43448.40,50,2895775
20221129,10:21:05,43449.15,25,2895775
20221129,10:21:06,43449.30,50,2895775
20221129,10:21:08,43449.40,100,2895775
20221129,10:21:10,43448.10,25,2895775
20221129,10:21:11,43446.15,75,2895775
20221129,10:21:13,43445.45,50,2895775
20221129,10:21:14,43446.45,25,2895775
20221129,10:21:18,43445.10,100,2895775
20221129,10:21:21,43447.70,25,2895775
20221129,10:21:28,43445.10,1800,2895775
20221129,10:21:30,43448.05,25,2895775
20221129,10:21:31,43449.25,550,2895775
20221129,10:21:33,43448.65,250,2895775
20221129,10:21:35,43448.40,50,2895775
20221129,10:21:36,43445.00,75,2895775
20221129,10:21:39,43446.30,25,2895775
20221129,10:21:44,43445.00,100,2895775
20221129,10:21:45,43445.55,25,2895775
20221129,10:21:49,43446.15,50,2895775
20221129,10:21:50,43446.20,50,2895775
20221129,10:21:52,43447.00,75,2895775
20221129,10:21:55,43445.75,75,2895775
20221129,10:21:56,43445.75,25,2895775
20221129,10:21:58,43445.55,50,2895775
20221129,10:22:00,43446.55,25,2895775
20221129,10:22:01,43445.10,25,2895775
20221129,10:22:03,43445.10,25,2895775
20221129,10:22:06,43442.75,475,2895775
20221129,10:22:08,43445.55,25,2895775
20221129,10:22:09,43447.00,175,2895775
20221129,10:22:12,43447.55,50,2895775
20221129,10:22:14,43443.20,125,2895775
20221129,10:22:17,43444.75,25,2895775
20221129,10:22:20,43445.60,150,2895775
20221129,10:22:23,43447.55,50,2895775
20221129,10:22:25,43447.55,125,2895775
20221129,10:22:27,43447.55,175,2895775
20221129,10:22:28,43445.00,25,2895775
20221129,10:22:30,43446.80,25,2895775
20221129,10:22:32,43445.45,25,2895775
20221129,10:22:35,43447.55,75,2895775
20221129,10:22:36,43447.55,50,2895775
20221129,10:22:38,43447.00,150,2895775
20221129,10:22:39,43447.00,50,2895775
20221129,10:22:41,43447.90,350,2895775
20221129,10:22:42,43447.10,50,2895775
20221129,10:22:44,43447.20,50,2895775
20221129,10:22:45,43447.20,100,2895775
20221129,10:22:47,43447.90,575,2895775
20221129,10:22:48,43447.90,50,2895775
20221129,10:22:50,43447.15,175,2895775
20221129,10:22:52,43448.00,75,2895775
20221129,10:22:53,43447.85,50,2895775
20221129,10:22:55,43448.00,50,2895775
20221129,10:22:56,43448.00,100,2895775
20221129,10:22:58,43448.00,50,2895775
20221129,10:22:59,43448.00,150,2895775
20221129,10:23:01,43445.30,100,2895775
20221129,10:23:04,43448.00,100,2895775
20221129,10:23:06,43446.50,75,2895775
20221129,10:23:07,43448.00,200,2895775
20221129,10:23:10,43448.00,50,2895775
20221129,10:23:12,43448.00,25,2895775
20221129,10:23:15,43448.00,25,2895775
20221129,10:23:16,43448.00,25,2895775
20221129,10:23:18,43447.35,50,2895775
20221129,10:23:23,43447.55,25,2895775
20221129,10:23:26,43445.55,50,2895775
20221129,10:23:29,43447.95,100,2895775
20221129,10:23:32,43447.95,150,2895775
20221129,10:23:34,43447.35,25,2895775
20221129,10:23:37,43447.95,25,2899775
20221129,10:23:38,43447.95,25,2899775
20221129,10:23:40,43448.00,200,2899775
20221129,10:23:41,43448.00,525,2899775
20221129,10:23:43,43448.40,25,2899775
20221129,10:23:45,43448.40,250,2899775
20221129,10:23:46,43448.40,25,2899775
20221129,10:23:48,43448.40,150,2899775
20221129,10:23:49,43448.40,25,2899775
20221129,10:23:51,43448.40,50,2899775
20221129,10:23:53,43448.20,50,2899775
20221129,10:23:54,43448.40,25,2899775
20221129,10:23:56,43448.00,150,2899775
20221129,10:23:57,43448.15,25,2899775
20221129,10:23:59,43448.40,25,2899775
20221129,10:24:01,43448.40,25,2899775
20221129,10:24:02,43448.00,50,2899775
20221129,10:24:05,43448.40,100,2899775
20221129,10:24:07,43448.40,225,2899775
20221129,10:24:09,43448.40,575,2899775
20221129,10:24:10,43448.40,100,2899775
20221129,10:24:12,43450.00,625,2899775
20221129,10:24:13,43453.00,125,2899775
20221129,10:24:15,43454.00,325,2899775
20221129,10:24:17,43455.00,225,2899775
20221129,10:24:18,43456.00,125,2899775
20221129,10:24:20,43456.95,600,2899775
20221129,10:24:22,43456.00,75,2899775
20221129,10:24:23,43456.95,175,2899775
20221129,10:24:25,43454.75,450,2899775
20221129,10:24:27,43455.00,75,2899775
20221129,10:24:28,43453.90,225,2899775
20221129,10:24:32,43456.55,50,2899775
20221129,10:24:35,43456.60,25,2899775
20221129,10:24:36,43455.35,75,2899775
20221129,10:24:38,43455.95,125,2899775
20221129,10:24:40,43454.70,175,2899775
20221129,10:24:41,43453.00,100,2899775
20221129,10:24:44,43451.65,75,2899775
20221129,10:24:48,43453.45,50,2899775
20221129,10:24:49,43458.90,75,2899775
20221129,10:24:51,43456.90,100,2899775
20221129,10:24:53,43457.35,25,2899775
20221129,10:24:54,43460.00,75,2899775
20221129,10:24:56,43459.95,75,2899775
20221129,10:24:57,43460.00,125,2899775
20221129,10:24:59,43460.00,50,2899775
20221129,10:25:01,43462.00,325,2899775
20221129,10:25:02,43462.30,150,2899775
20221129,10:25:04,43465.00,325,2899775
20221129,10:25:05,43464.70,300,2899775
20221129,10:25:07,43463.70,150,2899775
20221129,10:25:09,43460.65,325,2899775
20221129,10:25:10,43460.00,225,2899775
20221129,10:25:12,43460.05,325,2899775
20221129,10:25:14,43459.95,25,2899775
20221129,10:25:15,43458.75,75,2899775
20221129,10:25:17,43460.30,75,2899775
20221129,10:25:20,43460.00,50,2899775
20221129,10:25:22,43459.15,200,2899775
20221129,10:25:23,43459.20,150,2899775
20221129,10:25:25,43460.30,125,2899775
20221129,10:25:30,43460.30,25,2899775
20221129,10:25:31,43460.30,25,2899775
20221129,10:25:33,43460.85,25,2899775
20221129,10:25:34,43460.00,200,2899775
20221129,10:25:36,43458.00,25,2899775
20221129,10:25:39,43455.50,75,2899775
20221129,10:25:41,43456.70,150,2899775
20221129,10:25:42,43457.00,225,2899775
20221129,10:25:44,43456.45,50,2899775
20221129,10:25:49,43456.85,75,2899775
20221129,10:25:51,43455.00,100,2899775
20221129,10:25:52,43455.00,25,2899775
20221129,10:25:55,43452.25,50,2899775
20221129,10:25:57,43452.25,100,2899775
20221129,10:25:59,43452.05,125,2899775
20221129,10:26:02,43454.00,50,2899775
20221129,10:26:04,43455.00,75,2899775
20221129,10:26:05,43455.50,100,2899775
20221129,10:26:07,43457.20,75,2899775
20221129,10:26:09,43457.30,75,2899775
20221129,10:26:10,43457.65,175,2899775
20221129,10:26:13,43457.20,50,2899775
20221129,10:26:15,43459.20,25,2899775
20221129,10:26:18,43458.55,25,2899775
20221129,10:26:20,43458.50,125,2899775
20221129,10:26:23,43457.20,525,2899775
20221129,10:26:25,43459.70,325,2899775
20221129,10:26:26,43459.00,125,2899775
20221129,10:26:29,43461.40,225,2899775
20221129,10:26:31,43462.45,50,2899775
20221129,10:26:33,43461.75,175,2899775
20221129,10:26:34,43460.90,75,2899775
20221129,10:26:37,43461.45,50,2904450
20221129,10:26:39,43461.15,25,2904450
20221129,10:26:40,43460.60,100,2904450
20221129,10:26:44,43460.80,100,2904450
20221129,10:26:46,43459.90,175,2904450
20221129,10:26:47,43460.15,50,2904450
20221129,10:26:54,43460.00,75,2904450
20221129,10:26:55,43460.25,25,2904450
20221129,10:26:57,43462.20,325,2904450
20221129,10:26:59,43461.00,25,2904450
20221129,10:27:02,43463.75,100,2904450
20221129,10:27:03,43462.85,150,2904450
20221129,10:27:05,43463.55,475,2904450
20221129,10:27:07,43461.15,225,2904450
20221129,10:27:08,43458.40,75,2904450
20221129,10:27:10,43460.65,25,2904450
20221129,10:27:11,43459.00,50,2904450
20221129,10:27:14,43460.30,25,2904450
20221129,10:27:16,43461.00,25,2904450
20221129,10:27:18,43460.30,25,2904450
20221129,10:27:19,43461.60,250,2904450
20221129,10:27:21,43461.05,25,2904450
20221129,10:27:24,43462.70,125,2904450
20221129,10:27:25,43462.75,25,2904450
20221129,10:27:27,43462.55,375,2904450
20221129,10:27:30,43462.40,25,2904450
20221129,10:27:32,43463.85,300,2904450
20221129,10:27:33,43463.75,375,2904450
20221129,10:27:35,43463.75,25,2904450
20221129,10:27:37,43464.45,150,2904450
20221129,10:27:38,43463.15,175,2904450
20221129,10:27:40,43462.10,200,2904450
20221129,10:27:45,43462.95,75,2904450
20221129,10:27:47,43463.30,175,2904450
20221129,10:27:48,43461.65,125,2904450
20221129,10:27:50,43461.70,25,2904450
20221129,10:27:53,43463.65,225,2904450
20221129,10:27:54,43463.50,50,2904450
20221129,10:27:56,43462.50,75,2904450
20221129,10:27:57,43462.35,50,2904450
20221129,10:27:59,43460.00,375,2904450
20221129,10:28:01,43459.10,825,2904450
20221129,10:28:02,43459.10,100,2904450
20221129,10:28:04,43459.20,50,2904450
20221129,10:28:06,43459.10,25,2904450
20221129,10:28:07,43459.65,75,2904450
20221129,10:28:09,43459.25,75,2904450
20221129,10:28:11,43459.90,75,2904450
20221129,10:28:12,43459.65,250,2904450
20221129,10:28:14,43459.10,75,2904450
20221129,10:28:15,43459.70,275,2904450
20221129,10:28:17,43459.75,50,2904450
20221129,10:28:19,43458.20,100,2904450
20221129,10:28:20,43458.20,150,2904450
20221129,10:28:22,43458.30,25,2904450
20221129,10:28:23,43458.20,275,2904450
20221129,10:28:25,43458.25,150,2904450
20221129,10:28:28,43456.35,200,2904450
20221129,10:28:31,43458.80,25,2904450
20221129,10:28:33,43459.70,25,2904450
20221129,10:28:34,43459.95,25,2904450
20221129,10:28:36,43460.00,25,2904450
20221129,10:28:37,43461.45,250,2904450
20221129,10:28:39,43458.80,250,2904450
20221129,10:28:40,43459.95,125,2904450
20221129,10:28:42,43458.80,125,2904450
20221129,10:28:43,43457.10,25,2904450
20221129,10:28:46,43458.80,25,2904450
20221129,10:28:48,43459.90,25,2904450
20221129,10:28:51,43460.00,100,2904450
20221129,10:28:53,43459.65,25,2904450
20221129,10:28:58,43458.95,50,2904450
20221129,10:29:00,43460.00,25,2904450
20221129,10:29:01,43459.45,125,2904450
20221129,10:29:03,43462.95,325,2904450
20221129,10:29:05,43460.45,150,2904450
20221129,10:29:06,43460.70,125,2904450
20221129,10:29:08,43459.75,225,2904450
20221129,10:29:09,43461.70,400,2904450
20221129,10:29:11,43461.40,50,2904450
20221129,10:29:12,43460.60,50,2904450
20221129,10:29:14,43460.00,25,2904450
20221129,10:29:17,43461.95,25,2904450
20221129,10:29:26,43461.00,25,2904450
20221129,10:29:27,43462.90,75,2904450
20221129,10:29:29,43463.00,25,2904450
20221129,10:29:30,43463.15,75,2904450
20221129,10:29:33,43464.45,250,2904450
20221129,10:29:38,43464.00,25,2910475
20221129,10:29:39,43464.45,225,2910475
20221129,10:29:41,43465.00,125,2910475
20221129,10:29:43,43465.00,125,2910475
20221129,10:29:44,43465.00,25,2910475
20221129,10:29:51,43467.90,675,2910475
20221129,10:29:53,43466.50,175,2910475
20221129,10:29:56,43467.30,325,2910475
20221129,10:29:58,43467.05,25,2910475
20221129,10:30:01,43468.55,50,2910475
20221129,10:30:02,43466.10,25,2910475
20221129,10:30:04,43472.75,5000,2910475
20221129,10:30:05,43468.45,1050,2910475
20221129,10:30:07,43468.65,850,2910475
20221129,10:30:09,43467.25,300,2910475
20221129,10:30:10,43469.95,775,2910475
20221129,10:30:12,43470.50,550,2910475
20221129,10:30:13,43471.75,400,2910475
20221129,10:30:15,43468.00,125,2910475
20221129,10:30:16,43466.95,25,2910475
20221129,10:30:19,43470.55,475,2910475
20221129,10:30:21,43469.95,75,2910475
20221129,10:30:23,43468.90,75,2910475
20221129,10:30:24,43468.20,100,2910475
20221129,10:30:26,43467.70,150,2910475
20221129,10:30:27,43467.50,225,2910475
20221129,10:30:29,43468.10,25,2910475
20221129,10:30:31,43466.25,275,2910475
20221129,10:30:32,43465.65,250,2910475
20221129,10:30:34,43467.60,100,2910475
20221129,10:30:37,43466.10,75,2910475
20221129,10:30:39,43466.00,100,2910475
20221129,10:30:41,43464.95,275,2910475
20221129,10:30:42,43464.20,25,2910475
20221129,10:30:44,43464.20,75,2910475
20221129,10:30:45,43465.80,75,2910475
20221129,10:30:47,43465.90,625,2910475
20221129,10:30:49,43465.95,300,2910475
20221129,10:30:50,43467.70,100,2910475
20221129,10:30:52,43466.00,525,2910475
20221129,10:30:54,43465.75,50,2910475
20221129,10:30:55,43465.75,275,2910475
20221129,10:30:58,43465.75,125,2910475
20221129,10:31:00,43465.70,25,2910475
20221129,10:31:02,43465.60,1100,2910475
20221129,10:31:03,43466.10,75,2910475
20221129,10:31:05,43468.00,200,2910475
20221129,10:31:06,43468.00,175,2910475
20221129,10:31:08,43469.35,400,2910475
20221129,10:31:10,43469.85,250,2910475
20221129,10:31:11,43469.00,75,2910475
20221129,10:31:13,43469.60,250,2910475
20221129,10:31:15,43468.65,200,2910475
20221129,10:31:16,43468.00,675,2910475
20221129,10:31:18,43466.85,125,2910475
20221129,10:31:19,43466.00,200,2910475
20221129,10:31:21,43466.90,25,2910475
20221129,10:31:23,43467.50,200,2910475
20221129,10:31:24,43467.00,25,2910475
20221129,10:31:26,43467.75,975,2910475
20221129,10:31:28,43463.05,450,2910475
20221129,10:31:29,43467.50,100,2910475
20221129,10:31:31,43468.10,150,2910475
20221129,10:31:32,43461.75,50,2910475
20221129,10:31:34,43461.70,75,2910475
20221129,10:31:36,43464.60,25,2910475
20221129,10:31:37,43461.20,175,2910475
20221129,10:31:39,43460.25,175,2910475
20221129,10:31:41,43460.05,350,2910475
20221129,10:31:42,43460.00,75,2910475
20221129,10:31:44,43455.65,625,2910475
20221129,10:31:45,43460.00,25,2910475
20221129,10:31:47,43460.10,225,2910475
20221129,10:31:49,43460.00,50,2910475
20221129,10:31:50,43460.00,25,2910475
20221129,10:31:52,43459.00,175,2910475
20221129,10:31:54,43461.50,25,2910475
20221129,10:31:55,43459.00,25,2910475
20221129,10:31:57,43455.00,575,2910475
20221129,10:31:59,43454.60,25,2910475
20221129,10:32:02,43454.60,75,2910475
20221129,10:32:04,43452.75,550,2910475
20221129,10:32:05,43453.30,175,2910475
20221129,10:32:07,43454.35,150,2910475
20221129,10:32:08,43453.25,150,2910475
20221129,10:32:10,43456.00,175,2910475
20221129,10:32:12,43453.25,25,2910475
20221129,10:32:13,43456.00,100,2910475
20221129,10:32:18,43454.20,75,2910475
20221129,10:32:20,43460.00,200,2910475
20221129,10:32:21,43460.00,225,2910475
20221129,10:32:23,43455.50,125,2910475
20221129,10:32:26,43460.55,50,2910475
20221129,10:32:30,43458.95,125,2910475
20221129,10:32:31,43454.00,100,2910475
20221129,10:32:34,43454.05,50,2910475
20221129,10:32:38,43455.50,75,2910475
20221129,10:32:39,43457.90,25,2920025
20221129,10:32:41,43455.75,175,2920025
20221129,10:32:43,43455.50,50,2920025
20221129,10:32:44,43457.20,50,2920025
20221129,10:32:46,43463.15,50,2920025
20221129,10:32:48,43460.00,25,2920025
20221129,10:32:57,43460.00,25,2920025
20221129,10:33:00,43462.75,75,2920025
20221129,10:33:02,43460.00,75,2920025
20221129,10:33:04,43460.00,50,2920025
20221129,10:33:05,43457.80,125,2920025
20221129,10:33:07,43461.60,100,2920025
20221129,10:33:09,43460.00,200,2920025
20221129,10:33:12,43460.95,100,2920025
20221129,10:33:14,43459.45,25,2920025
20221129,10:33:15,43458.25,75,2920025
20221129,10:33:17,43460.00,25,2920025
20221129,10:33:20,43461.15,100,2920025
20221129,10:33:22,43461.15,25,2920025
20221129,10:33:23,43461.30,75,2920025
20221129,10:33:30,43460.30,50,2920025
20221129,10:33:31,43460.30,25,2920025
20221129,10:33:33,43461.30,25,2920025
20221129,10:33:35,43462.25,50,2920025
20221129,10:33:36,43460.25,200,2920025
20221129,10:33:38,43460.25,75,2920025
20221129,10:33:40,43458.25,125,2920025
20221129,10:33:41,43460.95,250,2920025
20221129,10:33:43,43460.35,75,2920025
20221129,10:33:49,43455.05,50,2920025
20221129,10:33:51,43455.30,125,2920025
20221129,10:33:53,43455.00,125,2920025
20221129,10:33:54,43457.15,25,2920025
20221129,10:33:58,43457.05,125,2920025
20221129,10:33:59,43457.95,150,2920025
20221129,10:34:01,43458.45,25,2920025
20221129,10:34:03,43457.15,25,2920025
20221129,10:34:06,43458.45,125,2920025
20221129,10:34:09,43458.45,50,2920025
20221129,10:34:11,43458.55,50,2920025
20221129,10:34:12,43458.45,50,2920025
20221129,10:34:14,43458.45,100,2920025
20221129,10:34:16,43459.70,100,2920025
20221129,10:34:17,43458.80,50,2920025
20221129,10:34:19,43460.00,850,2920025
20221129,10:34:21,43458.80,50,2920025
20221129,10:34:22,43460.00,150,2920025
20221129,10:34:24,43458.45,100,2920025
20221129,10:34:26,43460.00,100,2920025
20221129,10:34:27,43460.00,225,2920025
20221129,10:34:29,43460.00,1400,2920025
20221129,10:34:32,43458.85,50,2920025
20221129,10:34:34,43460.00,950,2920025
20221129,10:34:38,43458.80,50,2920025
20221129,10:34:41,43461.00,900,2920025
20221129,10:34:46,43461.00,25,2920025
20221129,10:34:48,43460.85,25,2920025
20221129,10:34:50,43459.55,625,2920025
20221129,10:34:51,43460.10,400,2920025
20221129,10:34:54,43465.00,825,2920025
20221129,10:34:56,43463.80,175,2920025
20221129,10:34:59,43464.05,100,2920025
20221129,10:35:02,43465.00,100,2920025
20221129,10:35:05,43462.70,150,2920025
20221129,10:35:07,43464.95,125,2920025
20221129,10:35:09,43464.00,225,2920025
20221129,10:35:10,43461.95,125,2920025
20221129,10:35:12,43463.25,500,2920025
20221129,10:35:15,43460.00,75,2920025
20221129,10:35:17,43460.10,100,2920025
20221129,10:35:18,43458.00,25,2920025
20221129,10:35:20,43457.65,300,2920025
20221129,10:35:21,43458.00,25,2920025
20221129,10:35:23,43458.00,25,2920025
20221129,10:35:24,43458.00,25,2920025
20221129,10:35:26,43457.05,100,2920025
20221129,10:35:31,43458.00,50,2920025
20221129,10:35:34,43456.15,50,2920025
20221129,10:35:37,43458.00,100,2920025
20221129,10:35:41,43455.80,25,2923250
