20221129,09:15:07,43501.95,1,284925
20221129,09:15:07,43501.95,25,284925
20221129,09:15:10,43534.20,25,284925
20221129,09:15:11,43542.20,100,284925
20221129,09:15:14,43550.00,50,284925
20221129,09:15:16,43560.00,25,284925
20221129,09:15:24,43560.00,25,284925
20221129,09:15:25,43560.00,25,284925
20221129,09:15:27,43560.00,25,284925
20221129,09:15:31,43570.00,50,284925
20221129,09:15:36,43570.00,25,284925
20221129,09:15:41,43570.00,25,284925
20221129,09:15:42,43563.70,900,284925
20221129,09:15:44,43565.30,100,284925
20221129,09:15:52,43584.95,25,284925
20221129,09:15:54,43584.95,25,284925
20221129,09:16:05,43585.20,25,284925
20221129,09:16:11,43586.35,25,284925
20221129,09:16:19,43592.00,50,284925
20221129,09:16:21,43599.75,25,284925
20221129,09:16:22,43599.75,25,284925
20221129,09:16:24,43597.00,25,284925
20221129,09:16:33,43600.00,125,284925
20221129,09:16:43,43600.00,25,284925
20221129,09:16:46,43600.00,25,284925
20221129,09:16:49,43600.00,50,284925
20221129,09:16:51,43594.10,25,284925
20221129,09:16:57,43592.30,25,284925
20221129,09:16:59,43591.05,25,284925
20221129,09:17:02,43588.25,400,284925
20221129,09:17:05,43588.60,175,284925
20221129,09:17:06,43592.85,25,284925
20221129,09:17:11,43595.00,125,284925
20221129,09:17:19,43593.65,25,284475
20221129,09:17:24,43588.35,50,284475
20221129,09:17:38,43574.25,25,284475
20221129,09:17:40,43581.25,25,284475
20221129,09:17:59,43578.95,25,284475
20221129,09:18:07,43579.20,25,284475
20221129,09:18:08,43578.95,25,284475
20221129,09:18:12,43580.00,75,284475
20221129,09:18:13,43582.00,25,284475
20221129,09:18:16,43585.20,25,284475
20221129,09:18:20,43585.30,25,284475
20221129,09:18:23,43594.35,500,284475
20221129,09:18:32,43588.05,25,284475
20221129,09:18:36,43597.00,25,284475
20221129,09:18:42,43595.95,25,284475
20221129,09:18:45,43598.95,50,284475
20221129,09:18:55,43597.85,100,284475
20221129,09:18:59,43600.00,200,284475
20221129,09:19:03,43595.10,25,284475
20221129,09:19:09,43606.75,50,284475
20221129,09:19:17,43606.75,25,284475
20221129,09:19:29,43594.35,25,284475
20221129,09:19:39,43599.25,25,284475
20221129,09:19:42,43597.10,75,284475
20221129,09:19:45,43605.00,25,284475
20221129,09:19:47,43613.00,100,284475
20221129,09:19:50,43613.00,25,284475
20221129,09:19:55,43612.05,25,284475
20221129,09:20:01,43615.90,25,284475
20221129,09:20:06,43615.90,25,284475
20221129,09:20:12,43616.60,25,284475
20221129,09:20:14,43620.00,75,284475
20221129,09:20:18,43621.95,25,284525
20221129,09:20:20,43621.95,75,284525
20221129,09:20:21,43620.95,50,284525
20221129,09:20:23,43615.05,25,284525
20221129,09:20:31,43614.70,50,284525
20221129,09:20:32,43618.95,25,284525
20221129,09:20:39,43613.95,100,284525
20221129,09:20:55,43618.00,50,284525
20221129,09:21:04,43620.00,50,284525
20221129,09:21:11,43625.00,75,284525
20221129,09:21:12,43625.00,100,284525
20221129,09:21:16,43631.00,50,284525
20221129,09:21:17,43635.00,25,284525
20221129,09:21:22,43635.00,25,284525
20221129,09:21:29,43635.00,25,284525
20221129,09:21:41,43625.80,100,284525
20221129,09:21:49,43623.00,100,284525
20221129,09:21:54,43620.00,50,284525
20221129,09:22:04,43615.00,50,284525
20221129,09:22:05,43608.95,25,284525
20221129,09:22:23,43608.50,25,284525
20221129,09:22:30,43615.00,25,284525
20221129,09:22:38,43617.30,75,284525
20221129,09:23:03,43627.00,150,284525
20221129,09:23:05,43627.00,400,284525
20221129,09:23:06,43625.00,75,284525
20221129,09:23:08,43629.00,25,284525
20221129,09:23:34,43623.00,100,284475
20221129,09:23:44,43627.70,25,284475
20221129,09:23:57,43633.95,25,284475
20221129,09:24:07,43633.85,25,284475
20221129,09:24:17,43634.00,25,284475
20221129,09:24:27,43630.00,50,284475
20221129,09:24:35,43618.95,25,284475
20221129,09:24:40,43632.95,25,284475
20221129,09:24:48,43630.00,25,284475
20221129,09:24:55,43630.00,150,284475
20221129,09:25:03,43630.00,25,284475
20221129,09:25:05,43630.00,50,284475
20221129,09:25:08,43633.95,25,284475
20221129,09:25:30,43630.00,25,284475
20221129,09:25:36,43630.00,25,284475
20221129,09:25:41,43627.25,25,284475
20221129,09:25:59,43635.00,125,284475
20221129,09:26:01,43638.95,75,284475
20221129,09:26:04,43640.00,275,284475
20221129,09:26:10,43640.00,125,284475
20221129,09:26:15,43640.00,25,284475
20221129,09:26:23,43632.95,25,284450
20221129,09:26:45,43627.55,25,284450
20221129,09:26:54,43634.80,25,284450
20221129,09:27:13,43637.25,25,284450
20221129,09:27:18,43632.10,25,284450
20221129,09:27:21,43637.00,50,284450
20221129,09:27:24,43634.50,100,284450
20221129,09:27:27,43640.50,200,284450
20221129,09:27:37,43641.45,25,284450
20221129,09:27:42,43647.95,100,284450
20221129,09:27:46,43647.95,25,284450
20221129,09:27:54,43648.00,25,284450
20221129,09:27:56,43649.00,25,284450
20221129,09:28:10,43649.00,25,284450
20221129,09:28:25,43649.00,25,284450
20221129,09:28:28,43649.00,25,284450
20221129,09:28:32,43649.00,75,284450
20221129,09:28:34,43660.00,1050,284450
20221129,09:28:40,43652.55,100,284450
20221129,09:29:02,43657.55,100,284450
20221129,09:29:05,43652.55,25,284450
20221129,09:29:08,43650.00,25,284450
20221129,09:29:20,43648.15,25,284450
20221129,09:29:25,43644.25,50,284775
20221129,09:29:36,43654.20,25,284775
20221129,09:29:44,43648.95,25,284775
20221129,09:29:48,43646.95,25,284775
20221129,09:30:04,43655.00,125,284775
20221129,09:30:06,43660.00,400,284775
20221129,09:30:07,43660.00,75,284775
20221129,09:30:11,43660.00,25,284775
20221129,09:30:14,43660.00,25,284775
20221129,09:30:17,43660.60,250,284775
20221129,09:30:20,43660.60,25,284775
20221129,09:30:29,43654.20,50,284775
20221129,09:30:39,43648.30,25,284775
20221129,09:30:49,43641.05,125,284775
20221129,09:30:52,43640.00,50,284775
20221129,09:31:00,43648.25,225,284775
20221129,09:31:25,43656.95,25,284775
20221129,09:31:33,43656.15,25,284775
20221129,09:31:41,43646.65,25,284775
20221129,09:31:46,43642.30,200,284775
20221129,09:32:12,43649.95,25,284775
20221129,09:32:19,43650.00,125,284400
20221129,09:32:21,43646.40,50,284400
20221129,09:32:29,43655.00,25,284400
20221129,09:32:30,43652.10,25,284400
20221129,09:32:45,43658.10,25,284400
20221129,09:32:47,43662.55,125,284400
20221129,09:32:58,43666.00,25,284400
20221129,09:33:00,43666.00,25,284400
20221129,09:33:05,43666.00,25,284400
20221129,09:33:13,43662.95,25,284400
20221129,09:33:35,43657.35,25,284400
20221129,09:33:37,43657.35,25,284400
20221129,09:33:49,43657.30,25,284400
20221129,09:34:01,43657.30,125,284400
20221129,09:34:08,43662.95,25,284400
20221129,09:34:09,43665.00,75,284400
20221129,09:34:17,43656.05,25,284400
20221129,09:34:19,43656.95,25,284400
20221129,09:34:35,43658.00,100,284400
20221129,09:34:53,43653.60,50,284400
20221129,09:34:55,43663.50,275,284400
20221129,09:34:56,43668.70,75,284400
20221129,09:35:00,43668.70,25,284400
20221129,09:35:10,43654.30,25,284400
20221129,09:35:11,43664.55,25,284400
20221129,09:35:16,43662.05,50,284400
20221129,09:35:58,43662.05,25,284825
20221129,09:36:06,43660.00,50,284825
20221129,09:36:10,43662.05,75,284825
20221129,09:36:18,43679.00,100,284825
20221129,09:36:20,43679.00,25,284825
20221129,09:36:21,43674.00,25,284825
20221129,09:36:41,43681.00,100,284825
20221129,09:36:46,43681.00,250,284825
20221129,09:37:17,43672.85,25,284825
20221129,09:37:31,43660.10,25,284825
20221129,09:37:52,43672.60,25,284825
20221129,09:37:54,43674.75,125,284825
20221129,09:38:05,43661.05,25,284825
20221129,09:38:13,43662.40,50,284825
20221129,09:38:16,43661.15,25,284825
20221129,09:38:59,43676.80,50,284550
20221129,09:39:18,43666.40,25,284550
20221129,09:39:27,43665.30,25,284550
20221129,09:39:30,43666.40,25,284550
20221129,09:39:53,43670.00,75,284550
20221129,09:40:07,43667.00,50,284550
20221129,09:40:27,43669.00,25,284550
20221129,09:40:41,43667.40,25,284550
20221129,09:40:55,43667.40,25,284550
20221129,09:41:07,43665.90,25,284550
20221129,09:41:30,43667.75,50,284550
20221129,09:41:35,43670.00,25,284550
20221129,09:41:53,43670.00,25,284550
20221129,09:42:14,43665.00,25,284550
20221129,09:42:32,43662.50,25,284550
20221129,09:43:46,43662.50,100,284550
20221129,09:44:03,43662.00,25,284550
20221129,09:44:04,43665.00,25,284550
20221129,09:44:40,43664.30,25,284625
20221129,09:44:57,43671.95,75,284625
20221129,09:45:14,43666.55,25,284625
20221129,09:45:32,43660.00,25,284625
20221129,09:45:38,43644.75,75,284625
20221129,09:45:43,43645.90,25,284625
20221129,09:46:08,43653.85,25,284625
20221129,09:46:09,43661.95,50,284625
20221129,09:46:24,43655.95,25,284625
20221129,09:46:42,43648.10,25,284625
20221129,09:47:08,43654.00,75,284625
20221129,09:47:31,43645.00,100,284775
20221129,09:47:39,43641.10,25,284775
20221129,09:47:40,43650.95,50,284775
20221129,09:48:08,43640.35,25,284775
20221129,09:48:46,43640.00,25,284775
20221129,09:48:51,43640.35,25,284775
20221129,09:48:52,43640.35,25,284775
20221129,09:49:04,43640.65,25,284775
20221129,09:49:47,43639.35,25,284775
20221129,09:49:52,43641.05,25,284775
20221129,09:50:30,43635.50,25,284925
20221129,09:51:16,43647.15,225,284925
20221129,09:51:40,43647.35,25,284925
20221129,09:52:04,43654.85,25,284925
20221129,09:52:41,43661.25,25,284925
20221129,09:52:43,43661.95,25,284925
20221129,09:52:46,43661.95,25,284925
20221129,09:52:47,43667.00,50,284925
20221129,09:53:14,43659.00,200,284925
20221129,09:53:16,43665.75,25,284925
20221129,09:53:19,43658.30,25,284925
20221129,09:53:34,43664.70,25,285400
20221129,09:54:32,43655.05,25,285400
20221129,09:55:03,43655.05,25,285400
20221129,09:55:05,43655.00,25,285400
20221129,09:55:21,43653.00,25,285400
20221129,09:55:29,43653.00,75,285400
20221129,09:55:34,43653.00,25,285400
20221129,09:55:37,43653.00,25,285400
20221129,09:55:40,43660.00,400,285400
20221129,09:55:44,43655.80,25,285400
20221129,09:55:47,43653.35,75,285400
20221129,09:55:48,43655.30,25,285400
20221129,09:56:54,43662.30,25,285375
20221129,09:57:04,43664.65,25,285375
20221129,09:58:11,43664.60,50,285375
20221129,09:59:32,43655.75,25,285375
20221129,10:00:07,43664.70,50,285375
20221129,10:00:24,43663.00,50,285375
20221129,10:01:20,43658.00,25,285375
20221129,10:03:16,43655.00,25,285450
20221129,10:03:20,43650.05,25,285450
20221129,10:03:31,43651.15,25,285450
20221129,10:03:47,43651.05,50,285450
20221129,10:03:55,43652.85,25,285450
20221129,10:04:56,43650.00,50,285450
20221129,10:05:11,43644.40,25,285450
20221129,10:05:18,43644.25,25,285450
20221129,10:06:58,43646.00,50,285500
20221129,10:06:59,43650.00,50,285500
20221129,10:07:47,43653.75,100,285500
20221129,10:08:01,43652.00,25,285500
20221129,10:08:57,43653.00,25,285650
20221129,10:09:53,43662.00,25,285650
20221129,10:09:58,43662.95,25,285650
20221129,10:10:35,43655.50,50,285650
20221129,10:10:57,43663.00,25,285650
20221129,10:11:01,43663.00,800,285650
20221129,10:11:06,43670.00,125,285650
20221129,10:11:08,43670.00,100,285650
20221129,10:11:09,43670.00,25,285650
20221129,10:11:13,43685.00,200,285650
20221129,10:11:14,43689.95,25,285650
20221129,10:11:38,43690.00,25,286475
20221129,10:12:14,43690.00,25,286475
20221129,10:12:19,43691.00,25,286475
20221129,10:12:21,43691.00,25,286475
20221129,10:12:22,43691.00,25,286475
20221129,10:12:25,43691.00,25,286475
20221129,10:12:27,43693.95,50,286475
20221129,10:12:30,43693.95,25,286475
20221129,10:12:35,43691.00,25,286475
20221129,10:12:43,43690.00,25,286475
20221129,10:12:59,43690.00,50,286475
20221129,10:13:09,43700.00,750,286475
20221129,10:13:11,43701.20,25,286475
20221129,10:13:17,43701.20,25,286475
20221129,10:13:29,43697.50,25,286475
20221129,10:13:55,43701.00,25,286475
20221129,10:14:24,43699.55,200,286475
20221129,10:15:08,43703.65,25,286950
20221129,10:15:27,43710.00,25,286950
20221129,10:15:30,43718.95,25,286950
20221129,10:16:11,43718.95,25,286950
20221129,10:16:13,43702.10,75,286950
20221129,10:16:22,43704.05,25,286950
20221129,10:16:51,43705.05,75,286950
20221129,10:16:59,43705.05,125,286950
20221129,10:17:01,43705.05,25,286950
20221129,10:17:02,43705.05,25,286950
20221129,10:18:20,43706.00,50,286950
20221129,10:18:24,43706.00,25,286950
20221129,10:18:40,43706.00,25,286950
20221129,10:18:45,43708.95,100,286950
20221129,10:18:51,43701.50,25,286950
20221129,10:19:01,43708.90,25,286950
20221129,10:19:42,43705.85,50,286950
20221129,10:20:43,43694.05,50,286975
20221129,10:21:10,43695.40,25,286975
20221129,10:23:17,43700.00,25,286975
20221129,10:23:52,43693.05,25,286975
20221129,10:24:00,43700.00,300,286975
20221129,10:24:01,43700.00,100,286975
20221129,10:24:17,43702.95,25,286975
20221129,10:24:25,43700.00,25,286975
20221129,10:24:40,43702.95,25,286975
20221129,10:24:56,43706.00,50,286975
20221129,10:25:01,43707.00,25,286975
20221129,10:25:04,43708.00,25,286975
20221129,10:25:06,43710.00,25,286975
20221129,10:25:14,43710.00,25,286975
20221129,10:25:22,43710.00,50,286975
20221129,10:25:27,43710.00,50,286975
20221129,10:25:31,43705.05,25,286975
20221129,10:25:47,43709.30,25,286975
20221129,10:26:22,43705.00,25,286975
20221129,10:26:30,43709.00,75,286975
20221129,10:27:21,43709.00,25,287125
20221129,10:27:32,43709.00,50,287125
20221129,10:27:35,43709.00,25,287125
20221129,10:27:53,43706.45,50,287125
20221129,10:28:50,43705.00,25,287125
20221129,10:29:02,43710.00,75,287125
20221129,10:29:43,43710.00,50,287175
20221129,10:29:45,43712.00,25,287175
20221129,10:29:51,43712.00,25,287175
20221129,10:30:04,43715.00,50,287175
20221129,10:30:10,43712.05,25,287175
20221129,10:30:15,43711.25,50,287175
20221129,10:30:26,43718.15,25,287175
20221129,10:30:31,43716.50,100,287175
20221129,10:30:44,43715.55,25,287175
20221129,10:31:25,43715.55,100,287175
20221129,10:31:31,43716.00,100,287175
20221129,10:33:01,43709.00,25,287325
20221129,10:33:33,43710.95,100,287325
20221129,10:34:14,43704.85,25,287325
20221129,10:34:47,43708.00,25,287325
20221129,10:35:49,43707.15,25,287325
20221129,10:36:32,43702.00,25,287325
20221129,10:36:51,43707.00,25,287325
20221129,10:36:59,43701.00,100,287325
20221129,10:37:09,43700.00,100,287325
20221129,10:38:20,43700.00,100,287325
20221129,10:39:06,43691.25,25,287500
20221129,10:39:25,43693.55,25,287500
20221129,10:39:39,43698.00,50,287500
20221129,10:40:37,43702.00,25,287500
20221129,10:40:46,43708.00,25,287500
20221129,10:40:50,43708.00,25,287500
20221129,10:41:51,43703.95,350,287550
20221129,10:41:56,43695.30,25,287550
20221129,10:42:48,43696.25,75,287550
20221129,10:43:19,43700.95,25,287550
20221129,10:43:34,43691.35,25,287550
20221129,10:44:12,43691.00,25,287550
20221129,10:44:46,43690.00,125,287850
20221129,10:44:51,43687.05,25,287850
20221129,10:45:57,43699.00,25,287850
20221129,10:46:29,43694.90,25,287850
20221129,10:46:38,43698.00,25,287850
20221129,10:46:57,43698.00,25,287850
20221129,10:47:00,43699.00,125,287850
20221129,10:47:01,43699.00,25,287850
20221129,10:47:03,43699.00,50,287850
20221129,10:47:06,43695.50,50,287850
20221129,10:47:29,43699.95,50,287850
20221129,10:48:07,43696.05,75,288000
20221129,10:48:50,43690.00,25,288000
20221129,10:48:54,43693.95,75,288000
20221129,10:49:11,43690.30,75,288000
20221129,10:49:33,43698.95,50,288000
20221129,10:50:21,43700.00,25,288000
20221129,10:50:24,43700.00,25,288000
20221129,10:50:41,43697.00,25,288100
20221129,10:52:43,43688.00,25,288100
20221129,10:53:14,43688.00,25,288100
20221129,10:53:29,43689.00,75,288100
20221129,10:53:50,43682.10,100,288050
20221129,10:55:27,43688.00,25,288050
20221129,10:55:56,43688.00,25,288050
20221129,10:56:31,43689.00,25,288050
20221129,10:56:42,43689.00,25,288025
20221129,10:57:58,43696.00,50,288025
20221129,11:00:12,43697.00,75,288000
20221129,11:00:30,43699.95,25,288000
20221129,11:01:42,43697.95,50,288000
20221129,11:01:43,43698.35,50,288000
20221129,11:01:49,43699.00,25,288000
20221129,11:01:59,43694.00,25,288000
20221129,11:02:26,43699.70,25,288000
20221129,11:02:27,43700.00,50,288000
20221129,11:02:53,43698.35,25,288050
20221129,11:03:05,43702.75,25,288050
20221129,11:03:15,43710.00,25,288050
20221129,11:03:18,43710.00,25,288050
20221129,11:03:21,43710.00,175,288050
20221129,11:03:22,43710.00,25,288050
20221129,11:04:12,43710.00,25,288050
20221129,11:04:20,43714.40,25,288050
20221129,11:04:35,43714.00,25,288050
20221129,11:04:41,43724.00,1175,288050
20221129,11:04:51,43725.00,25,288050
20221129,11:05:05,43725.00,100,288050
20221129,11:05:07,43724.95,75,288050
20221129,11:05:08,43725.00,100,288050
20221129,11:05:11,43716.40,25,288050
20221129,11:06:08,43726.00,75,288000
20221129,11:06:29,43726.00,75,288000
20221129,11:06:40,43730.00,75,288000
20221129,11:06:42,43730.00,50,288000
20221129,11:06:47,43730.00,50,288000
20221129,11:06:59,43730.00,25,288000
20221129,11:07:08,43737.55,25,288000
20221129,11:07:47,43737.55,25,288000
20221129,11:07:57,43737.95,25,288000
20221129,11:08:08,43737.95,25,288000
20221129,11:08:32,43731.05,25,288000
20221129,11:08:38,43730.00,25,287900
20221129,11:09:15,43726.00,25,287900
20221129,11:09:29,43730.00,25,287900
20221129,11:09:40,43730.00,25,287900
20221129,11:10:04,43730.00,25,287900
20221129,11:10:10,43729.75,50,287900
20221129,11:10:25,43730.00,75,287900
20221129,11:10:27,43730.45,75,287900
20221129,11:10:35,43725.05,25,287900
20221129,11:11:28,43726.55,25,287900
20221129,11:12:04,43730.00,25,287900
20221129,11:12:11,43735.95,50,287900
20221129,11:12:31,43732.45,25,287900
20221129,11:13:35,43727.00,100,287900
20221129,11:14:23,43725.00,50,287900
20221129,11:15:10,43718.40,25,288075
20221129,11:15:13,43718.00,25,288075
20221129,11:15:22,43718.00,25,288075
20221129,11:15:51,43716.95,25,288075
20221129,11:16:27,43718.00,25,288075
20221129,11:16:54,43717.05,25,288075
20221129,11:17:33,43717.05,25,288075
20221129,11:17:43,43717.15,25,288000
20221129,11:17:55,43724.95,100,288000
20221129,11:18:44,43717.00,100,288000
20221129,11:19:44,43717.60,25,288000
20221129,11:20:01,43718.00,50,288000
20221129,11:20:48,43718.00,25,288075
20221129,11:20:59,43719.00,25,288075
20221129,11:22:13,43715.00,50,288075
20221129,11:22:17,43715.00,25,288075
20221129,11:23:02,43700.00,75,288075
20221129,11:23:20,43690.25,25,288075
20221129,11:23:42,43699.00,150,287925
20221129,11:23:50,43700.00,25,287925
20221129,11:23:54,43692.65,25,287925
20221129,11:24:45,43700.00,25,287925
20221129,11:24:49,43696.80,50,287925
20221129,11:25:08,43696.00,25,287925
20221129,11:25:10,43696.00,25,287925
20221129,11:25:46,43690.20,25,287925
20221129,11:25:59,43691.50,75,287925
20221129,11:26:34,43690.10,100,287925
20221129,11:26:35,43690.05,25,287925
20221129,11:27:26,43690.00,50,287800
20221129,11:27:49,43689.10,175,287800
20221129,11:28:18,43680.00,50,287800
20221129,11:28:23,43680.00,25,287800
20221129,11:28:27,43682.00,25,287800
20221129,11:28:46,43675.00,125,287800
20221129,11:28:48,43675.00,50,287800
20221129,11:28:57,43667.45,150,287800
20221129,11:29:11,43680.80,25,287800
20221129,11:29:25,43684.95,25,287800
20221129,11:29:51,43677.10,25,288000
20221129,11:31:14,43684.90,25,288000
20221129,11:32:21,43675.00,25,288000
20221129,11:32:45,43673.45,25,288025
20221129,11:34:56,43669.05,25,288025
20221129,11:35:02,43677.10,25,288025
20221129,11:35:07,43668.05,50,288025
20221129,11:35:27,43671.50,50,288025
20221129,11:35:32,43677.00,175,288025
20221129,11:35:33,43677.00,150,288025
20221129,11:35:38,43684.70,25,288025
20221129,11:35:48,43684.65,25,287800
20221129,11:36:27,43683.45,50,287800
20221129,11:37:55,43684.00,50,287800
20221129,11:38:21,43693.05,25,287800
20221129,11:38:28,43684.40,275,287800
20221129,11:38:39,43686.40,25,287800
20221129,11:39:21,43698.95,25,287675
20221129,11:39:37,43696.70,75,287675
20221129,11:39:54,43687.05,25,287675
20221129,11:40:01,43687.00,75,287675
20221129,11:40:27,43673.05,25,287675
20221129,11:41:20,43680.80,25,287675
20221129,11:41:25,43685.60,25,287675
20221129,11:41:46,43677.35,25,287675
20221129,11:43:16,43679.50,75,287725
20221129,11:43:32,43679.85,25,287725
20221129,11:46:33,43670.00,25,287650
20221129,11:46:37,43666.55,50,287650
20221129,11:48:13,43666.00,25,287600
20221129,11:48:29,43666.00,25,287600
20221129,11:49:05,43664.90,75,287600
20221129,11:49:16,43663.60,25,287600
20221129,11:49:18,43663.60,25,287600
20221129,11:49:33,43655.30,25,287600
20221129,11:49:44,43654.00,50,287600
20221129,11:49:52,43660.00,150,287600
20221129,11:49:54,43660.00,25,287600
20221129,11:50:57,43652.00,25,287700
20221129,11:51:02,43651.00,25,287700
20221129,11:51:04,43650.00,475,287700
20221129,11:51:14,43649.85,25,287700
20221129,11:51:34,43653.75,50,287700
20221129,11:52:00,43650.00,25,287700
20221129,11:52:03,43640.00,50,287700
20221129,11:52:07,43644.30,275,287700
20221129,11:52:08,43644.30,100,287700
20221129,11:52:16,43640.00,50,287700
20221129,11:52:19,43643.75,100,287700
20221129,11:53:01,43640.00,50,287700
20221129,11:53:03,43643.75,25,287700
20221129,11:53:06,43640.00,75,287700
20221129,11:53:11,43640.00,25,287700
20221129,11:53:29,43637.30,25,287700
20221129,11:53:32,43640.00,25,287700
20221129,11:54:01,43640.00,25,288175
20221129,11:54:07,43640.00,25,288175
20221129,11:55:01,43640.00,75,288175
20221129,11:55:08,43630.00,125,288175
20221129,11:55:21,43629.05,25,288175
20221129,11:55:24,43630.00,25,288175
20221129,11:55:28,43635.00,25,288175
20221129,11:55:42,43634.15,75,288175
20221129,11:55:48,43644.35,25,288175
20221129,11:56:37,43642.45,25,288175
20221129,11:58:00,43642.45,25,288200
20221129,11:58:16,43642.00,25,288200
20221129,11:58:53,43650.95,25,288200
20221129,11:59:26,43639.35,25,288200
20221129,11:59:28,43637.00,50,288200
20221129,11:59:43,43637.05,75,288200
20221129,12:01:09,43639.40,100,288100
20221129,12:02:05,43640.00,25,288100
20221129,12:02:54,43637.00,25,288075
20221129,12:02:59,43640.00,25,288075
20221129,12:03:02,43637.00,25,288075
20221129,12:03:28,43639.35,25,288075
20221129,12:03:35,43639.35,475,288075
20221129,12:03:48,43639.35,150,288075
20221129,12:03:53,43639.35,100,288075
20221129,12:04:03,43655.90,25,288075
20221129,12:04:04,43655.90,25,288075
20221129,12:04:43,43659.40,25,288075
20221129,12:05:03,43659.40,25,288075
20221129,12:05:40,43665.00,100,288075
20221129,12:07:01,43674.05,25,288075
20221129,12:07:41,43673.00,25,287550
20221129,12:08:13,43670.00,25,287550
20221129,12:09:21,43673.90,50,287550
20221129,12:09:42,43675.20,50,287500
20221129,12:09:56,43673.35,25,287500
20221129,12:10:40,43674.90,50,287500
20221129,12:11:10,43674.95,25,287500
20221129,12:12:52,43675.00,150,287650
20221129,12:12:53,43680.00,50,287650
20221129,12:12:59,43673.65,25,287650
20221129,12:13:43,43680.00,25,287650
20221129,12:14:03,43680.00,25,287650
20221129,12:14:25,43683.20,25,287650
20221129,12:14:34,43684.95,250,287650
20221129,12:14:42,43685.00,25,287650
20221129,12:14:57,43681.70,100,287325
20221129,12:15:26,43680.00,25,287325
20221129,12:15:57,43684.35,25,287325
20221129,12:16:03,43685.35,50,287325
20221129,12:16:05,43685.45,25,287325
20221129,12:16:08,43682.65,25,287325
20221129,12:16:12,43680.05,25,287325
20221129,12:16:22,43663.05,75,287325
20221129,12:16:48,43676.35,50,287325
20221129,12:17:21,43662.05,25,287325
20221129,12:18:06,43665.00,25,287275
20221129,12:19:32,43665.15,25,287275
20221129,12:21:46,43673.20,25,287275
20221129,12:21:58,43665.90,25,287225
20221129,12:23:05,43665.00,25,287225
20221129,12:23:39,43660.00,25,287225
20221129,12:23:55,43652.25,25,287275
20221129,12:24:16,43654.10,25,287275
20221129,12:24:21,43649.00,50,287275
20221129,12:24:52,43650.20,25,287275
20221129,12:25:10,43654.80,25,287275
20221129,12:25:16,43656.10,25,287275
20221129,12:27:09,43656.00,25,287325
20221129,12:29:17,43655.00,100,287325
20221129,12:29:33,43644.60,25,287325
20221129,12:32:27,43650.00,25,287350
20221129,12:33:24,43650.05,25,287375
20221129,12:36:58,43659.60,25,287375
20221129,12:37:03,43650.00,25,287375
20221129,12:38:05,43650.10,25,287375
20221129,12:38:44,43655.45,25,287375
20221129,12:41:34,43655.00,25,287400
20221129,12:41:37,43661.90,25,287400
20221129,12:44:04,43655.35,25,287450
20221129,12:44:31,43651.35,25,287450
20221129,12:44:44,43661.20,125,287450
20221129,12:45:15,43671.95,25,287325
20221129,12:45:35,43671.95,100,287325
20221129,12:45:45,43668.75,500,287325
20221129,12:50:06,43658.95,25,287325
20221129,12:51:22,43650.00,25,287350
20221129,12:51:44,43650.00,300,287350
20221129,12:52:43,43646.95,25,287350
20221129,12:53:04,43640.10,25,287350
20221129,12:53:18,43640.00,50,287350
20221129,12:53:55,43640.00,25,287350
20221129,12:54:00,43640.00,25,287250
20221129,12:54:06,43622.60,275,287250
20221129,12:54:08,43622.00,25,287250
20221129,12:54:09,43620.00,25,287250
20221129,12:54:13,43615.15,25,287250
20221129,12:55:12,43620.00,25,287250
20221129,12:55:51,43630.00,50,287250
20221129,12:55:53,43630.00,50,287250
20221129,12:56:23,43640.00,275,287250
20221129,12:56:25,43640.00,375,287250
20221129,12:56:31,43635.65,25,287250
20221129,12:57:04,43647.35,50,287325
20221129,12:57:45,43650.00,200,287325
20221129,12:58:00,43656.00,25,287325
20221129,12:58:08,43653.30,50,287325
20221129,13:00:02,43675.00,50,287250
20221129,13:00:10,43680.00,100,287250
20221129,13:00:23,43677.20,25,287250
20221129,13:01:08,43686.20,25,287250
20221129,13:01:29,43680.45,25,287250
20221129,13:02:11,43677.00,25,287250
20221129,13:02:16,43677.00,25,287250
20221129,13:02:32,43663.00,25,287250
20221129,13:02:47,43663.85,25,287250
20221129,13:02:58,43666.95,25,287250
20221129,13:03:09,43673.60,75,287225
20221129,13:04:11,43655.80,25,287225
20221129,13:04:26,43655.85,25,287225
20221129,13:05:25,43680.00,25,287225
20221129,13:05:48,43679.30,25,287225
20221129,13:07:36,43661.70,50,287200
20221129,13:07:40,43669.90,75,287200
20221129,13:07:48,43671.00,50,287200
20221129,13:07:55,43670.80,25,287200
20221129,13:08:29,43661.65,50,287200
20221129,13:08:50,43661.80,50,287200
20221129,13:09:09,43671.80,25,287250
20221129,13:09:15,43661.80,25,287250
20221129,13:09:32,43661.80,25,287250
20221129,13:09:38,43661.80,25,287250
20221129,13:10:07,43662.05,25,287250
20221129,13:10:10,43662.00,25,287250
20221129,13:10:19,43662.00,75,287250
20221129,13:10:32,43662.00,50,287250
20221129,13:10:37,43662.00,50,287250
20221129,13:12:16,43649.65,25,287175
20221129,13:14:28,43650.15,75,287175
20221129,13:16:00,43660.00,25,287175
20221129,13:17:41,43655.15,25,287175
20221129,13:17:54,43665.95,25,287175
20221129,13:17:58,43664.10,25,287175
20221129,13:19:30,43657.00,25,287175
20221129,13:20:11,43655.00,25,287175
20221129,13:20:36,43655.15,25,287175
20221129,13:20:49,43655.00,25,287175
20221129,13:22:09,43656.95,25,287225
20221129,13:23:26,43659.95,25,287225
20221129,13:24:03,43661.35,50,287225
20221129,13:25:34,43659.95,25,287175
20221129,13:26:11,43661.95,25,287175
20221129,13:30:53,43664.50,25,287200
20221129,13:31:44,43675.00,25,287200
20221129,13:32:34,43675.00,25,287200
20221129,13:32:56,43669.00,25,287200
20221129,13:33:38,43670.15,25,287175
20221129,13:40:37,43678.95,25,287200
20221129,13:40:40,43677.10,25,287200
20221129,13:40:54,43667.50,25,287200
20221129,13:41:28,43667.50,25,287200
20221129,13:42:03,43671.95,25,287200
20221129,13:43:25,43667.00,100,287250
20221129,13:45:30,43658.80,25,287250
20221129,13:45:35,43667.00,25,287250
20221129,13:46:57,43660.00,25,287250
20221129,13:47:11,43650.00,25,287250
20221129,13:47:27,43644.00,100,287250
20221129,13:49:46,43668.35,25,287150
20221129,13:50:00,43671.75,25,287150
20221129,13:50:27,43670.00,25,287150
20221129,13:50:33,43671.75,50,287150
20221129,13:50:39,43671.75,75,287150
20221129,13:50:41,43671.75,200,287150
20221129,13:50:43,43682.00,250,287150
20221129,13:50:47,43685.00,25,287150
20221129,13:50:52,43693.95,25,287150
20221129,13:50:55,43695.95,25,287150
20221129,13:51:59,43688.60,25,287250
20221129,13:52:45,43688.95,25,287250
20221129,13:54:22,43680.00,25,287250
20221129,13:56:11,43652.85,75,287250
20221129,13:58:05,43660.00,150,287225
20221129,13:58:50,43669.95,25,287225
20221129,13:59:12,43667.85,75,287225
20221129,14:00:33,43660.05,25,287200
20221129,14:02:41,43667.70,25,287200
20221129,14:03:13,43660.05,25,287200
20221129,14:03:24,43664.30,25,287225
20221129,14:03:27,43662.90,25,287225
20221129,14:03:49,43668.00,25,287225
20221129,14:04:03,43661.90,25,287225
20221129,14:04:46,43670.00,25,287225
20221129,14:05:10,43664.15,50,287225
20221129,14:05:15,43660.00,375,287225
20221129,14:05:18,43660.00,200,287225
20221129,14:05:30,43660.00,25,287225
20221129,14:06:15,43660.05,25,287225
20221129,14:07:35,43660.15,50,287225
20221129,14:09:53,43660.05,25,287300
20221129,14:12:00,43660.00,25,287300
20221129,14:12:34,43660.00,25,287300
20221129,14:13:53,43669.60,25,287300
20221129,14:16:07,43660.05,25,287275
20221129,14:16:23,43660.00,25,287275
20221129,14:19:23,43673.95,25,287300
20221129,14:21:12,43682.55,25,287300
20221129,14:22:30,43660.30,25,287300
20221129,14:22:37,43660.30,25,287300
20221129,14:23:04,43660.10,25,287300
20221129,14:23:17,43660.00,25,287300
20221129,14:23:19,43660.00,750,287300
20221129,14:23:29,43650.00,75,287300
20221129,14:23:31,43644.00,25,287300
20221129,14:23:37,43630.00,25,287300
20221129,14:23:41,43620.00,25,287300
20221129,14:23:54,43628.20,75,287300
20221129,14:24:07,43615.25,25,287300
20221129,14:24:09,43619.85,250,287300
20221129,14:24:24,43619.85,25,287625
20221129,14:24:32,43619.05,25,287625
20221129,14:24:33,43620.40,25,287625
20221129,14:25:02,43619.85,50,287625
20221129,14:25:04,43615.15,25,287625
20221129,14:25:07,43615.15,75,287625
20221129,14:25:19,43622.05,25,287625
20221129,14:25:28,43630.00,50,287625
20221129,14:25:43,43629.00,175,287625
20221129,14:26:36,43631.40,25,287625
20221129,14:27:01,43625.80,25,287625
20221129,14:27:04,43621.00,25,287625
20221129,14:27:17,43624.95,25,287625
20221129,14:27:48,43629.95,25,287650
20221129,14:28:01,43625.00,25,287650
20221129,14:28:29,43629.95,25,287650
20221129,14:29:01,43619.00,100,287650
20221129,14:30:05,43625.95,25,287650
20221129,14:30:18,43630.00,75,287650
20221129,14:30:21,43643.95,25,287650
20221129,14:30:34,43637.95,25,287750
20221129,14:30:46,43631.60,25,287750
20221129,14:31:09,43630.20,25,287750
20221129,14:32:04,43630.00,25,287750
20221129,14:32:12,43632.85,25,287750
20221129,14:32:21,43633.95,25,287750
20221129,14:32:29,43629.95,25,287750
20221129,14:33:26,43636.95,25,287625
20221129,14:34:27,43625.00,25,287625
20221129,14:36:22,43620.00,25,287625
20221129,14:36:24,43620.00,25,287650
20221129,14:36:27,43612.50,50,287650
20221129,14:36:31,43600.00,500,287650
20221129,14:36:37,43603.95,100,287650
20221129,14:36:41,43600.00,175,287650
20221129,14:36:42,43598.00,150,287650
20221129,14:36:44,43591.05,25,287650
20221129,14:36:51,43590.00,25,287650
20221129,14:36:57,43590.00,25,287650
20221129,14:37:12,43589.00,50,287650
20221129,14:37:14,43580.00,25,287650
20221129,14:37:20,43580.95,50,287650
20221129,14:37:22,43542.90,1150,287650
20221129,14:37:24,43541.80,125,287650
20221129,14:37:25,43551.90,25,287650
20221129,14:37:32,43566.00,75,287650
20221129,14:37:47,43560.00,200,287650
20221129,14:37:57,43566.00,100,287650
20221129,14:38:12,43556.60,25,287650
20221129,14:38:13,43556.60,50,287650
20221129,14:38:15,43561.00,25,287650
20221129,14:38:18,43558.15,25,287650
20221129,14:38:40,43560.60,25,287650
20221129,14:38:56,43565.95,25,287650
20221129,14:39:04,43562.00,25,287650
20221129,14:39:06,43560.60,25,287650
20221129,14:39:14,43558.00,25,287650
20221129,14:39:46,43571.90,25,287650
20221129,14:40:11,43572.20,25,288925
20221129,14:40:32,43572.80,25,288925
20221129,14:40:36,43572.00,25,288925
20221129,14:40:37,43561.45,125,288925
20221129,14:41:07,43572.50,25,288925
20221129,14:41:32,43565.00,25,288925
20221129,14:41:42,43560.00,25,288925
20221129,14:41:46,43560.00,25,288925
20221129,14:41:58,43570.00,25,288925
20221129,14:42:06,43563.30,50,288925
20221129,14:42:07,43560.20,125,288925
20221129,14:42:14,43560.00,50,288925
20221129,14:42:27,43568.95,50,288950
20221129,14:42:40,43570.00,25,288950
20221129,14:42:48,43578.95,25,288950
20221129,14:43:02,43584.35,50,288950
20221129,14:43:11,43584.40,25,288950
20221129,14:43:22,43596.60,100,288950
20221129,14:43:29,43599.95,25,288950
20221129,14:43:32,43586.10,25,288950
20221129,14:43:39,43593.90,25,288950
20221129,14:43:42,43584.40,25,288950
20221129,14:43:44,43584.40,75,288950
20221129,14:44:23,43580.00,25,288950
20221129,14:45:45,43594.00,25,288950
20221129,14:46:02,43600.00,50,288950
20221129,14:46:28,43599.95,25,288950
20221129,14:47:44,43580.00,25,288950
20221129,14:47:52,43583.90,25,288950
20221129,14:47:55,43586.10,25,288950
20221129,14:48:01,43580.00,75,288950
20221129,14:48:11,43573.00,25,288950
20221129,14:48:29,43574.00,25,288950
20221129,14:48:30,43575.00,50,289000
20221129,14:48:40,43576.95,25,289000
20221129,14:48:55,43579.00,25,289000
20221129,14:48:59,43570.40,50,289000
20221129,14:49:05,43580.00,25,289000
20221129,14:49:27,43580.00,25,289000
20221129,14:49:38,43580.00,25,289000
20221129,14:49:43,43578.30,25,289000
20221129,14:49:48,43582.90,25,289000
20221129,14:49:50,43584.45,25,289000
20221129,14:49:53,43585.15,225,289000
20221129,14:50:37,43580.00,25,289000
20221129,14:50:59,43575.00,25,289000
20221129,14:51:00,43577.95,25,289000
20221129,14:51:07,43577.95,25,289000
20221129,14:51:18,43572.95,25,289000
20221129,14:51:40,43585.00,800,289150
20221129,14:52:26,43585.00,25,289150
20221129,14:52:37,43575.05,25,289150
20221129,14:53:08,43577.05,25,289150
20221129,14:53:18,43576.35,75,289150
20221129,14:53:37,43579.90,25,289150
20221129,14:53:55,43579.85,25,289150
20221129,14:54:41,43570.85,100,289525
20221129,14:55:13,43575.00,25,289525
20221129,14:55:21,43579.00,25,289525
20221129,14:55:25,43579.00,25,289525
20221129,14:55:32,43585.95,25,289525
20221129,14:56:05,43602.95,75,289525
20221129,14:56:13,43605.95,75,289525
20221129,14:56:25,43592.40,50,289525
20221129,14:56:26,43592.35,25,289525
20221129,14:56:28,43591.75,25,289525
20221129,14:56:35,43588.30,125,289525
20221129,14:56:38,43589.25,25,289525
20221129,14:56:45,43589.25,25,289525
20221129,14:56:46,43580.50,100,289525
20221129,14:56:48,43582.00,50,289525
20221129,14:56:58,43585.70,25,289525
20221129,14:57:26,43585.70,25,289725
20221129,14:58:03,43582.50,275,289725
20221129,14:59:33,43575.00,25,289725
20221129,14:59:38,43568.25,225,289725
20221129,14:59:51,43570.55,100,289725
20221129,15:00:08,43570.55,50,289725
20221129,15:00:39,43581.85,25,290000
20221129,15:01:12,43576.70,25,290000
20221129,15:01:17,43575.00,25,290000
20221129,15:01:50,43570.00,50,290000
20221129,15:02:37,43565.15,100,290000
20221129,15:03:57,43579.80,25,290050
20221129,15:04:42,43560.00,125,290050
20221129,15:04:44,43560.00,25,290050
20221129,15:04:46,43551.00,100,290050
20221129,15:04:47,43550.00,225,290050
20221129,15:04:49,43545.00,25,290050
20221129,15:05:01,43544.60,25,290050
20221129,15:05:02,43545.20,25,290050
20221129,15:05:32,43564.95,25,290050
20221129,15:05:35,43557.70,50,290050
20221129,15:06:38,43556.05,50,290100
20221129,15:06:45,43542.00,100,290100
20221129,15:07:01,43540.00,225,290100
20221129,15:07:08,43539.85,25,290100
20221129,15:07:13,43539.85,25,290100
20221129,15:07:19,43535.00,25,290100
20221129,15:07:34,43535.40,25,290100
20221129,15:07:41,43536.20,25,290100
20221129,15:08:25,43541.05,50,290100
20221129,15:08:35,43549.35,25,290100
20221129,15:08:59,43548.00,25,290100
20221129,15:09:21,43553.65,25,290100
20221129,15:09:52,43563.70,350,290050
20221129,15:10:09,43572.60,50,290050
20221129,15:10:12,43573.25,275,290050
20221129,15:10:31,43570.45,100,290050
20221129,15:10:59,43570.65,25,290050
20221129,15:11:02,43555.05,250,290050
20221129,15:11:04,43555.05,100,290050
20221129,15:11:22,43559.10,450,290050
20221129,15:11:47,43563.05,500,290050
20221129,15:12:03,43563.55,500,290050
20221129,15:12:13,43557.05,75,290050
20221129,15:12:15,43557.00,275,290050
20221129,15:12:18,43557.05,150,290050
20221129,15:12:20,43558.75,125,290050
20221129,15:12:21,43560.00,175,290050
20221129,15:12:23,43557.85,150,290050
20221129,15:12:24,43558.15,75,290050
20221129,15:12:26,43558.80,225,290050
20221129,15:12:28,43557.65,25,290050
20221129,15:12:42,43557.65,100,290000
20221129,15:12:49,43560.00,25,290000
20221129,15:13:40,43560.00,25,290000
20221129,15:13:59,43561.20,50,290000
20221129,15:14:01,43562.55,125,290000
20221129,15:14:06,43562.85,50,290000
20221129,15:14:08,43563.65,75,290000
20221129,15:14:51,43565.50,50,290000
20221129,15:14:56,43555.30,25,290000
20221129,15:15:00,43563.90,100,290000
20221129,15:15:06,43563.10,100,290000
20221129,15:15:45,43563.40,25,290000
20221129,15:16:35,43570.00,100,290000
20221129,15:17:03,43563.00,25,290000
20221129,15:17:17,43560.00,25,290000
20221129,15:17:18,43567.00,100,290000
20221129,15:18:03,43559.90,25,290000
20221129,15:18:58,43559.90,50,290125
20221129,15:19:00,43559.90,25,290125
20221129,15:19:11,43556.35,25,290125
20221129,15:19:21,43555.00,25,290125
20221129,15:19:30,43554.90,150,290125
20221129,15:19:51,43545.25,400,290125
20221129,15:20:02,43546.50,100,290125
20221129,15:20:12,43550.00,25,290125
20221129,15:20:22,43550.00,25,290125
20221129,15:20:27,43551.00,25,290125
20221129,15:20:30,43551.00,25,290125
20221129,15:20:35,43555.00,25,290125
20221129,15:20:40,43550.00,25,290125
20221129,15:20:45,43550.00,25,290125
20221129,15:20:53,43550.00,400,290125
20221129,15:21:09,43544.80,50,290125
20221129,15:21:14,43536.20,125,290125
20221129,15:21:21,43536.30,25,290125
20221129,15:21:29,43540.00,100,290125
20221129,15:21:37,43536.20,25,290600
20221129,15:21:47,43536.05,25,290600
20221129,15:21:49,43534.05,25,290600
20221129,15:21:50,43532.05,50,290600
20221129,15:21:52,43528.05,100,290600
20221129,15:21:59,43526.05,25,290600
20221129,15:22:09,43530.05,25,290600
20221129,15:22:25,43530.00,25,290600
20221129,15:22:34,43530.05,25,290600
20221129,15:22:37,43534.30,25,290600
20221129,15:22:39,43533.95,75,290600
20221129,15:22:42,43526.20,25,290600
20221129,15:22:48,43526.10,75,290600
20221129,15:22:50,43526.05,25,290600
20221129,15:22:55,43526.10,425,290600
20221129,15:23:07,43530.00,25,290600
20221129,15:23:10,43530.00,25,290600
20221129,15:23:23,43530.00,25,290600
20221129,15:23:25,43530.00,25,290600
20221129,15:24:01,43526.05,25,290600
20221129,15:24:32,43527.00,25,290075
20221129,15:24:42,43530.00,300,290075
20221129,15:24:49,43530.00,25,290075
20221129,15:24:57,43530.00,25,290075
20221129,15:24:58,43530.00,50,290075
20221129,15:25:00,43533.00,200,290075
20221129,15:25:02,43533.00,300,290075
20221129,15:25:03,43543.25,25,290075
20221129,15:25:08,43539.15,25,290075
20221129,15:25:20,43550.00,100,290075
20221129,15:25:33,43554.90,500,290075
20221129,15:25:35,43550.20,25,290075
20221129,15:25:38,43555.90,200,290075
20221129,15:25:46,43559.60,100,290075
20221129,15:25:51,43556.95,25,290075
20221129,15:25:57,43556.95,25,290075
20221129,15:26:00,43557.85,250,290075
20221129,15:26:02,43558.00,25,290075
20221129,15:26:12,43559.95,25,290075
20221129,15:26:22,43549.95,100,290075
20221129,15:26:23,43558.00,50,290075
20221129,15:26:28,43558.00,25,290075
20221129,15:26:53,43558.00,25,290075
20221129,15:26:56,43559.50,100,290075
20221129,15:27:27,43555.00,25,290075
20221129,15:27:47,43549.05,50,290075
20221129,15:27:58,43549.05,50,289775
20221129,15:27:59,43554.95,25,289775
20221129,15:28:01,43549.10,150,289775
20221129,15:28:07,43554.00,50,289775
20221129,15:28:12,43549.00,25,289775
20221129,15:28:15,43549.00,25,289775
20221129,15:28:20,43545.90,900,289775
20221129,15:28:34,43547.45,300,289775
20221129,15:28:40,43547.05,25,289775
20221129,15:28:42,43546.95,25,289775
20221129,15:28:44,43546.90,25,289775
20221129,15:28:45,43547.00,25,289775
20221129,15:28:56,43549.95,25,289775
20221129,15:28:57,43549.95,25,289775
20221129,15:28:59,43546.00,25,289775
20221129,15:29:00,43546.00,50,289775
20221129,15:29:05,43553.85,25,289775
20221129,15:29:12,43553.90,25,289775
20221129,15:29:23,43556.25,100,289775
20221129,15:29:28,43547.00,25,289775
20221129,15:29:31,43550.00,25,289775
20221129,15:29:35,43550.00,175,289775
20221129,15:29:36,43547.00,25,289775
20221129,15:29:39,43550.00,50,289775
20221129,15:29:46,43556.50,125,289775
20221129,15:29:48,43550.00,50,289775
20221129,15:29:57,43561.90,25,289775
20221129,15:29:59,43562.95,25,289775
20221129,15:30:01,43560.00,25,289775
