20221129,09:15:18,19212.70,1,8440
20221129,09:15:18,19199.95,1,8440
20221129,09:15:18,19204.65,2120,8440
20221129,09:15:22,19213.75,40,8440
20221129,09:15:43,19213.75,40,8440
20221129,09:15:44,19209.10,40,8440
20221129,09:16:01,19206.85,40,8440
20221129,09:16:33,19213.70,40,8440
20221129,09:16:52,19215.15,40,8440
20221129,09:17:28,19215.15,40,7680
20221129,09:17:29,19201.90,40,7680
20221129,09:18:04,19204.75,40,7680
20221129,09:18:08,19206.00,40,7680
20221129,09:18:41,19210.15,40,7680
20221129,09:19:06,19210.15,40,7680
20221129,09:19:28,19210.00,40,7680
20221129,09:21:08,19222.00,40,7680
20221129,09:21:23,19225.95,40,7680
20221129,09:22:01,19225.95,40,7680
20221129,09:22:13,19224.45,80,7680
20221129,09:22:42,19225.95,40,7680
20221129,09:23:22,19232.25,80,7840
20221129,09:23:23,19229.50,40,7840
20221129,09:23:25,19228.80,40,7840
20221129,09:23:26,19228.30,40,7840
20221129,09:23:29,19229.65,40,7840
20221129,09:23:30,19229.60,40,7840
20221129,09:23:51,19235.00,40,7840
20221129,09:24:14,19238.95,40,7840
20221129,09:24:23,19238.95,160,7840
20221129,09:24:31,19236.90,40,7840
20221129,09:25:08,19240.00,80,7840
20221129,09:25:09,19240.00,40,7840
20221129,09:25:21,19240.00,40,7840
20221129,09:25:25,19240.00,40,7840
20221129,09:25:33,19240.00,40,7840
20221129,09:25:41,19240.00,120,7840
20221129,09:25:48,19238.70,160,7840
20221129,09:26:01,19240.00,40,7840
20221129,09:26:04,19241.00,40,7840
20221129,09:27:32,19248.20,80,8160
20221129,09:28:29,19256.95,40,8160
20221129,09:28:32,19259.00,80,8160
20221129,09:28:47,19262.80,40,8160
20221129,09:28:55,19262.80,40,8160
20221129,09:28:58,19259.45,40,8160
20221129,09:29:21,19257.10,40,7960
20221129,09:29:54,19260.25,1000,7960
20221129,09:30:10,19263.20,520,7960
20221129,09:30:47,19263.20,80,7960
20221129,09:31:00,19260.00,520,7960
20221129,09:31:31,19259.35,80,7960
20221129,09:32:02,19258.55,40,7960
20221129,09:32:28,19265.00,360,8680
20221129,09:32:52,19269.20,40,8680
20221129,09:32:56,19269.20,160,8680
20221129,09:32:59,19269.20,40,8680
20221129,09:33:01,19269.40,80,8680
20221129,09:33:11,19269.40,40,8680
20221129,09:33:22,19269.80,80,8680
20221129,09:33:35,19269.80,40,8680
20221129,09:33:37,19269.80,40,8680
20221129,09:33:41,19267.95,40,8680
20221129,09:33:52,19268.00,40,8680
20221129,09:34:12,19268.00,40,8680
20221129,09:34:13,19268.00,160,8680
20221129,09:34:50,19263.35,40,8680
20221129,09:35:28,19263.85,40,9000
20221129,09:35:33,19266.85,240,9000
20221129,09:35:44,19264.00,40,9000
20221129,09:36:00,19266.85,40,9000
20221129,09:36:19,19274.45,1000,9000
20221129,09:37:05,19274.45,200,9000
20221129,09:37:37,19275.35,80,9000
20221129,09:38:11,19280.00,40,9000
20221129,09:38:18,19280.00,40,9000
20221129,09:39:33,19277.50,40,10120
20221129,09:40:14,19275.30,40,10120
20221129,09:40:43,19275.00,40,10120
20221129,09:41:15,19275.00,40,10120
20221129,09:41:34,19279.00,40,10120
20221129,09:42:12,19276.70,40,10120
20221129,09:42:27,19276.00,40,10120
20221129,09:42:39,19279.00,40,10120
20221129,09:42:42,19280.00,40,10120
20221129,09:42:50,19282.00,160,10120
20221129,09:42:51,19282.00,40,10120
20221129,09:42:52,19283.00,800,10120
20221129,09:43:56,19283.50,80,10120
20221129,09:44:11,19283.50,160,10120
20221129,09:44:13,19283.50,80,10120
20221129,09:44:20,19283.50,200,10120
20221129,09:44:37,19279.80,40,9560
20221129,09:44:39,19276.80,40,9560
20221129,09:45:00,19277.45,40,9560
20221129,09:45:15,19277.35,40,9560
20221129,09:45:37,19275.00,200,9560
20221129,09:45:44,19275.00,40,9560
20221129,09:45:59,19275.85,400,9560
20221129,09:46:39,19276.80,40,9560
20221129,09:46:58,19274.85,80,9560
20221129,09:47:07,19275.10,40,9560
20221129,09:47:29,19274.00,40,9360
20221129,09:47:30,19274.00,160,9360
20221129,09:47:35,19274.60,40,9360
20221129,09:48:19,19274.60,360,9360
20221129,09:48:21,19274.60,160,9360
20221129,09:48:47,19272.00,40,9360
20221129,09:48:57,19274.10,80,9360
20221129,09:49:28,19270.50,240,9360
20221129,09:49:40,19274.20,40,9360
20221129,09:49:41,19273.95,80,9360
20221129,09:50:42,19275.95,40,9080
20221129,09:51:06,19279.80,80,9080
20221129,09:51:26,19279.50,80,9080
20221129,09:51:27,19279.50,80,9080
20221129,09:51:42,19279.50,360,9080
20221129,09:52:33,19285.05,40,9080
20221129,09:52:35,19285.05,40,9080
20221129,09:54:16,19279.75,40,9280
20221129,09:54:29,19280.90,40,9280
20221129,09:55:22,19280.00,40,9280
20221129,10:00:05,19282.00,40,9280
20221129,10:02:12,19278.00,40,9320
20221129,10:02:55,19278.00,40,9360
20221129,10:03:08,19273.90,200,9360
20221129,10:03:56,19275.00,40,9360
20221129,10:04:57,19272.25,40,9360
20221129,10:07:30,19280.00,1000,9120
20221129,10:08:36,19279.90,40,9120
20221129,10:09:10,19280.00,40,9120
20221129,10:09:16,19280.00,40,9120
20221129,10:11:22,19281.00,40,9120
20221129,10:11:30,19282.00,40,9200
20221129,10:11:36,19284.85,400,9200
20221129,10:11:51,19285.00,40,9200
20221129,10:11:55,19284.35,40,9200
20221129,10:12:00,19281.25,40,9200
20221129,10:13:08,19284.00,40,9200
20221129,10:13:12,19285.00,40,9200
20221129,10:13:18,19287.90,40,9200
20221129,10:13:34,19288.00,40,9200
20221129,10:14:03,19288.00,40,9200
20221129,10:14:41,19283.05,40,9360
20221129,10:14:47,19285.25,40,9360
20221129,10:15:03,19284.00,40,9360
20221129,10:15:08,19283.00,40,9360
20221129,10:15:16,19285.65,40,9360
20221129,10:15:51,19287.85,40,9360
20221129,10:19:05,19288.80,40,9400
20221129,10:19:44,19288.95,40,9400
20221129,10:19:45,19289.80,80,9400
20221129,10:20:02,19292.70,40,9400
20221129,10:20:05,19292.70,80,9400
20221129,10:22:44,19283.85,40,9400
20221129,10:23:52,19282.75,40,9400
20221129,10:24:16,19289.00,40,9400
20221129,10:24:43,19291.60,80,9400
20221129,10:26:23,19289.00,40,9400
20221129,10:26:40,19289.40,40,9320
20221129,10:27:13,19291.00,40,9320
20221129,10:27:32,19293.00,40,9320
20221129,10:27:56,19293.00,80,9320
20221129,10:28:00,19293.00,40,9320
20221129,10:29:31,19293.00,40,9440
20221129,10:29:34,19293.00,40,9440
20221129,10:29:41,19294.00,40,9440
20221129,10:30:05,19296.85,40,9440
20221129,10:30:08,19296.85,80,9440
20221129,10:30:15,19294.00,40,9440
20221129,10:30:28,19291.20,40,9440
20221129,10:30:39,19290.65,40,9440
20221129,10:30:42,19291.60,40,9440
20221129,10:31:04,19292.70,40,9440
20221129,10:34:22,19291.00,40,9440
20221129,10:38:17,19288.30,80,9400
20221129,10:40:14,19288.85,40,9480
20221129,10:40:35,19290.00,120,9480
20221129,10:40:36,19290.70,40,9480
20221129,10:40:43,19293.00,40,9480
20221129,10:41:33,19293.00,1000,9520
20221129,10:42:19,19291.65,80,9520
20221129,10:42:40,19292.00,40,9520
20221129,10:44:55,19289.00,40,9520
20221129,10:45:11,19289.00,40,9240
20221129,10:46:13,19292.65,40,9240
20221129,10:46:22,19293.40,200,9240
20221129,10:49:34,19295.00,40,9240
20221129,10:56:01,19295.00,40,9320
20221129,10:56:15,19302.00,80,9320
20221129,10:56:37,19302.00,80,9320
20221129,10:56:58,19304.35,200,9320
20221129,10:57:15,19305.00,40,9320
20221129,10:58:09,19305.00,40,9320
20221129,10:58:36,19304.95,80,9320
20221129,10:59:38,19304.80,40,9320
20221129,10:59:39,19305.00,40,9360
20221129,11:00:00,19306.95,40,9360
20221129,11:00:33,19306.95,40,9360
20221129,11:01:51,19304.25,40,9360
20221129,11:02:33,19304.25,40,9360
20221129,11:03:20,19308.60,80,9440
20221129,11:04:18,19308.60,40,9440
20221129,11:04:30,19308.20,200,9440
20221129,11:04:35,19307.40,40,9440
20221129,11:06:01,19312.85,40,9440
20221129,11:06:14,19312.85,80,9440
20221129,11:06:33,19312.00,80,9440
20221129,11:07:08,19312.00,40,9440
20221129,11:07:11,19312.00,40,9440
20221129,11:07:55,19310.20,120,9440
20221129,11:07:58,19310.15,40,9440
20221129,11:08:04,19310.05,160,9440
20221129,11:08:24,19310.00,40,9440
20221129,11:09:22,19305.90,120,9440
20221129,11:10:19,19309.00,40,9440
20221129,11:13:22,19309.80,40,9320
20221129,11:13:33,19310.00,80,9320
20221129,11:15:06,19306.70,40,9320
20221129,11:15:10,19306.10,40,9320
20221129,11:15:28,19305.50,320,9320
20221129,11:15:29,19305.40,40,9320
20221129,11:16:42,19308.00,40,9320
20221129,11:16:58,19309.80,80,9320
20221129,11:21:16,19305.80,80,9000
20221129,11:22:22,19304.30,80,9000
20221129,11:25:28,19301.00,80,9040
20221129,11:27:34,19300.15,40,9040
20221129,11:28:04,19295.70,40,9040
20221129,11:28:19,19293.75,440,9040
20221129,11:28:50,19292.05,120,9040
20221129,11:30:18,19294.00,40,8760
20221129,11:34:00,19291.80,40,8800
20221129,11:35:21,19290.95,520,8800
20221129,11:35:48,19293.20,40,8800
20221129,11:36:05,19292.40,80,9040
20221129,11:38:06,19296.00,40,9040
20221129,11:39:41,19296.25,80,9120
20221129,11:40:49,19285.00,2040,9120
20221129,11:41:25,19285.00,1200,9120
20221129,11:44:02,19285.00,80,11920
20221129,11:44:24,19285.00,40,11920
20221129,11:45:15,19285.00,40,11920
20221129,11:45:49,19288.10,80,11920
20221129,11:48:18,19283.00,40,11840
20221129,11:49:18,19280.00,40,11840
20221129,11:50:20,19278.35,40,11840
20221129,11:50:32,19276.45,80,11840
20221129,11:50:44,19277.10,200,11840
20221129,11:51:38,19275.75,120,12040
20221129,11:51:56,19276.00,40,12040
20221129,11:52:03,19276.60,240,12040
20221129,11:52:05,19275.00,120,12040
20221129,11:53:35,19274.00,40,12040
20221129,11:53:49,19274.20,40,12040
20221129,11:53:52,19276.90,40,11760
20221129,11:55:00,19274.40,80,11760
20221129,11:55:03,19273.00,40,11760
20221129,11:55:14,19270.45,520,11760
20221129,11:55:39,19275.00,520,11760
20221129,11:56:36,19276.00,40,11760
20221129,11:56:58,19278.00,120,12360
20221129,11:59:10,19277.00,120,12360
20221129,11:59:15,19276.00,40,12360
20221129,11:59:18,19275.00,40,12360
20221129,12:01:44,19277.45,80,12120
20221129,12:02:06,19275.00,120,12120
20221129,12:03:08,19274.15,40,12080
20221129,12:03:14,19273.85,40,12080
20221129,12:04:53,19285.00,40,12080
20221129,12:05:10,19287.80,400,12080
20221129,12:06:21,19288.90,80,12200
20221129,12:07:21,19288.90,40,12200
20221129,12:07:36,19287.85,40,12200
20221129,12:08:35,19288.00,40,12200
20221129,12:09:31,19292.65,40,12240
20221129,12:09:48,19290.00,40,12240
20221129,12:10:34,19290.00,40,12240
20221129,12:11:36,19290.00,40,12240
20221129,12:11:42,19290.00,40,12240
20221129,12:13:21,19290.45,320,12200
20221129,12:14:54,19290.75,80,12080
20221129,12:16:12,19290.00,40,12080
20221129,12:16:41,19286.25,40,12080
20221129,12:17:58,19287.40,80,12080
20221129,12:21:34,19289.00,40,12080
20221129,12:32:49,19283.35,80,12120
20221129,12:34:05,19287.90,80,12120
20221129,12:34:08,19289.00,40,12120
20221129,12:34:27,19290.00,40,12120
20221129,12:34:36,19292.45,40,12120
20221129,12:36:34,19289.40,80,12160
20221129,12:39:03,19284.05,40,12160
20221129,12:39:28,19283.25,40,12160
20221129,12:44:41,19281.05,40,12200
20221129,12:44:45,19283.00,40,12200
20221129,12:51:18,19273.60,40,12240
20221129,12:51:23,19272.25,40,12240
20221129,12:51:39,19271.40,80,12240
20221129,12:51:41,19272.90,240,12240
20221129,12:52:19,19270.75,200,12240
20221129,12:53:15,19270.00,80,12240
20221129,12:54:12,19260.00,40,12240
20221129,12:54:31,19260.00,40,12240
20221129,12:55:14,19260.00,80,12240
20221129,12:55:15,19260.00,80,12240
20221129,12:55:49,19266.05,40,12240
20221129,13:01:40,19280.00,40,12240
20221129,13:01:52,19280.00,80,12000
20221129,13:04:03,19275.00,80,11960
20221129,13:04:19,19272.00,400,11960
20221129,13:04:48,19277.30,40,11960
20221129,13:10:05,19275.25,40,11840
20221129,13:10:39,19273.60,40,11840
20221129,13:10:40,19273.00,40,11840
20221129,13:12:09,19271.85,40,11840
20221129,13:15:23,19281.10,40,11880
20221129,13:16:32,19280.50,40,11880
20221129,13:16:43,19284.55,40,11880
20221129,13:17:25,19283.05,120,11880
20221129,13:19:29,19277.00,40,11920
20221129,13:19:58,19273.00,80,11920
20221129,13:22:23,19272.00,40,11920
20221129,13:23:28,19272.05,80,11920
20221129,13:27:04,19275.00,80,11920
20221129,13:28:24,19270.00,40,11960
20221129,13:28:35,19268.25,40,11960
20221129,13:28:38,19270.00,80,11960
20221129,13:30:56,19275.00,40,12080
20221129,13:31:58,19284.20,400,12080
20221129,13:32:51,19281.00,40,12080
20221129,13:33:52,19282.00,40,12280
20221129,13:38:01,19278.85,40,12280
20221129,13:40:41,19276.70,40,12320
20221129,13:41:05,19274.35,120,12320
20221129,13:41:06,19274.35,400,12320
20221129,13:41:16,19276.80,40,12320
20221129,13:41:24,19275.60,40,12320
20221129,13:41:25,19275.60,40,12320
20221129,13:41:56,19276.70,40,12320
20221129,13:42:13,19278.00,40,12600
20221129,13:44:03,19278.80,40,12600
20221129,13:44:49,19275.00,40,12600
20221129,13:45:24,19277.00,40,12520
20221129,13:46:34,19277.95,40,12520
20221129,13:46:49,19277.00,40,12520
20221129,13:47:12,19270.25,40,12520
20221129,13:47:36,19267.60,40,12520
20221129,13:47:48,19273.75,40,12520
20221129,13:49:46,19278.00,40,12400
20221129,13:50:03,19282.90,160,12400
20221129,13:50:17,19280.00,40,12400
20221129,13:50:19,19280.00,40,12400
20221129,13:50:43,19282.00,120,12400
20221129,13:50:54,19287.00,40,12400
20221129,13:51:05,19290.00,520,12400
20221129,13:51:28,19289.20,40,12400
20221129,13:54:47,19283.45,40,12320
20221129,13:59:37,19271.30,40,12320
20221129,13:59:44,19275.75,40,12320
20221129,14:00:12,19273.50,40,12320
20221129,14:01:21,19271.40,80,12280
20221129,14:03:49,19271.40,80,12280
20221129,14:05:14,19272.60,40,12280
20221129,14:07:29,19270.00,40,12320
20221129,14:07:44,19274.10,80,12320
20221129,14:08:14,19276.50,40,12320
20221129,14:08:42,19273.30,40,12320
20221129,14:08:52,19272.30,40,12320
20221129,14:09:16,19269.00,80,12320
20221129,14:10:05,19269.70,80,12320
20221129,14:10:13,19270.00,40,12360
20221129,14:10:43,19275.60,80,12360
20221129,14:11:02,19270.00,40,12360
20221129,14:11:26,19266.50,80,12360
20221129,14:12:04,19268.00,40,12360
20221129,14:14:19,19270.25,80,12320
20221129,14:15:38,19270.25,40,12320
20221129,14:17:26,19272.10,40,12320
20221129,14:17:51,19271.00,40,12320
20221129,14:18:01,19272.30,40,12320
20221129,14:20:48,19283.55,40,12360
20221129,14:20:52,19281.25,40,12360
20221129,14:22:19,19272.00,40,12360
20221129,14:22:22,19268.00,80,12360
20221129,14:23:10,19264.00,40,12360
20221129,14:23:16,19260.85,40,12360
20221129,14:23:29,19260.00,40,12360
20221129,14:23:32,19239.20,1360,12360
20221129,14:23:33,19241.00,40,12360
20221129,14:23:33,19246.45,40,12360
20221129,14:23:42,19250.50,40,12360
20221129,14:24:06,19247.85,40,12360
20221129,14:24:16,19241.10,120,12360
20221129,14:24:23,19243.90,120,11920
20221129,14:25:16,19248.00,40,11920
20221129,14:25:25,19250.00,120,11920
20221129,14:25:47,19250.20,80,11920
20221129,14:26:17,19255.20,40,11920
20221129,14:26:38,19252.20,80,11920
20221129,14:27:13,19249.30,40,11920
20221129,14:28:08,19249.35,40,11720
20221129,14:29:36,19249.55,40,11720
20221129,14:30:21,19255.80,40,11760
20221129,14:30:31,19253.10,80,11760
20221129,14:32:01,19254.00,40,11760
20221129,14:32:16,19254.15,480,11760
20221129,14:32:56,19249.70,40,11760
20221129,14:33:13,19249.70,40,11760
20221129,14:34:31,19249.70,160,11200
20221129,14:34:57,19249.00,40,11200
20221129,14:36:01,19247.60,40,11200
20221129,14:36:26,19245.00,40,11400
20221129,14:36:27,19241.10,880,11400
20221129,14:36:28,19240.90,40,11400
20221129,14:36:51,19235.45,880,11400
20221129,14:37:13,19234.45,40,11400
20221129,14:37:24,19225.65,40,11400
20221129,14:38:04,19225.60,80,11400
20221129,14:38:11,19221.00,40,11400
20221129,14:38:31,19226.30,40,11400
20221129,14:38:59,19227.35,40,11400
20221129,14:39:02,19223.80,40,11400
20221129,14:40:00,19231.95,40,11360
20221129,14:41:00,19228.80,400,11360
20221129,14:41:38,19224.25,400,11360
20221129,14:42:13,19225.50,40,11360
20221129,14:42:32,19224.80,40,11640
20221129,14:43:22,19231.30,80,11640
20221129,14:44:58,19235.30,80,11640
20221129,14:45:09,19231.80,40,11640
20221129,14:45:27,19231.55,80,11560
20221129,14:45:33,19233.90,40,11560
20221129,14:45:35,19235.35,40,11560
20221129,14:46:56,19243.00,400,11560
20221129,14:48:16,19230.00,40,11560
20221129,14:49:16,19234.75,80,11320
20221129,14:49:20,19233.80,40,11320
20221129,14:49:35,19234.80,80,11320
20221129,14:49:38,19237.00,200,11320
20221129,14:51:01,19232.15,160,11320
20221129,14:52:51,19234.75,40,10960
20221129,14:54:22,19235.50,40,10960
20221129,14:54:32,19234.70,80,10960
20221129,14:55:21,19235.60,120,10960
20221129,14:56:19,19247.50,40,10960
20221129,14:56:39,19247.40,80,10960
20221129,14:56:46,19246.00,40,10960
20221129,14:58:32,19244.65,120,10880
20221129,15:00:05,19242.50,40,10880
20221129,15:01:22,19237.70,40,10920
20221129,15:01:23,19239.85,40,10920
20221129,15:03:14,19235.40,80,10920
20221129,15:03:16,19235.40,80,10920
20221129,15:04:08,19242.00,40,11080
20221129,15:04:40,19235.40,40,11080
20221129,15:04:51,19229.70,80,11080
20221129,15:04:59,19230.95,80,11080
20221129,15:05:06,19230.00,80,11080
20221129,15:05:15,19227.70,160,11080
20221129,15:06:02,19230.00,40,11080
20221129,15:06:18,19228.45,200,11080
20221129,15:06:47,19225.05,40,11200
20221129,15:06:52,19225.00,160,11200
20221129,15:06:54,19224.00,40,11200
20221129,15:07:04,19221.10,360,11200
20221129,15:07:08,19217.55,40,11200
20221129,15:07:23,19220.65,120,11200
20221129,15:07:24,19221.00,160,11200
20221129,15:07:36,19222.25,160,11200
20221129,15:07:40,19224.00,40,11200
20221129,15:07:47,19226.00,40,11200
20221129,15:07:56,19227.10,40,11200
20221129,15:08:19,19222.35,40,11200
20221129,15:08:43,19225.05,40,11200
20221129,15:09:20,19227.45,80,11200
20221129,15:10:00,19234.35,40,11200
20221129,15:10:27,19232.25,40,11600
20221129,15:10:30,19232.65,80,11600
20221129,15:11:01,19232.00,800,11600
20221129,15:11:02,19232.00,1120,11600
20221129,15:11:05,19229.70,40,11600
20221129,15:11:13,19226.80,40,11600
20221129,15:11:20,19227.00,160,11600
20221129,15:11:21,19227.00,160,11600
20221129,15:11:23,19227.00,680,11600
20221129,15:11:31,19231.20,360,11600
20221129,15:12:31,19228.00,40,11480
20221129,15:12:43,19230.25,40,11480
20221129,15:13:07,19231.00,360,11480
20221129,15:14:09,19230.10,40,11480
20221129,15:15:10,19230.10,40,11480
20221129,15:15:15,19230.10,160,11480
20221129,15:15:41,19235.00,80,11480
20221129,15:15:44,19231.15,440,11240
20221129,15:17:10,19230.25,40,11240
20221129,15:17:11,19232.80,200,11240
20221129,15:17:22,19233.10,40,11240
20221129,15:17:33,19234.00,400,11240
20221129,15:17:38,19233.00,200,11240
20221129,15:17:54,19232.35,40,11240
20221129,15:18:04,19230.20,160,11240
20221129,15:18:15,19230.85,40,11240
20221129,15:18:44,19230.20,200,11080
20221129,15:19:15,19230.00,440,11080
20221129,15:19:29,19230.00,120,11080
20221129,15:19:30,19230.05,80,11080
20221129,15:19:31,19230.20,40,11080
20221129,15:19:37,19230.00,160,11080
20221129,15:19:58,19230.20,120,11080
20221129,15:20:58,19232.00,40,11080
20221129,15:21:07,19231.00,280,11080
20221129,15:21:11,19231.00,120,11080
20221129,15:21:43,19230.90,40,11280
20221129,15:21:47,19230.20,40,11280
20221129,15:22:50,19227.00,400,11280
20221129,15:22:59,19226.60,120,11280
20221129,15:23:28,19227.00,320,11280
20221129,15:23:42,19227.85,40,11280
20221129,15:23:51,19228.00,80,11280
20221129,15:23:57,19228.55,40,11280
20221129,15:24:30,19230.00,320,11280
20221129,15:25:11,19229.25,40,10680
20221129,15:25:15,19230.00,160,10680
20221129,15:26:06,19230.10,80,10680
20221129,15:27:51,19231.25,40,10560
20221129,15:28:04,19230.50,80,10560
20221129,15:28:21,19230.00,200,10560
20221129,15:28:34,19231.25,40,10560
20221129,15:28:50,19230.05,40,10560
20221129,15:29:13,19229.75,200,10560
20221129,15:29:31,19230.15,40,10560
20221129,15:29:48,19229.05,80,10560
