20221129,09:15:00,18692.00,1,11940400
20221129,09:15:00,18694.95,1,11940400
20221129,09:15:00,18670.15,1,11940400
20221129,09:15:00,18680.00,1900,11940400
20221129,09:15:00,18680.30,450,11940400
20221129,09:15:01,18690.00,950,11940400
20221129,09:15:02,18688.00,1150,11940400
20221129,09:15:03,18690.80,2500,11940400
20221129,09:15:04,18690.95,550,11940400
20221129,09:15:06,18707.50,5600,11940400
20221129,09:15:07,18708.75,2850,11940400
20221129,09:15:08,18699.60,4550,11940400
20221129,09:15:08,18700.00,1250,11940400
20221129,09:15:09,18695.90,2750,11940400
20221129,09:15:10,18693.15,1150,11940400
20221129,09:15:11,18687.90,3800,11940400
20221129,09:15:12,18698.50,9750,11940400
20221129,09:15:13,18701.00,5200,11940400
20221129,09:15:15,18699.00,600,11940400
20221129,09:15:16,18700.90,3000,11940400
20221129,09:15:17,18702.00,4600,11940400
20221129,09:15:17,18705.50,150,11940400
20221129,09:15:18,18706.20,4350,11940400
20221129,09:15:19,18708.70,500,11940400
20221129,09:15:20,18705.45,2400,11940400
20221129,09:15:21,18705.95,1400,11940400
20221129,09:15:23,18703.70,1800,11940400
20221129,09:15:24,18706.00,1200,11940400
20221129,09:15:25,18702.75,800,11940400
20221129,09:15:25,18702.50,300,11940400
20221129,09:15:26,18702.45,750,11940400
20221129,09:15:27,18708.75,1650,11940400
20221129,09:15:28,18708.90,2350,11940400
20221129,09:15:30,18708.90,1300,11940400
20221129,09:15:31,18708.80,850,11940400
20221129,09:15:32,18709.00,3250,11940400
20221129,09:15:33,18707.30,3450,11940400
20221129,09:15:34,18709.80,1700,11940400
20221129,09:15:35,18709.40,1950,11940400
20221129,09:15:37,18710.00,2000,11940400
20221129,09:15:38,18709.85,400,11940400
20221129,09:15:38,18709.25,200,11940400
20221129,09:15:39,18710.00,1150,11940400
20221129,09:15:40,18711.95,450,11940400
20221129,09:15:41,18709.95,750,11940400
20221129,09:15:42,18714.00,1000,11940400
20221129,09:15:44,18715.00,2450,11940400
20221129,09:15:45,18715.50,850,11940400
20221129,09:15:45,18715.40,250,11940400
20221129,09:15:46,18713.10,750,11940400
20221129,09:15:47,18715.90,550,11940400
20221129,09:15:48,18711.80,2750,11940400
20221129,09:15:50,18715.00,2100,11940400
20221129,09:15:51,18712.25,700,11940400
20221129,09:15:52,18717.00,1000,11940400
20221129,09:15:52,18717.00,1500,11940400
20221129,09:15:53,18712.70,800,11940400
20221129,09:15:54,18713.05,2000,11940400
20221129,09:15:55,18712.70,2300,11940400
20221129,09:15:56,18712.25,350,11940400
20221129,09:15:58,18707.00,7400,11940400
20221129,09:15:59,18708.95,1900,11940400
20221129,09:16:00,18710.25,1850,11940400
20221129,09:16:01,18712.40,1800,11940400
20221129,09:16:02,18714.90,1500,11940400
20221129,09:16:03,18714.90,2350,11940400
20221129,09:16:05,18713.40,2250,11940400
20221129,09:16:06,18710.00,550,11940400
20221129,09:16:06,18710.85,250,11940400
20221129,09:16:07,18711.00,400,11940400
20221129,09:16:08,18711.10,600,11940400
20221129,09:16:09,18711.35,3450,11940400
20221129,09:16:11,18710.40,400,11940400
20221129,09:16:12,18710.00,300,11940400
20221129,09:16:13,18710.85,4600,11940400
20221129,09:16:13,18711.20,100,11940400
20221129,09:16:14,18710.90,300,11940400
20221129,09:16:15,18710.10,500,11940400
20221129,09:16:16,18709.45,2300,11940400
20221129,09:16:18,18711.30,2150,11940400
20221129,09:16:19,18711.05,1550,11940400
20221129,09:16:20,18710.05,3550,11940400
20221129,09:16:21,18711.45,1150,11940400
20221129,09:16:22,18711.10,1700,11940400
20221129,09:16:23,18714.10,750,11940400
20221129,09:16:24,18711.35,2750,11940400
20221129,09:16:26,18711.65,3150,11940400
20221129,09:16:27,18713.80,950,11940400
20221129,09:16:28,18710.90,800,11940400
20221129,09:16:28,18711.00,350,11940400
20221129,09:16:29,18711.40,2500,11940400
20221129,09:16:30,18714.10,800,11940400
20221129,09:16:31,18712.70,800,11940400
20221129,09:16:33,18712.75,550,11940400
20221129,09:16:34,18712.80,500,11940400
20221129,09:16:35,18713.00,700,11940400
20221129,09:16:36,18714.90,350,11940400
20221129,09:16:37,18713.00,500,11940400
20221129,09:16:37,18713.80,50,11940400
20221129,09:16:38,18713.45,400,11940400
20221129,09:16:39,18713.40,3300,11940400
20221129,09:16:41,18713.85,4550,11940400
20221129,09:16:42,18715.00,5400,11940400
20221129,09:16:43,18715.00,5750,11940400
20221129,09:16:44,18717.65,5750,11940400
20221129,09:16:45,18717.95,300,11940400
20221129,09:16:46,18718.40,2600,11940400
20221129,09:16:48,18719.95,900,11940400
20221129,09:16:49,18720.00,4250,11940400
20221129,09:16:50,18718.50,750,11940400
20221129,09:16:51,18718.35,550,11940400
20221129,09:16:52,18718.40,800,11940400
20221129,09:16:53,18720.30,4150,11940400
20221129,09:16:55,18720.00,400,11940400
20221129,09:16:56,18720.40,1250,11940400
20221129,09:16:57,18718.45,150,11940400
20221129,09:16:58,18717.45,2550,11940400
20221129,09:16:58,18718.00,50,11940400
20221129,09:16:59,18720.50,1750,11940400
20221129,09:17:00,18717.70,200,11940400
20221129,09:17:02,18717.00,450,11940400
20221129,09:17:03,18718.25,3200,11940400
20221129,09:17:04,18717.95,350,11940400
20221129,09:17:05,18718.00,850,11940400
20221129,09:17:05,18719.90,100,11940400
20221129,09:17:06,18718.45,150,11940400
20221129,09:17:07,18720.00,250,11940400
20221129,09:17:09,18720.00,2200,11940400
20221129,09:17:10,18720.00,100,11940400
20221129,09:17:11,18718.05,800,11940400
20221129,09:17:12,18719.30,350,11940400
20221129,09:17:13,18720.00,1650,11940400
20221129,09:17:14,18719.90,200,11940400
20221129,09:17:16,18720.00,500,11940400
20221129,09:17:17,18719.85,1300,11940400
20221129,09:17:18,18719.55,550,11940400
20221129,09:17:19,18719.90,2150,11940400
20221129,09:17:19,18719.90,50,11940400
20221129,09:17:20,18718.00,800,11940400
20221129,09:17:21,18718.55,650,11940400
20221129,09:17:23,18718.65,450,11940400
20221129,09:17:24,18717.65,2850,11940400
20221129,09:17:25,18717.70,300,11924500
20221129,09:17:26,18718.40,400,11924500
20221129,09:17:26,18718.40,200,11924500
20221129,09:17:27,18717.15,200,11924500
20221129,09:17:28,18717.90,1450,11924500
20221129,09:17:30,18714.90,800,11924500
20221129,09:17:31,18713.75,150,11924500
20221129,09:17:32,18713.75,2150,11924500
20221129,09:17:33,18722.10,19200,11924500
20221129,09:17:33,18714.80,200,11924500
20221129,09:17:34,18716.25,600,11924500
20221129,09:17:36,18714.00,600,11924500
20221129,09:17:37,18713.50,300,11924500
20221129,09:17:38,18715.00,550,11924500
20221129,09:17:39,18714.55,450,11924500
20221129,09:17:39,18713.00,200,11924500
20221129,09:17:40,18712.75,650,11924500
20221129,09:17:41,18715.00,450,11924500
20221129,09:17:43,18712.25,350,11924500
20221129,09:17:44,18713.95,500,11924500
20221129,09:17:45,18713.80,1150,11924500
20221129,09:17:46,18713.80,350,11924500
20221129,09:17:46,18714.40,550,11924500
20221129,09:17:47,18714.55,700,11924500
20221129,09:17:48,18715.30,550,11924500
20221129,09:17:50,18713.20,1600,11924500
20221129,09:17:51,18715.60,300,11924500
20221129,09:17:52,18713.20,900,11924500
20221129,09:17:53,18713.05,800,11924500
20221129,09:17:54,18713.50,300,11924500
20221129,09:17:55,18715.00,2050,11924500
20221129,09:17:57,18715.15,1400,11924500
20221129,09:17:58,18713.85,450,11924500
20221129,09:17:59,18713.50,300,11924500
20221129,09:18:00,18713.15,150,11924500
20221129,09:18:01,18713.75,500,11924500
20221129,09:18:02,18714.00,1200,11924500
20221129,09:18:05,18713.10,500,11924500
20221129,09:18:06,18713.95,250,11924500
20221129,09:18:07,18714.55,900,11924500
20221129,09:18:08,18713.80,100,11924500
20221129,09:18:09,18713.60,100,11924500
20221129,09:18:11,18713.95,350,11924500
20221129,09:18:12,18716.50,1050,11924500
20221129,09:18:13,18714.55,100,11924500
20221129,09:18:14,18716.95,250,11924500
20221129,09:18:15,18717.00,250,11924500
20221129,09:18:16,18715.60,350,11924500
20221129,09:18:18,18717.50,500,11924500
20221129,09:18:19,18717.35,350,11924500
20221129,09:18:20,18717.00,500,11924500
20221129,09:18:21,18718.00,1350,11924500
20221129,09:18:22,18715.85,1600,11924500
20221129,09:18:23,18715.40,2250,11924500
20221129,09:18:25,18718.10,100,11924500
20221129,09:18:26,18716.95,250,11924500
20221129,09:18:27,18715.45,3150,11924500
20221129,09:18:28,18716.25,400,11924500
20221129,09:18:28,18716.45,50,11924500
20221129,09:18:29,18718.00,200,11924500
20221129,09:18:30,18716.55,150,11924500
20221129,09:18:32,18719.00,450,11924500
20221129,09:18:33,18719.00,300,11924500
20221129,09:18:34,18716.25,2850,11924500
20221129,09:18:35,18719.00,100,11924500
20221129,09:18:36,18718.75,800,11924500
20221129,09:18:37,18718.80,100,11924500
20221129,09:18:39,18718.75,250,11924500
20221129,09:18:40,18718.65,150,11924500
20221129,09:18:41,18718.00,50,11924500
20221129,09:18:42,18717.80,250,11924500
20221129,09:18:43,18719.00,500,11924500
20221129,09:18:43,18719.15,100,11924500
20221129,09:18:44,18719.00,150,11924500
20221129,09:18:46,18720.00,300,11924500
20221129,09:18:47,18717.40,300,11924500
20221129,09:18:49,18717.05,250,11924500
20221129,09:18:50,18717.15,300,11924500
20221129,09:18:50,18719.50,1100,11924500
20221129,09:18:52,18718.00,200,11924500
20221129,09:18:53,18718.45,200,11924500
20221129,09:18:54,18715.75,900,11924500
20221129,09:18:55,18718.70,150,11924500
20221129,09:18:56,18715.40,250,11924500
20221129,09:18:57,18715.90,700,11924500
20221129,09:18:57,18718.50,50,11924500
20221129,09:18:58,18717.50,50,11924500
20221129,09:19:00,18716.60,5050,11924500
20221129,09:19:01,18718.00,300,11924500
20221129,09:19:02,18716.45,1800,11924500
20221129,09:19:03,18716.20,500,11924500
20221129,09:19:04,18719.00,150,11924500
20221129,09:19:05,18716.00,150,11924500
20221129,09:19:07,18716.15,50,11924500
20221129,09:19:08,18719.15,400,11924500
20221129,09:19:09,18719.00,300,11924500
20221129,09:19:10,18716.05,100,11924500
20221129,09:19:11,18716.00,50,11924500
20221129,09:19:12,18717.00,50,11924500
20221129,09:19:14,18717.75,1450,11924500
20221129,09:19:15,18719.00,350,11924500
20221129,09:19:16,18716.00,1250,11924500
20221129,09:19:17,18715.60,1300,11924500
20221129,09:19:18,18715.35,150,11924500
20221129,09:19:19,18715.35,50,11924500
20221129,09:19:19,18715.25,200,11924500
20221129,09:19:20,18715.60,250,11924500
20221129,09:19:22,18716.80,350,11924500
20221129,09:19:23,18716.80,100,11924500
20221129,09:19:24,18716.60,150,11924500
20221129,09:19:26,18715.05,2250,11924500
20221129,09:19:27,18715.25,350,11924500
20221129,09:19:28,18715.35,50,11924500
20221129,09:19:30,18715.45,650,11924500
20221129,09:19:31,18718.00,900,11924500
20221129,09:19:32,18715.15,200,11924500
20221129,09:19:33,18717.00,850,11924500
20221129,09:19:34,18717.40,250,11924500
20221129,09:19:35,18714.90,100,11924500
20221129,09:19:37,18715.10,200,11924500
20221129,09:19:38,18715.05,350,11924500
20221129,09:19:39,18715.05,100,11924500
20221129,09:19:40,18717.00,550,11924500
20221129,09:19:41,18718.00,2150,11924500
20221129,09:19:42,18717.20,500,11924500
20221129,09:19:42,18717.70,150,11924500
20221129,09:19:44,18717.60,550,11924500
20221129,09:19:45,18717.70,150,11924500
20221129,09:19:46,18717.75,100,11924500
20221129,09:19:47,18718.45,1800,11924500
20221129,09:19:48,18718.30,100,11924500
20221129,09:19:49,18718.70,1750,11924500
20221129,09:19:49,18719.70,100,11924500
20221129,09:19:51,18721.90,6850,11924500
20221129,09:19:52,18723.00,1100,11924500
20221129,09:19:53,18723.00,500,11924500
20221129,09:19:54,18723.00,300,11924500
20221129,09:19:55,18723.00,200,11924500
20221129,09:19:56,18723.00,1100,11924500
20221129,09:19:56,18723.00,200,11924500
20221129,09:19:58,18724.00,1950,11924500
20221129,09:19:59,18723.35,600,11924500
20221129,09:20:00,18724.00,1000,11924500
20221129,09:20:01,18724.00,1150,11924500
20221129,09:20:02,18725.00,1050,11924500
20221129,09:20:03,18725.00,1200,11924500
20221129,09:20:05,18725.90,1600,11924500
20221129,09:20:06,18726.35,600,11924500
20221129,09:20:07,18727.10,900,11924500
20221129,09:20:08,18727.10,500,11924500
20221129,09:20:09,18725.00,200,11924500
20221129,09:20:09,18727.05,50,11924500
20221129,09:20:10,18725.80,400,11924500
20221129,09:20:12,18725.85,300,11924500
20221129,09:20:13,18723.35,1800,11924500
20221129,09:20:14,18724.05,850,11924500
20221129,09:20:15,18724.95,1500,11924500
20221129,09:20:16,18724.95,850,11924500
20221129,09:20:16,18724.00,250,11924500
20221129,09:20:17,18723.00,1150,11924500
20221129,09:20:19,18724.20,1550,11924500
20221129,09:20:21,18722.00,100,11924500
20221129,09:20:23,18722.30,150,11924500
20221129,09:20:23,18722.60,200,11924500
20221129,09:20:24,18725.00,850,11929600
20221129,09:20:26,18724.20,850,11929600
20221129,09:20:27,18721.55,2500,11929600
20221129,09:20:28,18720.80,400,11929600
20221129,09:20:29,18722.00,300,11929600
20221129,09:20:30,18720.00,650,11929600
20221129,09:20:31,18720.60,50,11929600
20221129,09:20:32,18719.10,2650,11929600
20221129,09:20:33,18720.80,50,11929600
20221129,09:20:34,18720.40,250,11929600
20221129,09:20:35,18720.30,250,11929600
20221129,09:20:36,18719.25,400,11929600
20221129,09:20:37,18718.00,650,11929600
20221129,09:20:38,18718.00,700,11929600
20221129,09:20:39,18716.90,1100,11929600
20221129,09:20:40,18720.00,100,11929600
20221129,09:20:41,18718.60,1750,11929600
20221129,09:20:42,18720.00,1600,11929600
20221129,09:20:43,18722.60,300,11929600
20221129,09:20:44,18723.55,550,11929600
20221129,09:20:45,18724.00,300,11929600
20221129,09:20:46,18722.85,50,11929600
20221129,09:20:47,18725.00,200,11929600
20221129,09:20:48,18727.65,3450,11929600
20221129,09:20:49,18726.00,200,11929600
20221129,09:20:50,18728.00,2350,11929600
20221129,09:20:51,18728.15,1550,11929600
20221129,09:20:52,18728.60,2550,11929600
20221129,09:20:53,18723.80,300,11929600
20221129,09:20:54,18726.25,50,11929600
20221129,09:20:55,18727.00,250,11929600
20221129,09:20:56,18727.00,150,11929600
20221129,09:20:57,18725.00,50,11929600
20221129,09:20:58,18726.95,200,11929600
20221129,09:20:59,18724.95,2050,11929600
20221129,09:21:00,18725.00,850,11929600
20221129,09:21:01,18725.00,850,11929600
20221129,09:21:02,18724.00,150,11929600
20221129,09:21:03,18724.05,2750,11929600
20221129,09:21:04,18727.00,50,11929600
20221129,09:21:05,18725.00,1350,11929600
20221129,09:21:06,18725.00,150,11929600
20221129,09:21:07,18728.40,700,11929600
20221129,09:21:08,18725.20,50,11929600
20221129,09:21:09,18727.30,50,11929600
20221129,09:21:10,18725.30,150,11929600
20221129,09:21:11,18725.40,250,11929600
20221129,09:21:12,18725.20,150,11929600
20221129,09:21:13,18725.65,950,11929600
20221129,09:21:14,18728.80,500,11929600
20221129,09:21:15,18727.80,150,11929600
20221129,09:21:16,18729.90,1050,11929600
20221129,09:21:17,18728.00,500,11929600
20221129,09:21:18,18728.30,400,11929600
20221129,09:21:19,18725.80,1500,11929600
20221129,09:21:20,18727.90,850,11929600
20221129,09:21:21,18726.95,200,11929600
20221129,09:21:22,18729.80,150,11929600
20221129,09:21:23,18729.10,700,11929600
20221129,09:21:24,18727.90,250,11929600
20221129,09:21:25,18728.55,650,11929600
20221129,09:21:26,18725.00,650,11929600
20221129,09:21:27,18726.90,300,11929600
20221129,09:21:28,18727.00,100,11929600
20221129,09:21:29,18727.00,700,11929600
20221129,09:21:30,18726.70,300,11929600
20221129,09:21:31,18728.80,600,11929600
20221129,09:21:33,18728.00,200,11929600
20221129,09:21:34,18726.05,250,11929600
20221129,09:21:35,18726.00,500,11929600
20221129,09:21:36,18726.95,450,11929600
20221129,09:21:38,18726.00,100,11929600
20221129,09:21:39,18726.20,250,11929600
20221129,09:21:40,18725.85,250,11929600
20221129,09:21:41,18725.00,650,11929600
20221129,09:21:42,18725.00,200,11929600
20221129,09:21:43,18725.00,150,11929600
20221129,09:21:44,18725.00,150,11929600
20221129,09:21:45,18725.00,350,11929600
20221129,09:21:47,18725.30,200,11929600
20221129,09:21:48,18725.00,200,11929600
20221129,09:21:49,18724.05,150,11929600
20221129,09:21:50,18724.00,150,11929600
20221129,09:21:51,18724.50,700,11929600
20221129,09:21:52,18723.20,100,11929600
20221129,09:21:53,18723.20,200,11929600
20221129,09:21:54,18722.55,650,11929600
20221129,09:21:55,18722.00,700,11929600
20221129,09:21:56,18722.65,50,11929600
20221129,09:21:57,18723.00,1400,11929600
20221129,09:21:58,18724.85,550,11929600
20221129,09:21:59,18723.40,150,11929600
20221129,09:22:00,18722.65,650,11929600
20221129,09:22:01,18724.70,450,11929600
20221129,09:22:02,18723.00,1450,11929600
20221129,09:22:03,18723.10,800,11929600
20221129,09:22:04,18722.95,150,11929600
20221129,09:22:05,18723.20,700,11929600
20221129,09:22:06,18722.00,1350,11929600
20221129,09:22:07,18722.20,350,11929600
20221129,09:22:08,18722.00,250,11929600
20221129,09:22:09,18720.55,200,11929600
20221129,09:22:10,18721.45,1650,11929600
20221129,09:22:11,18722.30,1250,11929600
20221129,09:22:12,18722.80,2300,11929600
20221129,09:22:13,18723.15,350,11929600
20221129,09:22:14,18725.00,100,11929600
20221129,09:22:15,18726.00,850,11929600
20221129,09:22:16,18724.55,200,11929600
20221129,09:22:17,18722.55,400,11929600
20221129,09:22:18,18722.20,100,11929600
20221129,09:22:19,18724.95,50,11929600
20221129,09:22:20,18724.55,50,11929600
20221129,09:22:21,18724.55,200,11929600
20221129,09:22:22,18724.55,250,11929600
20221129,09:22:23,18724.90,1450,11929600
20221129,09:22:24,18722.55,2900,11929600
20221129,09:22:25,18722.15,350,11929600
20221129,09:22:26,18722.00,300,11929600
20221129,09:22:28,18720.45,200,11929600
20221129,09:22:29,18721.20,200,11929600
20221129,09:22:30,18722.20,850,11929600
20221129,09:22:31,18722.05,1650,11929600
20221129,09:22:32,18723.95,100,11929600
20221129,09:22:33,18721.25,300,11929600
20221129,09:22:35,18722.00,200,11929600
20221129,09:22:36,18721.95,700,11929600
20221129,09:22:37,18721.95,150,11929600
20221129,09:22:38,18721.75,600,11929600
20221129,09:22:39,18721.75,400,11929600
20221129,09:22:40,18722.30,1250,11929600
20221129,09:22:41,18721.95,200,11929600
20221129,09:22:42,18721.80,150,11929600
20221129,09:22:43,18721.75,150,11929600
20221129,09:22:44,18722.25,50,11929600
20221129,09:22:45,18722.25,100,11929600
20221129,09:22:46,18722.70,1000,11929600
20221129,09:22:47,18723.10,50,11929600
20221129,09:22:48,18724.00,400,11929600
20221129,09:22:50,18724.00,350,11929600
20221129,09:22:51,18723.95,550,11929600
20221129,09:22:52,18723.55,150,11929600
20221129,09:22:53,18723.00,100,11929600
20221129,09:22:54,18724.55,350,11929600
20221129,09:22:55,18724.95,550,11929600
20221129,09:22:57,18723.60,150,11929600
20221129,09:22:58,18722.85,100,11929600
20221129,09:22:59,18723.90,300,11929600
20221129,09:23:00,18723.10,450,11929600
20221129,09:23:01,18724.85,100,11929600
20221129,09:23:02,18725.00,750,11929600
20221129,09:23:03,18727.00,2200,11929600
20221129,09:23:04,18726.85,1450,11929600
20221129,09:23:05,18729.00,1350,11929600
20221129,09:23:06,18729.00,150,11929600
20221129,09:23:07,18729.00,1100,11929600
20221129,09:23:08,18729.00,100,11929600
20221129,09:23:09,18729.90,550,11929600
20221129,09:23:10,18728.30,450,11929600
20221129,09:23:11,18729.90,500,11929600
20221129,09:23:12,18727.50,200,11929600
20221129,09:23:13,18727.45,950,11929600
20221129,09:23:14,18728.30,250,11929600
20221129,09:23:15,18728.80,350,11929600
20221129,09:23:16,18728.60,400,11929600
20221129,09:23:17,18728.90,650,11929600
20221129,09:23:18,18729.90,850,11929600
20221129,09:23:19,18729.90,1050,11929600
20221129,09:23:20,18729.00,600,11929600
20221129,09:23:21,18729.00,550,11929600
20221129,09:23:23,18729.00,450,11929600
20221129,09:23:23,18728.60,50,11929600
20221129,09:23:24,18728.55,250,11929600
20221129,09:23:26,18728.85,150,11918000
20221129,09:23:27,18728.10,850,11918000
20221129,09:23:28,18728.85,600,11918000
20221129,09:23:29,18728.85,250,11918000
20221129,09:23:31,18729.90,1600,11918000
20221129,09:23:32,18728.85,600,11918000
20221129,09:23:33,18729.90,350,11918000
20221129,09:23:34,18729.90,850,11918000
20221129,09:23:36,18729.95,800,11918000
20221129,09:23:37,18729.90,50,11918000
20221129,09:23:38,18729.90,150,11918000
20221129,09:23:39,18733.85,5600,11918000
20221129,09:23:40,18734.65,2350,11918000
20221129,09:23:42,18734.70,650,11918000
20221129,09:23:43,18734.70,1250,11918000
20221129,09:23:44,18732.95,1300,11918000
20221129,09:23:45,18731.05,550,11918000
20221129,09:23:46,18731.65,150,11918000
20221129,09:23:47,18733.70,1200,11918000
20221129,09:23:48,18733.90,250,11918000
20221129,09:23:50,18734.00,500,11918000
20221129,09:23:50,18731.60,50,11918000
20221129,09:23:51,18731.65,300,11918000
20221129,09:23:52,18734.05,100,11918000
20221129,09:23:53,18734.05,200,11918000
20221129,09:23:55,18731.95,700,11918000
20221129,09:23:56,18734.00,100,11918000
20221129,09:23:57,18733.00,250,11918000
20221129,09:23:59,18734.70,2250,11918000
20221129,09:24:00,18734.00,250,11918000
20221129,09:24:01,18734.70,300,11918000
20221129,09:24:02,18734.90,1850,11918000
20221129,09:24:03,18735.00,2300,11918000
20221129,09:24:04,18735.00,1000,11918000
20221129,09:24:05,18736.60,3250,11918000
20221129,09:24:06,18738.00,1100,11918000
20221129,09:24:07,18734.60,100,11918000
20221129,09:24:09,18736.90,350,11918000
20221129,09:24:10,18738.00,650,11918000
20221129,09:24:10,18736.15,250,11918000
20221129,09:24:11,18737.35,750,11918000
20221129,09:24:12,18735.50,650,11918000
20221129,09:24:13,18736.90,500,11918000
20221129,09:24:15,18736.00,50,11918000
20221129,09:24:15,18736.90,50,11918000
20221129,09:24:16,18735.60,150,11918000
20221129,09:24:17,18737.35,1650,11918000
20221129,09:24:18,18736.15,400,11918000
20221129,09:24:19,18738.00,1550,11918000
20221129,09:24:20,18735.00,1150,11918000
20221129,09:24:21,18735.00,650,11918000
20221129,09:24:23,18736.45,450,11918000
20221129,09:24:24,18738.30,4450,11918000
20221129,09:24:26,18738.85,1800,11918000
20221129,09:24:27,18735.00,1250,11918000
20221129,09:24:28,18736.65,150,11918000
20221129,09:24:29,18735.00,150,11918000
20221129,09:24:30,18736.00,100,11918000
20221129,09:24:32,18736.00,850,11918000
20221129,09:24:32,18734.00,50,11918000
20221129,09:24:33,18734.00,150,11918000
20221129,09:24:34,18735.20,500,11918000
20221129,09:24:35,18736.00,300,11918000
20221129,09:24:36,18736.00,350,11918000
20221129,09:24:38,18736.95,500,11918000
20221129,09:24:39,18736.85,50,11918000
20221129,09:24:40,18738.00,1050,11918000
20221129,09:24:41,18737.25,250,11918000
20221129,09:24:42,18737.35,300,11918000
20221129,09:24:43,18737.25,650,11918000
20221129,09:24:45,18738.90,1250,11918000
20221129,09:24:45,18737.25,50,11918000
20221129,09:24:46,18738.00,100,11918000
20221129,09:24:47,18737.10,250,11918000
20221129,09:24:48,18736.30,350,11918000
20221129,09:24:49,18737.25,350,11918000
20221129,09:24:51,18737.25,750,11918000
20221129,09:24:52,18736.15,600,11918000
20221129,09:24:53,18737.00,100,11918000
20221129,09:24:54,18736.30,1150,11918000
20221129,09:24:55,18737.00,150,11918000
20221129,09:24:57,18737.00,200,11918000
20221129,09:24:57,18737.00,950,11918000
20221129,09:24:58,18736.30,200,11918000
20221129,09:24:59,18736.65,500,11918000
20221129,09:25:00,18738.00,1500,11918000
20221129,09:25:01,18737.50,300,11918000
20221129,09:25:03,18738.90,1350,11918000
20221129,09:25:04,18739.00,1700,11918000
20221129,09:25:05,18739.00,1400,11918000
20221129,09:25:06,18738.55,150,11918000
20221129,09:25:08,18739.00,400,11918000
20221129,09:25:08,18737.60,100,11918000
20221129,09:25:09,18737.95,350,11918000
20221129,09:25:10,18738.00,500,11918000
20221129,09:25:11,18739.60,800,11918000
20221129,09:25:12,18739.60,1700,11918000
20221129,09:25:14,18737.05,750,11918000
20221129,09:25:14,18736.45,50,11918000
20221129,09:25:15,18737.05,100,11918000
20221129,09:25:16,18737.05,200,11918000
20221129,09:25:17,18737.05,100,11918000
20221129,09:25:19,18737.05,1000,11918000
20221129,09:25:20,18736.05,200,11918000
20221129,09:25:21,18738.00,950,11918000
20221129,09:25:22,18737.00,450,11918000
20221129,09:25:23,18734.00,2700,11918000
20221129,09:25:25,18734.85,550,11918000
20221129,09:25:25,18732.25,50,11918000
20221129,09:25:26,18735.00,2450,11918000
20221129,09:25:27,18736.00,550,11918000
20221129,09:25:28,18732.65,950,11918000
20221129,09:25:29,18735.00,50,11918000
20221129,09:25:30,18732.40,50,11918000
20221129,09:25:31,18732.65,350,11918000
20221129,09:25:33,18734.95,500,11918000
20221129,09:25:34,18733.10,350,11918000
20221129,09:25:35,18733.60,50,11918000
20221129,09:25:37,18735.00,1200,11918000
20221129,09:25:38,18733.95,1100,11918000
20221129,09:25:38,18733.95,100,11918000
20221129,09:25:39,18733.95,1800,11918000
20221129,09:25:40,18734.35,400,11918000
20221129,09:25:42,18734.95,200,11918000
20221129,09:25:43,18733.55,150,11918000
20221129,09:25:44,18732.65,250,11918000
20221129,09:25:45,18733.55,100,11918000
20221129,09:25:46,18732.65,150,11918000
20221129,09:25:47,18732.05,1100,11918000
20221129,09:25:48,18731.95,1500,11918000
20221129,09:25:49,18733.10,50,11918000
20221129,09:25:51,18733.95,700,11918000
20221129,09:25:51,18733.55,300,11918000
20221129,09:25:52,18733.95,150,11918000
20221129,09:25:55,18733.95,1900,11918000
20221129,09:25:55,18734.00,100,11918000
20221129,09:25:56,18734.75,150,11918000
20221129,09:25:57,18733.55,1300,11918000
20221129,09:25:59,18735.00,450,11918000
20221129,09:25:59,18735.00,2000,11918000
20221129,09:26:01,18735.60,2400,11918000
20221129,09:26:03,18736.00,800,11918000
20221129,09:26:04,18735.60,150,11918000
20221129,09:26:04,18735.75,50,11918000
20221129,09:26:05,18735.85,200,11918000
20221129,09:26:06,18736.15,300,11918000
20221129,09:26:07,18735.60,150,11918000
20221129,09:26:08,18735.85,1100,11918000
20221129,09:26:09,18734.00,800,11918000
20221129,09:26:11,18734.95,300,11918000
20221129,09:26:12,18734.00,1350,11918000
20221129,09:26:13,18735.90,300,11918000
20221129,09:26:14,18736.00,650,11918000
20221129,09:26:15,18736.00,1300,11918000
20221129,09:26:17,18732.00,450,11918000
20221129,09:26:17,18732.25,100,11918000
20221129,09:26:19,18734.00,50,11918000
20221129,09:26:20,18734.00,100,11918000
20221129,09:26:20,18731.70,50,11918000
20221129,09:26:22,18731.80,50,11918000
20221129,09:26:24,18731.55,50,11918000
20221129,09:26:25,18732.35,100,11918000
20221129,09:26:27,18731.70,500,11918000
20221129,09:26:28,18731.75,150,11918500
20221129,09:26:29,18732.30,150,11918500
20221129,09:26:31,18732.95,1700,11918500
20221129,09:26:32,18732.60,100,11918500
20221129,09:26:32,18733.00,750,11918500
20221129,09:26:33,18733.30,350,11918500
20221129,09:26:34,18734.00,100,11918500
20221129,09:26:35,18733.45,100,11918500
20221129,09:26:36,18733.75,600,11918500
20221129,09:26:37,18735.90,50,11918500
20221129,09:26:38,18733.00,700,11918500
20221129,09:26:39,18734.00,50,11918500
20221129,09:26:40,18734.00,100,11918500
20221129,09:26:41,18733.25,100,11918500
20221129,09:26:43,18734.90,1700,11918500
20221129,09:26:44,18738.00,600,11918500
20221129,09:26:45,18736.65,600,11918500
20221129,09:26:46,18736.60,150,11918500
20221129,09:26:47,18736.65,150,11918500
20221129,09:26:48,18738.15,250,11918500
20221129,09:26:49,18735.40,300,11918500
20221129,09:26:51,18738.30,150,11918500
20221129,09:26:52,18738.00,100,11918500
20221129,09:26:53,18736.40,300,11918500
20221129,09:26:55,18735.60,100,11918500
20221129,09:26:56,18735.35,200,11918500
20221129,09:26:56,18736.45,50,11918500
20221129,09:26:58,18735.30,250,11918500
20221129,09:27:00,18735.75,150,11918500
20221129,09:27:01,18735.00,750,11918500
20221129,09:27:01,18735.00,100,11918500
20221129,09:27:02,18736.00,200,11918500
20221129,09:27:03,18735.00,150,11918500
20221129,09:27:04,18734.00,200,11918500
20221129,09:27:06,18734.00,600,11918500
20221129,09:27:07,18734.50,50,11918500
20221129,09:27:08,18734.25,250,11918500
20221129,09:27:09,18734.65,300,11918500
20221129,09:27:10,18733.20,500,11918500
20221129,09:27:11,18734.75,50,11918500
20221129,09:27:13,18734.35,300,11918500
20221129,09:27:14,18734.75,300,11918500
20221129,09:27:15,18735.95,200,11918500
20221129,09:27:16,18734.00,250,11918500
20221129,09:27:18,18734.25,1150,11918500
20221129,09:27:19,18734.50,250,11918500
20221129,09:27:19,18735.00,50,11918500
20221129,09:27:21,18734.70,100,11918500
20221129,09:27:22,18735.00,300,11918500
20221129,09:27:23,18734.95,100,11918500
20221129,09:27:24,18735.85,3950,11918500
20221129,09:27:25,18736.40,300,11918500
20221129,09:27:27,18737.20,450,11918500
20221129,09:27:28,18736.00,250,11918500
20221129,09:27:29,18735.45,200,11918500
20221129,09:27:30,18737.85,100,11918500
20221129,09:27:31,18738.00,250,11918500
20221129,09:27:32,18736.05,550,11918500
20221129,09:27:32,18738.50,50,11918500
20221129,09:27:33,18736.00,350,11918500
20221129,09:27:34,18738.00,100,11918500
20221129,09:27:35,18737.00,250,11918500
20221129,09:27:36,18738.90,250,11918500
20221129,09:27:37,18739.00,700,11918500
20221129,09:27:38,18739.60,350,11918500
20221129,09:27:39,18737.90,150,11918500
20221129,09:27:40,18739.75,250,11918500
20221129,09:27:41,18739.85,200,11918500
20221129,09:27:42,18739.85,200,11918500
20221129,09:27:43,18739.90,600,11918500
20221129,09:27:44,18739.90,500,11918500
20221129,09:27:45,18742.00,6850,11918500
20221129,09:27:46,18742.00,150,11918500
20221129,09:27:47,18745.50,14900,11918500
20221129,09:27:48,18743.70,1750,11918500
20221129,09:27:49,18742.35,450,11918500
20221129,09:27:50,18741.00,500,11918500
20221129,09:27:51,18742.65,50,11918500
20221129,09:27:52,18741.20,500,11918500
20221129,09:27:53,18739.90,1000,11918500
20221129,09:27:55,18740.05,150,11918500
20221129,09:27:56,18741.35,200,11918500
20221129,09:27:57,18742.00,100,11918500
20221129,09:27:58,18742.00,150,11918500
20221129,09:27:59,18742.65,450,11918500
20221129,09:28:00,18742.65,150,11918500
20221129,09:28:01,18742.65,600,11918500
20221129,09:28:02,18742.45,450,11918500
20221129,09:28:03,18741.85,550,11918500
20221129,09:28:04,18740.00,450,11918500
20221129,09:28:05,18740.10,300,11918500
20221129,09:28:06,18740.00,550,11918500
20221129,09:28:07,18742.10,600,11918500
20221129,09:28:08,18742.30,50,11918500
20221129,09:28:09,18742.30,100,11918500
20221129,09:28:11,18742.00,500,11918500
20221129,09:28:12,18741.90,600,11918500
20221129,09:28:13,18740.00,600,11918500
20221129,09:28:14,18740.00,300,11918500
20221129,09:28:14,18739.90,150,11918500
20221129,09:28:15,18740.60,100,11918500
20221129,09:28:16,18741.35,50,11918500
20221129,09:28:17,18740.60,200,11918500
20221129,09:28:18,18741.75,200,11918500
20221129,09:28:19,18740.00,750,11918500
20221129,09:28:20,18740.10,1750,11918500
20221129,09:28:21,18742.00,300,11918500
20221129,09:28:22,18741.90,400,11918500
20221129,09:28:23,18741.90,50,11918500
20221129,09:28:25,18740.60,50,11918500
20221129,09:28:26,18740.45,500,11918500
20221129,09:28:27,18740.45,250,11918500
20221129,09:28:27,18741.85,50,11918500
20221129,09:28:28,18741.90,200,11918500
20221129,09:28:30,18741.90,150,11918500
20221129,09:28:31,18741.90,850,11918500
20221129,09:28:32,18742.00,50,11918500
20221129,09:28:33,18740.60,350,11918500
20221129,09:28:35,18742.30,400,11918500
20221129,09:28:37,18741.95,100,11918500
20221129,09:28:38,18742.00,550,11918500
20221129,09:28:39,18745.00,1350,11918500
20221129,09:28:40,18745.00,1800,11918500
20221129,09:28:41,18743.30,900,11918500
20221129,09:28:43,18743.90,250,11918500
20221129,09:28:44,18745.90,1200,11918500
20221129,09:28:45,18747.60,3250,11918500
20221129,09:28:46,18746.00,1300,11918500
20221129,09:28:47,18745.00,250,11918500
20221129,09:28:49,18743.90,300,11918500
20221129,09:28:50,18745.00,1150,11918500
20221129,09:28:51,18742.10,1000,11918500
20221129,09:28:52,18743.00,100,11918500
20221129,09:28:54,18742.95,400,11918500
20221129,09:28:55,18742.75,200,11918500
20221129,09:28:56,18743.20,400,11918500
20221129,09:28:56,18742.00,100,11918500
20221129,09:28:57,18742.00,200,11918500
20221129,09:28:59,18742.35,100,11918500
20221129,09:29:00,18742.45,1000,11918500
20221129,09:29:01,18741.00,1300,11918500
20221129,09:29:02,18740.00,500,11918500
20221129,09:29:04,18742.45,800,11918500
20221129,09:29:06,18740.55,150,11918500
20221129,09:29:07,18739.10,3750,11918500
20221129,09:29:07,18740.80,100,11918500
20221129,09:29:08,18739.00,550,11918500
20221129,09:29:10,18738.25,1150,11918500
20221129,09:29:11,18738.60,200,11918500
20221129,09:29:12,18740.95,200,11918500
20221129,09:29:13,18739.20,250,11918500
20221129,09:29:15,18739.85,100,11918500
20221129,09:29:16,18739.50,200,11918500
20221129,09:29:17,18741.00,500,11918500
20221129,09:29:18,18739.95,350,11918500
20221129,09:29:20,18739.95,350,11918500
20221129,09:29:21,18739.35,1250,11918500
20221129,09:29:22,18738.80,150,11918500
20221129,09:29:23,18738.25,150,11918500
20221129,09:29:25,18738.20,300,11918500
20221129,09:29:26,18738.85,1200,11918500
20221129,09:29:27,18738.00,100,11933600
20221129,09:29:28,18738.60,1000,11933600
20221129,09:29:29,18740.00,50,11933600
20221129,09:29:30,18739.00,200,11933600
20221129,09:29:31,18738.60,100,11933600
20221129,09:29:32,18738.60,200,11933600
20221129,09:29:33,18738.20,100,11933600
20221129,09:29:34,18738.00,150,11933600
20221129,09:29:35,18738.45,150,11933600
20221129,09:29:36,18739.00,300,11933600
20221129,09:29:37,18738.50,250,11933600
20221129,09:29:38,18738.00,50,11933600
20221129,09:29:39,18738.00,100,11933600
20221129,09:29:40,18739.40,700,11933600
20221129,09:29:41,18740.15,1900,11933600
20221129,09:29:42,18740.30,250,11933600
20221129,09:29:44,18740.00,300,11933600
20221129,09:29:45,18738.20,300,11933600
20221129,09:29:46,18737.90,150,11933600
20221129,09:29:47,18736.85,750,11933600
20221129,09:29:48,18738.05,300,11933600
20221129,09:29:49,18737.75,50,11933600
20221129,09:29:50,18738.05,100,11933600
20221129,09:29:51,18740.00,200,11933600
20221129,09:29:53,18738.80,700,11933600
20221129,09:29:54,18739.55,250,11933600
20221129,09:29:55,18740.70,150,11933600
20221129,09:29:56,18737.55,1250,11933600
20221129,09:29:58,18740.70,350,11933600
20221129,09:29:59,18740.75,50,11933600
20221129,09:30:00,18735.35,1000,11933600
20221129,09:30:00,18736.05,300,11933600
20221129,09:30:01,18735.80,250,11933600
20221129,09:30:02,18736.85,100,11933600
20221129,09:30:03,18737.25,1750,11933600
20221129,09:30:04,18741.00,1500,11933600
20221129,09:30:05,18741.00,1300,11933600
20221129,09:30:06,18741.60,2000,11933600
20221129,09:30:07,18742.25,450,11933600
20221129,09:30:08,18742.75,100,11933600
20221129,09:30:09,18740.50,150,11933600
20221129,09:30:10,18740.90,150,11933600
20221129,09:30:12,18740.00,250,11933600
20221129,09:30:13,18740.75,850,11933600
20221129,09:30:14,18740.05,300,11933600
20221129,09:30:15,18740.05,50,11933600
20221129,09:30:16,18740.50,150,11933600
20221129,09:30:17,18740.75,650,11933600
20221129,09:30:17,18740.75,100,11933600
20221129,09:30:19,18741.50,250,11933600
20221129,09:30:20,18741.95,600,11933600
20221129,09:30:21,18740.95,350,11933600
20221129,09:30:22,18742.00,550,11933600
20221129,09:30:23,18740.75,400,11933600
20221129,09:30:23,18741.00,50,11933600
20221129,09:30:25,18740.00,50,11933600
20221129,09:30:26,18736.75,2500,11933600
20221129,09:30:27,18740.45,300,11933600
20221129,09:30:28,18738.05,450,11933600
20221129,09:30:30,18740.90,1000,11933600
20221129,09:30:30,18738.80,50,11933600
20221129,09:30:31,18738.80,250,11933600
20221129,09:30:33,18737.50,250,11933600
20221129,09:30:34,18737.30,1200,11933600
20221129,09:30:35,18739.00,150,11933600
20221129,09:30:36,18738.60,150,11933600
20221129,09:30:38,18740.00,800,11933600
20221129,09:30:39,18736.45,400,11933600
20221129,09:30:40,18737.25,50,11933600
20221129,09:30:41,18739.15,150,11933600
20221129,09:30:43,18737.45,550,11933600
20221129,09:30:44,18738.60,50,11933600
20221129,09:30:45,18737.95,550,11933600
20221129,09:30:46,18736.10,750,11933600
20221129,09:30:48,18736.10,650,11933600
20221129,09:30:49,18736.10,450,11933600
20221129,09:30:50,18736.00,750,11933600
20221129,09:30:51,18737.45,700,11933600
20221129,09:30:52,18736.00,50,11933600
20221129,09:30:53,18735.50,1400,11933600
20221129,09:30:55,18737.40,450,11933600
20221129,09:30:56,18736.65,550,11933600
20221129,09:30:57,18737.40,1100,11933600
20221129,09:30:59,18736.65,250,11933600
20221129,09:31:00,18735.90,700,11933600
20221129,09:31:01,18736.40,100,11933600
20221129,09:31:02,18736.30,100,11933600
20221129,09:31:03,18735.95,1700,11933600
20221129,09:31:06,18736.60,150,11933600
20221129,09:31:07,18736.55,250,11933600
20221129,09:31:08,18736.00,100,11933600
20221129,09:31:09,18736.95,150,11933600
20221129,09:31:10,18736.00,300,11933600
20221129,09:31:10,18736.00,100,11933600
20221129,09:31:12,18735.30,50,11933600
20221129,09:31:13,18735.65,1250,11933600
20221129,09:31:14,18736.30,200,11933600
20221129,09:31:15,18739.00,350,11933600
20221129,09:31:16,18739.00,50,11933600
20221129,09:31:18,18737.35,200,11933600
20221129,09:31:19,18738.00,600,11933600
20221129,09:31:20,18736.55,50,11933600
20221129,09:31:21,18738.05,150,11933600
20221129,09:31:22,18739.55,150,11933600
20221129,09:31:25,18737.10,500,11933600
20221129,09:31:26,18738.10,250,11933600
20221129,09:31:27,18739.00,150,11933600
20221129,09:31:28,18737.15,100,11933600
20221129,09:31:28,18739.00,50,11933600
20221129,09:31:31,18738.90,750,11933600
20221129,09:31:33,18737.10,550,11933600
20221129,09:31:35,18738.00,150,11933600
20221129,09:31:36,18736.75,600,11933600
20221129,09:31:37,18736.10,1000,11933600
20221129,09:31:38,18735.55,650,11933600
20221129,09:31:40,18736.05,200,11933600
20221129,09:31:41,18738.50,150,11933600
20221129,09:31:42,18737.15,300,11933600
20221129,09:31:43,18736.40,100,11933600
20221129,09:31:43,18736.05,50,11933600
20221129,09:31:45,18738.10,400,11933600
20221129,09:31:46,18736.70,100,11933600
20221129,09:31:47,18736.90,100,11933600
20221129,09:31:48,18735.55,50,11933600
20221129,09:31:50,18735.55,150,11933600
20221129,09:31:51,18735.50,650,11933600
20221129,09:31:52,18735.55,50,11933600
20221129,09:31:53,18735.00,400,11933600
20221129,09:31:54,18735.00,50,11933600
20221129,09:31:56,18735.55,100,11933600
20221129,09:31:57,18735.55,300,11933600
20221129,09:31:58,18735.35,300,11933600
20221129,09:31:59,18735.05,2400,11933600
20221129,09:32:01,18735.05,1000,11933600
20221129,09:32:02,18735.10,1350,11933600
20221129,09:32:03,18735.15,500,11933600
20221129,09:32:06,18735.30,1350,11933600
20221129,09:32:07,18735.40,50,11933600
20221129,09:32:08,18736.70,2650,11933600
20221129,09:32:09,18736.15,1400,11933600
20221129,09:32:11,18739.95,550,11933600
20221129,09:32:12,18738.00,150,11933600
20221129,09:32:13,18737.90,300,11933600
20221129,09:32:14,18738.45,150,11933600
20221129,09:32:16,18737.90,250,11933600
20221129,09:32:17,18739.50,300,11933600
20221129,09:32:18,18738.45,200,11933600
20221129,09:32:19,18738.45,100,11933600
20221129,09:32:21,18738.45,1100,11933600
20221129,09:32:22,18738.40,550,11933600
20221129,09:32:24,18738.50,500,11933600
20221129,09:32:26,18738.35,400,11933600
20221129,09:32:27,18739.75,950,11933600
20221129,09:32:28,18739.90,250,11933600
20221129,09:32:29,18740.95,2950,11943750
20221129,09:32:30,18740.70,350,11943750
20221129,09:32:31,18742.00,450,11943750
20221129,09:32:32,18742.00,50,11943750
20221129,09:32:33,18741.20,50,11943750
20221129,09:32:34,18742.00,350,11943750
20221129,09:32:35,18741.85,500,11943750
20221129,09:32:36,18740.25,450,11943750
20221129,09:32:38,18742.85,1500,11943750
20221129,09:32:39,18741.85,550,11943750
20221129,09:32:41,18741.85,50,11943750
20221129,09:32:43,18740.90,150,11943750
20221129,09:32:44,18741.75,50,11943750
20221129,09:32:45,18742.00,200,11943750
20221129,09:32:46,18741.85,750,11943750
20221129,09:32:47,18741.35,150,11943750
20221129,09:32:48,18741.25,300,11943750
20221129,09:32:49,18743.15,800,11943750
20221129,09:32:50,18743.70,1250,11943750
20221129,09:32:51,18741.75,200,11943750
20221129,09:32:52,18741.75,150,11943750
20221129,09:32:53,18741.05,50,11943750
20221129,09:32:54,18740.90,150,11943750
20221129,09:32:55,18742.00,450,11943750
20221129,09:32:56,18742.00,250,11943750
20221129,09:32:57,18743.00,850,11943750
20221129,09:32:58,18742.00,750,11943750
20221129,09:33:00,18743.60,350,11943750
20221129,09:33:01,18742.00,650,11943750
20221129,09:33:02,18743.95,350,11943750
20221129,09:33:03,18741.45,400,11943750
20221129,09:33:04,18741.05,50,11943750
20221129,09:33:05,18741.75,250,11943750
20221129,09:33:06,18741.55,150,11943750
20221129,09:33:07,18742.00,250,11943750
20221129,09:33:08,18741.75,450,11943750
20221129,09:33:10,18743.55,100,11943750
20221129,09:33:11,18741.55,400,11943750
20221129,09:33:12,18742.90,200,11943750
20221129,09:33:13,18741.45,1550,11943750
20221129,09:33:14,18740.00,150,11943750
20221129,09:33:15,18740.00,150,11943750
20221129,09:33:16,18740.60,150,11943750
20221129,09:33:17,18741.00,100,11943750
20221129,09:33:18,18740.00,400,11943750
20221129,09:33:19,18740.00,100,11943750
20221129,09:33:21,18739.85,300,11943750
20221129,09:33:22,18740.00,250,11943750
20221129,09:33:23,18740.00,50,11943750
20221129,09:33:24,18739.10,100,11943750
20221129,09:33:25,18740.00,50,11943750
20221129,09:33:26,18740.00,150,11943750
20221129,09:33:27,18740.00,100,11943750
20221129,09:33:28,18739.10,200,11943750
20221129,09:33:29,18740.00,250,11943750
20221129,09:33:30,18738.75,200,11943750
20221129,09:33:31,18740.00,100,11943750
20221129,09:33:32,18740.60,450,11943750
20221129,09:33:33,18740.60,100,11943750
20221129,09:33:34,18739.00,50,11943750
20221129,09:33:35,18739.75,50,11943750
20221129,09:33:36,18739.90,50,11943750
20221129,09:33:37,18740.00,200,11943750
20221129,09:33:38,18740.60,100,11943750
20221129,09:33:39,18739.85,100,11943750
20221129,09:33:40,18738.05,1200,11943750
20221129,09:33:41,18739.75,550,11943750
20221129,09:33:42,18738.20,150,11943750
20221129,09:33:43,18738.05,100,11943750
20221129,09:33:44,18738.05,200,11943750
20221129,09:33:45,18739.90,300,11943750
20221129,09:33:46,18740.00,50,11943750
20221129,09:33:47,18739.65,200,11943750
20221129,09:33:48,18740.25,450,11943750
20221129,09:33:49,18740.60,200,11943750
20221129,09:33:50,18740.60,700,11943750
20221129,09:33:51,18740.40,250,11943750
20221129,09:33:52,18739.25,400,11943750
20221129,09:33:53,18739.25,200,11943750
20221129,09:33:55,18739.90,50,11943750
20221129,09:33:56,18739.00,500,11943750
20221129,09:33:57,18738.05,50,11943750
20221129,09:33:58,18738.95,50,11943750
20221129,09:33:59,18738.75,150,11943750
20221129,09:34:00,18738.95,100,11943750
20221129,09:34:01,18738.95,950,11943750
20221129,09:34:02,18739.00,50,11943750
20221129,09:34:05,18739.05,300,11943750
20221129,09:34:06,18739.45,200,11943750
20221129,09:34:07,18740.00,250,11943750
20221129,09:34:08,18740.30,700,11943750
20221129,09:34:09,18739.10,700,11943750
20221129,09:34:10,18738.65,650,11943750
20221129,09:34:12,18738.35,200,11943750
20221129,09:34:13,18738.60,200,11943750
20221129,09:34:14,18738.05,50,11943750
20221129,09:34:18,18739.50,250,11943750
20221129,09:34:19,18739.30,450,11943750
20221129,09:34:20,18739.55,350,11943750
20221129,09:34:21,18739.55,400,11943750
20221129,09:34:22,18739.55,150,11943750
20221129,09:34:23,18739.10,1100,11943750
20221129,09:34:24,18738.30,550,11943750
20221129,09:34:25,18737.05,1000,11943750
20221129,09:34:26,18738.75,650,11943750
20221129,09:34:27,18737.20,200,11943750
20221129,09:34:28,18737.25,50,11943750
20221129,09:34:30,18737.45,250,11943750
20221129,09:34:31,18736.60,500,11943750
20221129,09:34:32,18736.45,350,11943750
20221129,09:34:33,18735.20,450,11943750
20221129,09:34:35,18737.25,1100,11943750
20221129,09:34:36,18735.05,1200,11943750
20221129,09:34:37,18737.50,1600,11943750
20221129,09:34:38,18737.70,100,11943750
20221129,09:34:39,18736.10,50,11943750
20221129,09:34:40,18736.95,100,11943750
20221129,09:34:41,18735.45,350,11943750
20221129,09:34:43,18735.85,100,11943750
20221129,09:34:44,18735.65,50,11943750
20221129,09:34:45,18736.90,2500,11943750
20221129,09:34:46,18736.25,250,11943750
20221129,09:34:48,18735.10,1200,11943750
20221129,09:34:48,18735.00,650,11943750
20221129,09:34:49,18734.50,850,11943750
20221129,09:34:50,18734.20,1450,11943750
20221129,09:34:51,18734.70,500,11943750
20221129,09:34:52,18734.35,150,11943750
20221129,09:34:53,18734.65,400,11943750
20221129,09:34:54,18735.10,250,11943750
20221129,09:34:56,18736.60,400,11943750
20221129,09:34:57,18739.00,850,11943750
20221129,09:34:58,18740.00,300,11943750
20221129,09:35:00,18739.00,550,11943750
20221129,09:35:01,18737.15,200,11943750
20221129,09:35:02,18738.75,50,11943750
20221129,09:35:03,18737.35,150,11943750
20221129,09:35:04,18737.55,150,11943750
20221129,09:35:05,18737.55,50,11943750
20221129,09:35:07,18737.40,350,11943750
20221129,09:35:09,18737.40,100,11943750
20221129,09:35:11,18737.55,100,11943750
20221129,09:35:12,18737.45,550,11943750
20221129,09:35:16,18739.00,100,11943750
20221129,09:35:17,18740.00,150,11943750
20221129,09:35:19,18740.00,100,11943750
20221129,09:35:19,18740.00,500,11943750
20221129,09:35:21,18738.90,50,11943750
20221129,09:35:23,18739.00,150,11943750
20221129,09:35:24,18738.90,200,11943750
20221129,09:35:26,18739.00,450,11943750
20221129,09:35:28,18738.95,950,11939900
20221129,09:35:28,18738.95,50,11939900
20221129,09:35:29,18739.05,400,11939900
20221129,09:35:30,18738.55,1200,11939900
20221129,09:35:31,18738.35,50,11939900
20221129,09:35:35,18739.00,350,11939900
20221129,09:35:36,18737.50,1900,11939900
20221129,09:35:38,18737.50,250,11939900
20221129,09:35:39,18737.40,50,11939900
20221129,09:35:40,18735.00,1850,11939900
20221129,09:35:41,18737.50,400,11939900
20221129,09:35:44,18735.30,100,11939900
20221129,09:35:44,18737.00,50,11939900
20221129,09:35:45,18736.00,650,11939900
20221129,09:35:46,18735.35,1500,11939900
20221129,09:35:47,18735.00,1250,11939900
20221129,09:35:49,18736.90,500,11939900
20221129,09:35:50,18736.90,150,11939900
20221129,09:35:51,18735.30,850,11939900
20221129,09:35:52,18735.25,250,11939900
20221129,09:35:55,18735.00,150,11939900
20221129,09:35:55,18735.25,100,11939900
20221129,09:35:56,18735.30,750,11939900
20221129,09:35:57,18735.30,600,11939900
20221129,09:35:58,18736.00,100,11939900
20221129,09:36:00,18735.70,400,11939900
20221129,09:36:01,18736.30,50,11939900
20221129,09:36:02,18735.30,250,11939900
20221129,09:36:03,18735.75,250,11939900
20221129,09:36:04,18735.90,150,11939900
20221129,09:36:06,18737.50,600,11939900
20221129,09:36:06,18737.85,50,11939900
20221129,09:36:07,18739.05,200,11939900
20221129,09:36:08,18738.15,100,11939900
20221129,09:36:09,18738.55,100,11939900
20221129,09:36:11,18738.90,250,11939900
20221129,09:36:12,18739.80,100,11939900
20221129,09:36:13,18739.80,2600,11939900
20221129,09:36:14,18739.80,150,11939900
20221129,09:36:16,18740.60,600,11939900
20221129,09:36:16,18740.60,100,11939900
20221129,09:36:17,18741.00,850,11939900
20221129,09:36:18,18740.85,850,11939900
20221129,09:36:19,18740.85,200,11939900
20221129,09:36:21,18741.10,150,11939900
20221129,09:36:22,18742.00,250,11939900
20221129,09:36:23,18742.00,50,11939900
20221129,09:36:24,18743.00,600,11939900
20221129,09:36:26,18742.80,550,11939900
20221129,09:36:26,18744.00,800,11939900
20221129,09:36:27,18743.10,800,11939900
20221129,09:36:28,18745.00,800,11939900
20221129,09:36:29,18742.95,500,11939900
20221129,09:36:31,18744.95,400,11939900
20221129,09:36:31,18745.00,500,11939900
20221129,09:36:32,18744.40,1200,11939900
20221129,09:36:33,18741.10,600,11939900
20221129,09:36:34,18741.40,350,11939900
20221129,09:36:36,18740.00,3000,11939900
20221129,09:36:36,18740.00,100,11939900
20221129,09:36:37,18740.05,1850,11939900
20221129,09:36:38,18742.75,600,11939900
20221129,09:36:39,18743.00,500,11939900
20221129,09:36:40,18740.00,1950,11939900
20221129,09:36:41,18740.35,100,11939900
20221129,09:36:42,18740.35,1350,11939900
20221129,09:36:43,18741.50,750,11939900
20221129,09:36:44,18741.20,350,11939900
20221129,09:36:45,18739.80,50,11939900
20221129,09:36:46,18739.80,100,11939900
20221129,09:36:48,18740.00,150,11939900
20221129,09:36:49,18739.80,650,11939900
20221129,09:36:50,18738.95,100,11939900
20221129,09:36:51,18739.80,100,11939900
20221129,09:36:52,18739.05,150,11939900
20221129,09:36:54,18739.05,100,11939900
20221129,09:36:55,18738.00,600,11939900
20221129,09:36:56,18737.25,400,11939900
20221129,09:36:57,18737.95,100,11939900
20221129,09:36:58,18737.95,50,11939900
20221129,09:36:59,18738.35,100,11939900
20221129,09:37:00,18738.25,850,11939900
20221129,09:37:02,18737.20,50,11939900
20221129,09:37:03,18737.20,100,11939900
20221129,09:37:05,18737.20,50,11939900
20221129,09:37:06,18736.55,1300,11939900
20221129,09:37:06,18738.35,150,11939900
20221129,09:37:07,18738.00,200,11939900
20221129,09:37:08,18738.00,50,11939900
20221129,09:37:11,18737.70,50,11939900
20221129,09:37:12,18737.40,100,11939900
20221129,09:37:13,18737.75,150,11939900
20221129,09:37:14,18737.35,50,11939900
20221129,09:37:16,18737.55,150,11939900
20221129,09:37:17,18738.00,200,11939900
20221129,09:37:17,18738.00,50,11939900
20221129,09:37:18,18738.00,200,11939900
20221129,09:37:19,18738.60,250,11939900
20221129,09:37:20,18738.15,100,11939900
20221129,09:37:21,18738.75,300,11939900
20221129,09:37:22,18738.20,150,11939900
20221129,09:37:23,18737.40,250,11939900
20221129,09:37:24,18738.10,150,11939900
20221129,09:37:25,18737.15,300,11939900
20221129,09:37:26,18738.00,100,11939900
20221129,09:37:27,18738.20,150,11939900
20221129,09:37:28,18739.00,200,11939900
20221129,09:37:29,18738.75,150,11939900
20221129,09:37:30,18738.85,950,11939900
20221129,09:37:31,18739.80,100,11939900
20221129,09:37:33,18738.60,350,11939900
20221129,09:37:34,18737.95,350,11939900
20221129,09:37:35,18739.00,450,11939900
20221129,09:37:36,18738.45,100,11939900
20221129,09:37:38,18739.00,250,11939900
20221129,09:37:39,18738.30,100,11939900
20221129,09:37:40,18738.00,50,11939900
20221129,09:37:41,18737.75,300,11939900
20221129,09:37:44,18738.00,650,11939900
20221129,09:37:45,18738.00,1350,11939900
20221129,09:37:46,18737.80,250,11939900
20221129,09:37:47,18738.00,100,11939900
20221129,09:37:49,18737.80,200,11939900
20221129,09:37:50,18737.35,1400,11939900
20221129,09:37:52,18737.85,100,11939900
20221129,09:37:54,18737.90,350,11939900
20221129,09:37:56,18737.75,200,11939900
20221129,09:37:57,18736.00,700,11939900
20221129,09:37:58,18736.00,50,11939900
20221129,09:38:00,18736.00,800,11939900
20221129,09:38:01,18737.60,100,11939900
20221129,09:38:02,18737.75,350,11939900
20221129,09:38:03,18737.55,150,11939900
20221129,09:38:04,18736.70,50,11939900
20221129,09:38:06,18736.60,650,11939900
20221129,09:38:07,18737.30,100,11939900
20221129,09:38:07,18737.85,200,11939900
20221129,09:38:08,18737.35,100,11939900
20221129,09:38:11,18737.40,150,11939900
20221129,09:38:12,18737.40,100,11939900
20221129,09:38:12,18737.40,50,11939900
20221129,09:38:13,18736.70,50,11939900
20221129,09:38:14,18737.35,100,11939900
20221129,09:38:16,18737.40,50,11939900
20221129,09:38:17,18736.95,150,11939900
20221129,09:38:17,18737.00,100,11939900
20221129,09:38:18,18737.20,100,11939900
20221129,09:38:19,18737.20,200,11939900
20221129,09:38:20,18737.15,100,11939900
20221129,09:38:22,18737.25,150,11939900
20221129,09:38:23,18737.35,150,11939900
20221129,09:38:24,18736.30,550,11939900
20221129,09:38:25,18736.70,200,11939900
20221129,09:38:27,18736.15,200,11939900
20221129,09:38:28,18737.10,50,11941300
20221129,09:38:29,18736.05,50,11941300
20221129,09:38:30,18736.00,150,11941300
20221129,09:38:31,18736.60,400,11941300
20221129,09:38:31,18736.00,400,11941300
20221129,09:38:32,18735.00,1050,11941300
20221129,09:38:33,18735.05,200,11941300
20221129,09:38:35,18735.45,50,11941300
20221129,09:38:36,18735.70,1150,11941300
20221129,09:38:36,18735.45,150,11941300
20221129,09:38:37,18736.00,550,11941300
20221129,09:38:38,18736.50,300,11941300
20221129,09:38:39,18737.00,100,11941300
20221129,09:38:40,18736.00,50,11941300
20221129,09:38:41,18737.00,150,11941300
20221129,09:38:43,18736.75,200,11941300
20221129,09:38:45,18737.00,50,11941300
20221129,09:38:45,18736.60,100,11941300
20221129,09:38:46,18736.60,150,11941300
20221129,09:38:47,18736.50,50,11941300
20221129,09:38:49,18736.45,1250,11941300
20221129,09:38:50,18736.10,500,11941300
20221129,09:38:51,18736.10,50,11941300
20221129,09:38:52,18736.00,50,11941300
20221129,09:38:53,18736.00,100,11941300
20221129,09:38:55,18736.00,450,11941300
20221129,09:38:56,18736.50,200,11941300
20221129,09:38:57,18736.60,150,11941300
20221129,09:38:58,18736.85,100,11941300
20221129,09:39:00,18735.50,1000,11941300
20221129,09:39:01,18735.00,1950,11941300
20221129,09:39:02,18735.10,1550,11941300
20221129,09:39:03,18734.45,1800,11941300
20221129,09:39:05,18736.00,350,11941300
20221129,09:39:06,18735.60,200,11941300
20221129,09:39:07,18735.90,100,11941300
20221129,09:39:08,18736.00,200,11941300
20221129,09:39:09,18735.10,250,11941300
20221129,09:39:10,18734.80,500,11941300
20221129,09:39:11,18736.00,400,11941300
20221129,09:39:12,18736.00,700,11941300
20221129,09:39:12,18736.30,150,11941300
20221129,09:39:13,18734.90,1450,11941300
20221129,09:39:15,18736.00,150,11941300
20221129,09:39:17,18736.30,150,11941300
20221129,09:39:18,18736.30,150,11941300
20221129,09:39:20,18736.20,200,11941300
20221129,09:39:20,18736.30,50,11941300
20221129,09:39:22,18737.00,50,11941300
20221129,09:39:23,18735.75,200,11941300
20221129,09:39:24,18737.00,100,11941300
20221129,09:39:25,18736.95,150,11941300
20221129,09:39:26,18736.30,300,11941300
20221129,09:39:27,18735.55,200,11941300
20221129,09:39:29,18734.90,500,11941300
20221129,09:39:30,18735.00,150,11941300
20221129,09:39:32,18735.40,200,11941300
20221129,09:39:33,18734.55,450,11941300
20221129,09:39:34,18735.30,100,11941300
20221129,09:39:35,18735.05,450,11941300
20221129,09:39:37,18735.00,50,11941300
20221129,09:39:38,18735.00,100,11941300
20221129,09:39:39,18734.85,150,11941300
20221129,09:39:40,18734.90,50,11941300
20221129,09:39:40,18734.00,250,11941300
20221129,09:39:41,18734.75,50,11941300
20221129,09:39:43,18734.65,250,11941300
20221129,09:39:44,18734.85,150,11941300
20221129,09:39:45,18733.95,300,11941300
20221129,09:39:45,18735.00,150,11941300
20221129,09:39:46,18735.00,100,11941300
20221129,09:39:48,18735.00,150,11941300
20221129,09:39:51,18734.50,250,11941300
20221129,09:39:52,18733.90,200,11941300
20221129,09:39:54,18735.00,150,11941300
20221129,09:39:56,18734.40,250,11941300
20221129,09:39:57,18734.40,100,11941300
20221129,09:39:59,18735.00,250,11941300
20221129,09:40:00,18733.30,150,11941300
20221129,09:40:01,18734.05,50,11941300
20221129,09:40:02,18733.15,550,11941300
20221129,09:40:04,18733.65,350,11941300
20221129,09:40:05,18734.05,750,11941300
20221129,09:40:06,18735.05,1400,11941300
20221129,09:40:07,18734.35,300,11941300
20221129,09:40:09,18733.95,800,11941300
20221129,09:40:10,18733.80,150,11941300
20221129,09:40:11,18734.40,250,11941300
20221129,09:40:12,18734.05,250,11941300
20221129,09:40:13,18734.45,250,11941300
20221129,09:40:15,18733.10,150,11941300
20221129,09:40:16,18734.00,200,11941300
20221129,09:40:17,18734.00,50,11941300
20221129,09:40:18,18733.70,50,11941300
20221129,09:40:19,18733.50,150,11941300
20221129,09:40:20,18733.65,150,11941300
20221129,09:40:22,18733.15,150,11941300
20221129,09:40:23,18732.00,900,11941300
20221129,09:40:24,18730.20,3300,11941300
20221129,09:40:25,18730.85,300,11941300
20221129,09:40:26,18729.20,1600,11941300
20221129,09:40:28,18730.00,950,11941300
20221129,09:40:29,18730.05,100,11941300
20221129,09:40:30,18731.60,1750,11941300
20221129,09:40:31,18730.40,400,11941300
20221129,09:40:33,18731.50,100,11941300
20221129,09:40:34,18730.50,50,11941300
20221129,09:40:35,18731.25,150,11941300
20221129,09:40:36,18731.60,100,11941300
20221129,09:40:36,18731.65,300,11941300
20221129,09:40:37,18732.00,300,11941300
20221129,09:40:39,18731.65,300,11941300
20221129,09:40:41,18730.40,250,11941300
20221129,09:40:42,18731.25,100,11941300
20221129,09:40:44,18730.40,300,11941300
20221129,09:40:45,18731.60,200,11941300
20221129,09:40:46,18730.00,300,11941300
20221129,09:40:46,18730.00,50,11941300
20221129,09:40:49,18730.50,500,11941300
20221129,09:40:50,18730.00,1500,11941300
20221129,09:40:51,18730.60,200,11941300
20221129,09:40:52,18730.95,600,11941300
20221129,09:40:54,18730.00,1600,11941300
20221129,09:40:55,18730.00,350,11941300
20221129,09:40:56,18731.25,150,11941300
20221129,09:40:57,18731.55,150,11941300
20221129,09:40:58,18731.50,100,11941300
20221129,09:41:00,18731.50,50,11941300
20221129,09:41:01,18731.45,1550,11941300
20221129,09:41:02,18731.50,50,11941300
20221129,09:41:03,18731.10,50,11941300
20221129,09:41:05,18730.35,200,11941300
20221129,09:41:06,18730.35,600,11941300
20221129,09:41:07,18730.60,350,11941300
20221129,09:41:08,18731.15,250,11941300
20221129,09:41:10,18731.50,650,11941300
20221129,09:41:11,18731.80,1450,11941300
20221129,09:41:12,18730.35,600,11941300
20221129,09:41:12,18733.00,50,11941300
20221129,09:41:13,18731.50,50,11941300
20221129,09:41:16,18732.80,100,11941300
20221129,09:41:17,18732.95,300,11941300
20221129,09:41:18,18732.95,650,11941300
20221129,09:41:18,18732.80,50,11941300
20221129,09:41:19,18733.00,250,11941300
20221129,09:41:21,18733.00,450,11941300
20221129,09:41:22,18734.00,900,11941300
20221129,09:41:23,18733.30,800,11941300
20221129,09:41:25,18735.30,1500,11941300
20221129,09:41:26,18735.65,300,11941300
20221129,09:41:27,18733.25,1050,11941300
20221129,09:41:28,18736.20,100,11941300
20221129,09:41:30,18734.00,600,11937100
20221129,09:41:31,18736.40,800,11937100
20221129,09:41:32,18735.55,50,11937100
20221129,09:41:33,18735.65,100,11937100
20221129,09:41:34,18735.80,150,11937100
20221129,09:41:35,18736.60,350,11937100
20221129,09:41:36,18737.00,100,11937100
20221129,09:41:37,18737.00,250,11937100
20221129,09:41:37,18736.40,100,11937100
20221129,09:41:40,18736.40,200,11937100
20221129,09:41:42,18735.85,500,11937100
20221129,09:41:44,18736.30,50,11937100
20221129,09:41:45,18737.00,200,11937100
20221129,09:41:47,18737.00,450,11937100
20221129,09:41:48,18737.75,1650,11937100
20221129,09:41:49,18738.00,600,11937100
20221129,09:41:50,18738.00,550,11937100
20221129,09:41:50,18739.00,100,11937100
20221129,09:41:53,18738.35,150,11937100
20221129,09:41:55,18738.35,100,11937100
20221129,09:41:57,18736.65,650,11937100
20221129,09:41:58,18736.30,100,11937100
20221129,09:42:00,18736.80,50,11937100
20221129,09:42:01,18739.00,300,11937100
20221129,09:42:02,18738.95,100,11937100
20221129,09:42:04,18736.95,50,11937100
20221129,09:42:06,18738.00,50,11937100
20221129,09:42:07,18735.70,50,11937100
20221129,09:42:08,18736.00,150,11937100
20221129,09:42:09,18737.45,50,11937100
20221129,09:42:11,18737.45,650,11937100
20221129,09:42:12,18735.70,200,11937100
20221129,09:42:13,18735.70,100,11937100
20221129,09:42:14,18737.20,50,11937100
20221129,09:42:17,18735.10,50,11937100
20221129,09:42:18,18736.05,50,11937100
20221129,09:42:20,18736.80,50,11937100
20221129,09:42:21,18736.80,150,11937100
20221129,09:42:23,18737.00,50,11937100
20221129,09:42:24,18736.45,150,11937100
20221129,09:42:26,18736.05,1250,11937100
20221129,09:42:27,18737.80,150,11937100
20221129,09:42:28,18737.80,100,11937100
20221129,09:42:29,18738.00,250,11937100
20221129,09:42:30,18737.80,50,11937100
20221129,09:42:32,18737.20,50,11937100
20221129,09:42:33,18735.90,600,11937100
20221129,09:42:34,18737.00,350,11937100
20221129,09:42:36,18735.40,150,11937100
20221129,09:42:38,18736.90,50,11937100
20221129,09:42:39,18735.45,50,11937100
20221129,09:42:40,18736.75,50,11937100
20221129,09:42:41,18735.40,150,11937100
20221129,09:42:42,18735.10,1200,11937100
20221129,09:42:46,18735.15,50,11937100
20221129,09:42:47,18736.35,100,11937100
20221129,09:42:49,18735.15,2250,11937100
20221129,09:42:50,18736.60,1250,11937100
20221129,09:42:51,18736.05,1350,11937100
20221129,09:42:52,18737.95,150,11937100
20221129,09:42:53,18735.35,50,11937100
20221129,09:42:55,18736.00,50,11937100
20221129,09:42:56,18735.10,2450,11937100
20221129,09:42:57,18735.10,50,11937100
20221129,09:42:58,18736.60,50,11937100
20221129,09:43:01,18735.40,100,11937100
20221129,09:43:03,18736.00,50,11937100
20221129,09:43:04,18735.10,50,11937100
20221129,09:43:07,18735.80,100,11937100
20221129,09:43:08,18735.50,50,11937100
20221129,09:43:09,18735.80,50,11937100
20221129,09:43:09,18736.00,100,11937100
20221129,09:43:11,18736.00,350,11937100
20221129,09:43:13,18736.60,100,11937100
20221129,09:43:14,18737.35,150,11937100
20221129,09:43:16,18737.45,50,11937100
20221129,09:43:18,18737.10,50,11937100
20221129,09:43:20,18737.30,250,11937100
20221129,09:43:20,18737.25,100,11937100
20221129,09:43:25,18737.25,50,11937100
20221129,09:43:26,18736.80,200,11937100
20221129,09:43:28,18736.75,50,11937100
20221129,09:43:29,18736.95,150,11937100
20221129,09:43:31,18737.00,100,11937100
20221129,09:43:32,18736.80,50,11937100
20221129,09:43:35,18736.00,100,11937100
20221129,09:43:36,18736.95,50,11937100
20221129,09:43:37,18737.00,50,11937100
20221129,09:43:38,18736.95,100,11937100
20221129,09:43:40,18736.95,150,11937100
20221129,09:43:41,18736.00,850,11937100
20221129,09:43:42,18736.00,50,11937100
20221129,09:43:45,18737.25,200,11937100
20221129,09:43:46,18737.25,50,11937100
20221129,09:43:47,18738.00,50,11937100
20221129,09:43:49,18737.25,250,11937100
20221129,09:43:51,18737.25,400,11937100
20221129,09:43:52,18737.25,150,11937100
20221129,09:43:53,18737.25,50,11937100
20221129,09:43:55,18736.60,100,11937100
20221129,09:44:00,18736.80,50,11937100
20221129,09:44:02,18736.90,100,11937100
20221129,09:44:03,18737.25,150,11937100
20221129,09:44:04,18736.65,250,11937100
20221129,09:44:05,18737.25,300,11937100
20221129,09:44:06,18737.25,500,11937100
20221129,09:44:08,18738.00,50,11937100
20221129,09:44:09,18738.00,150,11937100
20221129,09:44:10,18737.25,150,11937100
20221129,09:44:12,18736.80,400,11937100
20221129,09:44:16,18736.70,100,11937100
20221129,09:44:18,18736.75,250,11937100
20221129,09:44:19,18736.70,50,11937100
20221129,09:44:20,18736.00,1100,11937100
20221129,09:44:21,18731.95,9700,11937100
20221129,09:44:23,18736.40,50,11937100
20221129,09:44:24,18735.95,150,11937100
20221129,09:44:26,18735.95,100,11937100
20221129,09:44:27,18735.95,800,11937100
20221129,09:44:33,18735.00,200,11939850
20221129,09:44:34,18733.90,900,11939850
20221129,09:44:36,18735.90,50,11939850
20221129,09:44:37,18735.10,150,11939850
20221129,09:44:39,18735.00,1450,11939850
20221129,09:44:42,18735.00,50,11939850
20221129,09:44:43,18733.85,100,11939850
20221129,09:44:44,18735.00,50,11939850
20221129,09:44:45,18734.95,100,11939850
20221129,09:44:48,18733.15,200,11939850
20221129,09:44:49,18733.85,50,11939850
20221129,09:44:50,18734.95,150,11939850
20221129,09:44:51,18733.75,50,11939850
20221129,09:44:53,18734.95,900,11939850
20221129,09:44:54,18735.00,250,11939850
20221129,09:44:56,18734.50,50,11939850
20221129,09:45:00,18733.90,800,11939850
20221129,09:45:01,18733.45,100,11939850
20221129,09:45:02,18733.80,250,11939850
20221129,09:45:03,18735.00,100,11939850
20221129,09:45:04,18733.80,200,11939850
20221129,09:45:05,18735.00,1250,11939850
20221129,09:45:06,18735.00,50,11939850
20221129,09:45:07,18735.00,350,11939850
20221129,09:45:08,18734.15,50,11939850
20221129,09:45:09,18735.00,1100,11939850
20221129,09:45:10,18735.05,100,11939850
20221129,09:45:11,18735.05,150,11939850
20221129,09:45:12,18735.35,50,11939850
20221129,09:45:14,18736.00,100,11939850
20221129,09:45:15,18733.45,450,11939850
20221129,09:45:16,18733.00,50,11939850
20221129,09:45:17,18733.45,1950,11939850
20221129,09:45:19,18734.05,300,11939850
20221129,09:45:20,18734.00,100,11939850
20221129,09:45:21,18735.00,1350,11939850
20221129,09:45:24,18734.05,50,11939850
20221129,09:45:25,18733.20,100,11939850
20221129,09:45:26,18734.10,100,11939850
20221129,09:45:27,18735.00,350,11939850
20221129,09:45:32,18733.00,100,11939850
20221129,09:45:33,18733.00,250,11939850
20221129,09:45:34,18733.00,50,11939850
20221129,09:45:36,18731.65,50,11939850
20221129,09:45:37,18733.00,50,11939850
20221129,09:45:38,18731.60,50,11939850
20221129,09:45:39,18731.10,150,11939850
20221129,09:45:40,18731.10,50,11939850
20221129,09:45:42,18731.10,500,11939850
20221129,09:45:43,18731.15,100,11939850
20221129,09:45:44,18731.10,100,11939850
20221129,09:45:45,18731.65,550,11939850
20221129,09:45:46,18732.25,300,11939850
20221129,09:45:48,18732.55,50,11939850
20221129,09:45:49,18734.35,200,11939850
20221129,09:45:50,18731.50,1350,11939850
20221129,09:45:51,18731.80,550,11939850
20221129,09:45:52,18732.05,300,11939850
20221129,09:45:54,18732.95,50,11939850
20221129,09:45:55,18732.95,250,11939850
20221129,09:45:57,18732.55,50,11939850
20221129,09:45:59,18733.25,150,11939850
20221129,09:46:01,18733.00,50,11939850
20221129,09:46:02,18732.80,400,11939850
20221129,09:46:03,18732.10,300,11939850
20221129,09:46:04,18734.60,200,11939850
20221129,09:46:06,18733.95,50,11939850
20221129,09:46:07,18734.10,250,11939850
20221129,09:46:09,18734.65,200,11939850
20221129,09:46:09,18734.55,150,11939850
20221129,09:46:10,18734.45,150,11939850
20221129,09:46:11,18735.00,250,11939850
20221129,09:46:12,18734.50,50,11939850
20221129,09:46:14,18734.35,50,11939850
20221129,09:46:15,18734.35,200,11939850
20221129,09:46:16,18734.60,100,11939850
20221129,09:46:17,18734.90,400,11939850
20221129,09:46:18,18733.85,300,11939850
20221129,09:46:20,18732.55,300,11939850
20221129,09:46:21,18732.25,150,11939850
20221129,09:46:22,18733.90,50,11939850
20221129,09:46:23,18734.00,1000,11939850
20221129,09:46:30,18732.60,150,11939850
20221129,09:46:31,18731.15,50,11939850
20221129,09:46:32,18732.90,50,11939850
20221129,09:46:35,18732.00,100,11939850
20221129,09:46:35,18731.15,50,11939850
20221129,09:46:38,18731.10,50,11939850
20221129,09:46:39,18731.20,100,11939850
20221129,09:46:41,18731.20,50,11939850
20221129,09:46:43,18731.10,50,11939850
20221129,09:46:44,18731.10,500,11939850
20221129,09:46:46,18730.10,1500,11939850
20221129,09:46:46,18730.10,650,11939850
20221129,09:46:47,18730.10,100,11939850
20221129,09:46:48,18730.00,1300,11939850
20221129,09:46:49,18730.00,50,11939850
20221129,09:46:51,18728.65,2400,11939850
20221129,09:46:52,18728.85,50,11939850
20221129,09:46:53,18730.00,200,11939850
20221129,09:46:54,18729.35,50,11939850
20221129,09:46:56,18730.00,250,11939850
20221129,09:46:58,18730.10,300,11939850
20221129,09:46:59,18730.05,150,11939850
20221129,09:47:01,18731.10,200,11939850
20221129,09:47:01,18730.10,150,11939850
20221129,09:47:02,18730.80,550,11939850
20221129,09:47:03,18730.35,2200,11939850
20221129,09:47:05,18730.80,200,11939850
20221129,09:47:09,18730.00,150,11939850
20221129,09:47:10,18731.00,1050,11939850
20221129,09:47:12,18731.00,50,11939850
20221129,09:47:13,18731.00,100,11939850
20221129,09:47:14,18731.00,50,11939850
20221129,09:47:15,18730.10,550,11939850
20221129,09:47:18,18731.00,50,11939850
20221129,09:47:20,18730.35,150,11939850
20221129,09:47:22,18730.10,50,11939850
20221129,09:47:23,18730.10,1250,11939850
20221129,09:47:24,18730.10,250,11939850
20221129,09:47:25,18730.00,1100,11939850
20221129,09:47:26,18729.00,50,11939850
20221129,09:47:28,18729.00,250,11939850
20221129,09:47:28,18729.00,50,11939850
20221129,09:47:29,18730.00,250,11939850
20221129,09:47:30,18728.70,200,11931150
20221129,09:47:31,18729.00,200,11931150
20221129,09:47:33,18728.60,50,11931150
20221129,09:47:33,18729.85,150,11931150
20221129,09:47:34,18729.65,950,11931150
20221129,09:47:35,18727.50,150,11931150
20221129,09:47:36,18727.65,150,11931150
20221129,09:47:37,18728.15,150,11931150
20221129,09:47:39,18728.05,50,11931150
20221129,09:47:39,18728.30,250,11931150
20221129,09:47:40,18727.25,650,11931150
20221129,09:47:41,18730.00,1600,11931150
20221129,09:47:42,18727.40,50,11931150
20221129,09:47:44,18727.40,50,11931150
20221129,09:47:45,18728.00,150,11931150
20221129,09:47:46,18728.25,150,11931150
20221129,09:47:47,18728.25,100,11931150
20221129,09:47:49,18728.25,100,11931150
20221129,09:47:49,18728.30,550,11931150
20221129,09:47:51,18728.15,150,11931150
20221129,09:47:53,18729.10,250,11931150
20221129,09:47:54,18729.10,200,11931150
20221129,09:47:56,18728.95,50,11931150
20221129,09:47:58,18729.00,50,11931150
20221129,09:47:59,18730.10,1500,11931150
20221129,09:48:00,18730.00,150,11931150
20221129,09:48:01,18730.10,150,11931150
20221129,09:48:02,18730.00,50,11931150
20221129,09:48:05,18730.00,100,11931150
20221129,09:48:06,18730.00,150,11931150
20221129,09:48:08,18730.00,500,11931150
20221129,09:48:08,18730.00,50,11931150
20221129,09:48:09,18730.00,550,11931150
20221129,09:48:10,18730.00,150,11931150
20221129,09:48:13,18730.00,50,11931150
20221129,09:48:14,18730.30,100,11931150
20221129,09:48:15,18730.00,50,11931150
20221129,09:48:18,18729.10,250,11931150
20221129,09:48:21,18727.85,500,11931150
20221129,09:48:22,18730.00,350,11931150
20221129,09:48:23,18728.30,100,11931150
20221129,09:48:25,18728.30,50,11931150
20221129,09:48:26,18730.00,50,11931150
20221129,09:48:27,18730.00,300,11931150
20221129,09:48:28,18730.00,450,11931150
20221129,09:48:30,18728.85,50,11931150
20221129,09:48:31,18728.95,450,11931150
20221129,09:48:32,18728.50,150,11931150
20221129,09:48:35,18728.35,350,11931150
20221129,09:48:36,18728.00,100,11931150
20221129,09:48:37,18728.00,50,11931150
20221129,09:48:38,18728.80,50,11931150
20221129,09:48:39,18728.00,50,11931150
20221129,09:48:40,18728.75,250,11931150
20221129,09:48:42,18728.15,800,11931150
20221129,09:48:43,18727.00,500,11931150
20221129,09:48:45,18726.60,150,11931150
20221129,09:48:46,18726.60,600,11931150
20221129,09:48:48,18726.00,100,11931150
20221129,09:48:49,18726.60,100,11931150
20221129,09:48:50,18726.60,100,11931150
20221129,09:48:51,18728.00,200,11931150
20221129,09:48:53,18727.10,300,11931150
20221129,09:48:54,18726.55,750,11931150
20221129,09:48:55,18727.30,350,11931150
20221129,09:48:56,18728.35,100,11931150
20221129,09:48:57,18730.00,150,11931150
20221129,09:48:59,18727.55,100,11931150
20221129,09:49:01,18729.00,50,11931150
20221129,09:49:02,18729.00,100,11931150
20221129,09:49:03,18729.00,150,11931150
20221129,09:49:04,18728.00,200,11931150
20221129,09:49:05,18728.40,150,11931150
20221129,09:49:06,18726.00,300,11931150
20221129,09:49:07,18725.60,100,11931150
20221129,09:49:10,18725.95,1600,11931150
20221129,09:49:11,18725.95,1800,11931150
20221129,09:49:12,18724.65,100,11931150
20221129,09:49:13,18725.95,250,11931150
20221129,09:49:15,18725.55,350,11931150
20221129,09:49:16,18725.20,50,11931150
20221129,09:49:16,18725.60,50,11931150
20221129,09:49:17,18725.20,250,11931150
20221129,09:49:20,18724.20,200,11931150
20221129,09:49:22,18724.10,100,11931150
20221129,09:49:23,18724.10,2300,11931150
20221129,09:49:26,18723.25,1400,11931150
20221129,09:49:27,18722.95,650,11931150
20221129,09:49:28,18723.25,800,11931150
20221129,09:49:29,18724.30,150,11931150
20221129,09:49:31,18722.50,600,11931150
20221129,09:49:32,18722.65,50,11931150
20221129,09:49:33,18723.60,150,11931150
20221129,09:49:34,18724.20,350,11931150
20221129,09:49:36,18724.15,150,11931150
20221129,09:49:37,18724.05,100,11931150
20221129,09:49:37,18724.20,100,11931150
20221129,09:49:38,18724.00,100,11931150
20221129,09:49:39,18723.95,100,11931150
20221129,09:49:41,18724.20,700,11931150
20221129,09:49:42,18725.50,2400,11931150
20221129,09:49:42,18725.25,100,11931150
20221129,09:49:43,18725.05,250,11931150
20221129,09:49:44,18725.10,50,11931150
20221129,09:49:45,18725.15,100,11931150
20221129,09:49:47,18726.00,400,11931150
20221129,09:49:48,18726.00,200,11931150
20221129,09:49:49,18725.95,400,11931150
20221129,09:49:50,18726.40,50,11931150
20221129,09:49:52,18726.40,100,11931150
20221129,09:49:53,18726.35,150,11931150
20221129,09:49:54,18726.25,400,11931150
20221129,09:49:55,18726.35,100,11931150
20221129,09:49:58,18727.00,50,11931150
20221129,09:50:00,18727.05,250,11931150
20221129,09:50:03,18726.30,3300,11931150
20221129,09:50:04,18727.00,200,11931150
20221129,09:50:05,18726.80,400,11931150
20221129,09:50:06,18726.05,1900,11931150
20221129,09:50:09,18727.95,150,11931150
20221129,09:50:11,18727.90,300,11931150
20221129,09:50:13,18728.00,600,11931150
20221129,09:50:14,18726.25,1500,11931150
20221129,09:50:15,18727.00,100,11931150
20221129,09:50:16,18726.35,100,11931150
20221129,09:50:18,18726.05,50,11931150
20221129,09:50:19,18725.00,1850,11931150
20221129,09:50:20,18725.65,50,11931150
20221129,09:50:21,18725.65,200,11931150
20221129,09:50:23,18724.75,1800,11931150
20221129,09:50:24,18727.65,300,11931150
20221129,09:50:25,18725.00,150,11931150
20221129,09:50:25,18724.80,1450,11931150
20221129,09:50:26,18724.80,100,11931150
20221129,09:50:28,18725.25,100,11931150
20221129,09:50:29,18725.70,650,11931150
20221129,09:50:30,18725.70,200,11939450
20221129,09:50:33,18726.80,400,11939450
20221129,09:50:36,18726.20,50,11939450
20221129,09:50:37,18728.00,350,11939450
20221129,09:50:39,18726.35,250,11939450
20221129,09:50:40,18728.00,200,11939450
20221129,09:50:41,18726.10,200,11939450
20221129,09:50:42,18727.00,150,11939450
20221129,09:50:44,18727.00,50,11939450
20221129,09:50:46,18728.00,50,11939450
20221129,09:50:46,18726.95,300,11939450
20221129,09:50:47,18729.40,700,11939450
20221129,09:50:49,18728.40,300,11939450
20221129,09:50:50,18730.00,150,11939450
20221129,09:50:51,18728.30,200,11939450
20221129,09:50:52,18728.65,500,11939450
20221129,09:50:55,18730.00,400,11939450
20221129,09:50:56,18730.00,200,11939450
20221129,09:50:57,18730.00,150,11939450
20221129,09:50:58,18728.65,250,11939450
20221129,09:51:00,18730.00,100,11939450
20221129,09:51:01,18730.00,200,11939450
20221129,09:51:02,18730.00,400,11939450
20221129,09:51:03,18730.00,850,11939450
20221129,09:51:03,18730.00,50,11939450
20221129,09:51:04,18730.40,1600,11939450
20221129,09:51:06,18730.75,750,11939450
20221129,09:51:06,18731.25,50,11939450
20221129,09:51:07,18732.00,1100,11939450
20221129,09:51:09,18730.75,50,11939450
20221129,09:51:10,18731.05,400,11939450
20221129,09:51:11,18732.00,250,11939450
20221129,09:51:11,18731.20,50,11939450
20221129,09:51:12,18732.00,600,11939450
20221129,09:51:14,18732.80,100,11939450
20221129,09:51:15,18732.85,150,11939450
20221129,09:51:16,18735.70,3350,11939450
20221129,09:51:17,18732.85,650,11939450
20221129,09:51:19,18732.85,150,11939450
20221129,09:51:20,18732.80,100,11939450
20221129,09:51:22,18732.00,150,11939450
20221129,09:51:23,18731.40,150,11939450
20221129,09:51:25,18733.00,50,11939450
20221129,09:51:27,18732.05,50,11939450
20221129,09:51:28,18732.05,100,11939450
20221129,09:51:29,18733.00,150,11939450
20221129,09:51:29,18733.00,50,11939450
20221129,09:51:30,18732.05,150,11939450
20221129,09:51:32,18732.00,100,11939450
20221129,09:51:33,18731.45,400,11939450
20221129,09:51:34,18731.40,200,11939450
20221129,09:51:35,18731.25,50,11939450
20221129,09:51:36,18732.00,100,11939450
20221129,09:51:38,18732.00,150,11939450
20221129,09:51:40,18731.85,50,11939450
20221129,09:51:41,18730.90,100,11939450
20221129,09:51:44,18731.20,100,11939450
20221129,09:51:46,18731.50,100,11939450
20221129,09:51:46,18731.25,50,11939450
20221129,09:51:48,18732.00,50,11939450
20221129,09:51:51,18731.10,100,11939450
20221129,09:51:52,18733.00,300,11939450
20221129,09:51:53,18732.00,50,11939450
20221129,09:51:54,18731.70,200,11939450
20221129,09:51:56,18734.40,450,11939450
20221129,09:51:57,18731.10,1200,11939450
20221129,09:51:59,18733.30,100,11939450
20221129,09:51:59,18734.35,100,11939450
20221129,09:52:01,18733.30,50,11939450
20221129,09:52:05,18733.65,300,11939450
20221129,09:52:05,18735.00,50,11939450
20221129,09:52:06,18734.50,300,11939450
20221129,09:52:07,18735.70,150,11939450
20221129,09:52:09,18735.70,250,11939450
20221129,09:52:10,18735.20,50,11939450
20221129,09:52:11,18736.00,800,11939450
20221129,09:52:11,18736.15,50,11939450
20221129,09:52:12,18736.65,150,11939450
20221129,09:52:14,18736.70,50,11939450
20221129,09:52:15,18736.70,150,11939450
20221129,09:52:16,18736.70,50,11939450
20221129,09:52:17,18736.60,150,11939450
20221129,09:52:18,18736.90,150,11939450
20221129,09:52:19,18739.00,2150,11939450
20221129,09:52:21,18737.70,100,11939450
20221129,09:52:22,18736.60,100,11939450
20221129,09:52:23,18736.90,650,11939450
20221129,09:52:24,18736.45,50,11939450
20221129,09:52:26,18737.85,200,11939450
20221129,09:52:27,18738.20,200,11939450
20221129,09:52:28,18738.75,100,11939450
20221129,09:52:29,18737.00,1200,11939450
20221129,09:52:29,18738.20,50,11939450
20221129,09:52:31,18737.90,300,11939450
20221129,09:52:32,18737.05,50,11939450
20221129,09:52:33,18737.80,100,11939450
20221129,09:52:34,18737.05,200,11939450
20221129,09:52:34,18737.00,650,11939450
20221129,09:52:36,18737.10,450,11939450
20221129,09:52:37,18737.10,250,11939450
20221129,09:52:38,18738.65,250,11939450
20221129,09:52:40,18737.00,350,11939450
20221129,09:52:42,18736.85,50,11939450
20221129,09:52:43,18737.00,100,11939450
20221129,09:52:44,18738.60,150,11939450
20221129,09:52:45,18736.85,450,11939450
20221129,09:52:46,18736.60,150,11939450
20221129,09:52:48,18737.00,300,11939450
20221129,09:52:49,18737.80,150,11939450
20221129,09:52:50,18738.45,100,11939450
20221129,09:52:51,18737.05,50,11939450
20221129,09:52:52,18737.50,1550,11939450
20221129,09:52:54,18738.00,100,11939450
20221129,09:52:55,18737.05,500,11939450
20221129,09:52:56,18736.65,300,11939450
20221129,09:52:57,18737.90,350,11939450
20221129,09:52:58,18736.65,100,11939450
20221129,09:52:59,18736.65,50,11939450
20221129,09:53:01,18738.90,600,11939450
20221129,09:53:02,18737.15,150,11939450
20221129,09:53:03,18738.90,1450,11939450
20221129,09:53:04,18738.00,50,11939450
20221129,09:53:05,18737.00,300,11939450
20221129,09:53:06,18737.15,150,11939450
20221129,09:53:08,18738.75,100,11939450
20221129,09:53:09,18737.15,800,11939450
20221129,09:53:10,18738.55,150,11939450
20221129,09:53:11,18737.30,250,11939450
20221129,09:53:12,18737.20,1500,11939450
20221129,09:53:14,18737.95,150,11939450
20221129,09:53:15,18738.05,300,11939450
20221129,09:53:16,18737.45,850,11939450
20221129,09:53:17,18735.00,150,11939450
20221129,09:53:18,18737.40,150,11939450
20221129,09:53:18,18737.35,350,11939450
20221129,09:53:20,18736.95,150,11939450
20221129,09:53:21,18736.50,350,11939450
20221129,09:53:22,18736.45,150,11939450
20221129,09:53:23,18734.00,100,11939450
20221129,09:53:25,18736.45,100,11939450
20221129,09:53:26,18735.95,200,11939450
20221129,09:53:27,18735.85,50,11939450
20221129,09:53:28,18736.00,50,11939450
20221129,09:53:29,18736.45,50,11939450
20221129,09:53:30,18735.00,1200,11939450
20221129,09:53:31,18733.40,100,11939250
20221129,09:53:36,18736.00,100,11939250
20221129,09:53:37,18736.00,50,11939250
20221129,09:53:39,18736.45,50,11939250
20221129,09:53:41,18735.45,300,11939250
20221129,09:53:43,18735.10,150,11939250
20221129,09:53:44,18735.10,150,11939250
20221129,09:53:46,18734.40,200,11939250
20221129,09:53:47,18734.40,50,11939250
20221129,09:53:48,18734.00,250,11939250
20221129,09:53:50,18733.30,50,11939250
20221129,09:53:51,18733.30,50,11939250
20221129,09:53:52,18733.00,100,11939250
20221129,09:53:52,18733.00,50,11939250
20221129,09:53:54,18732.35,50,11939250
20221129,09:53:55,18734.75,200,11939250
20221129,09:53:57,18732.35,50,11939250
20221129,09:53:58,18734.00,50,11939250
20221129,09:53:59,18732.00,100,11939250
20221129,09:54:00,18733.85,500,11939250
20221129,09:54:01,18735.00,250,11939250
20221129,09:54:02,18735.00,250,11939250
20221129,09:54:03,18735.00,50,11939250
20221129,09:54:04,18735.00,200,11939250
20221129,09:54:04,18735.10,1000,11939250
20221129,09:54:06,18736.45,300,11939250
20221129,09:54:07,18736.70,1650,11939250
20221129,09:54:08,18736.30,500,11939250
20221129,09:54:09,18736.25,150,11939250
20221129,09:54:13,18734.45,200,11939250
20221129,09:54:14,18733.30,200,11939250
20221129,09:54:15,18734.00,700,11939250
20221129,09:54:16,18734.00,200,11939250
20221129,09:54:21,18734.00,400,11939250
20221129,09:54:22,18733.30,100,11939250
20221129,09:54:24,18733.15,50,11939250
20221129,09:54:26,18733.15,50,11939250
20221129,09:54:28,18733.00,200,11939250
20221129,09:54:30,18733.00,50,11939250
20221129,09:54:31,18733.00,50,11939250
20221129,09:54:32,18734.20,100,11939250
20221129,09:54:33,18732.80,100,11939250
20221129,09:54:37,18732.70,50,11939250
20221129,09:54:38,18731.65,150,11939250
20221129,09:54:39,18731.55,100,11939250
20221129,09:54:39,18731.55,50,11939250
20221129,09:54:43,18731.00,100,11939250
20221129,09:54:44,18732.80,100,11939250
20221129,09:54:45,18732.00,50,11939250
20221129,09:54:47,18731.05,200,11939250
20221129,09:54:49,18731.00,50,11939250
20221129,09:54:51,18731.55,50,11939250
20221129,09:54:58,18731.55,50,11939250
20221129,09:54:59,18731.10,100,11939250
20221129,09:55:02,18731.00,100,11939250
20221129,09:55:05,18731.40,100,11939250
20221129,09:55:07,18731.00,50,11939250
20221129,09:55:08,18730.10,100,11939250
20221129,09:55:09,18730.95,200,11939250
20221129,09:55:10,18730.00,900,11939250
20221129,09:55:11,18731.00,100,11939250
20221129,09:55:13,18731.55,50,11939250
20221129,09:55:14,18733.90,300,11939250
20221129,09:55:15,18731.35,50,11939250
20221129,09:55:16,18731.35,50,11939250
20221129,09:55:17,18732.00,300,11939250
20221129,09:55:23,18732.30,250,11939250
20221129,09:55:24,18732.30,250,11939250
20221129,09:55:25,18732.30,100,11939250
20221129,09:55:26,18732.25,200,11939250
20221129,09:55:27,18732.25,50,11939250
20221129,09:55:29,18734.00,50,11939250
20221129,09:55:31,18733.30,50,11939250
20221129,09:55:33,18733.90,500,11939250
20221129,09:55:37,18732.70,100,11939250
20221129,09:55:39,18733.00,50,11939250
20221129,09:55:40,18733.30,100,11939250
20221129,09:55:41,18732.85,100,11939250
20221129,09:55:43,18733.30,100,11939250
20221129,09:55:45,18732.80,50,11939250
20221129,09:55:46,18732.10,550,11939250
20221129,09:55:47,18732.00,50,11939250
20221129,09:55:48,18734.50,100,11939250
20221129,09:55:49,18734.00,50,11939250
20221129,09:55:53,18733.00,100,11939250
20221129,09:55:54,18732.55,50,11939250
20221129,09:55:59,18734.00,50,11939250
20221129,09:56:02,18732.55,50,11939250
20221129,09:56:04,18732.00,100,11939250
20221129,09:56:05,18731.95,50,11939250
20221129,09:56:07,18732.50,350,11939250
20221129,09:56:08,18731.75,50,11939250
20221129,09:56:10,18732.55,50,11939250
20221129,09:56:11,18732.55,700,11939250
20221129,09:56:12,18732.45,300,11939250
20221129,09:56:13,18732.55,50,11939250
20221129,09:56:14,18733.00,450,11939250
20221129,09:56:17,18733.30,50,11939250
20221129,09:56:18,18733.20,50,11939250
20221129,09:56:20,18733.25,50,11939250
20221129,09:56:21,18734.00,50,11939250
20221129,09:56:22,18734.00,150,11939250
20221129,09:56:24,18733.40,50,11939250
20221129,09:56:25,18734.00,150,11939250
20221129,09:56:27,18733.10,50,11939250
20221129,09:56:28,18734.00,50,11939250
20221129,09:56:29,18733.10,100,11939250
20221129,09:56:30,18734.00,50,11939250
20221129,09:56:31,18734.00,50,11939250
20221129,09:56:33,18734.00,100,11942850
20221129,09:56:34,18734.00,50,11942850
20221129,09:56:36,18733.10,100,11942850
20221129,09:56:39,18734.00,100,11942850
20221129,09:56:43,18734.00,350,11942850
20221129,09:56:46,18733.90,200,11942850
20221129,09:56:47,18733.95,50,11942850
20221129,09:56:49,18734.20,600,11942850
20221129,09:56:52,18735.00,350,11942850
20221129,09:56:53,18733.75,1000,11942850
20221129,09:56:54,18735.00,50,11942850
20221129,09:56:55,18734.40,50,11942850
20221129,09:56:57,18734.50,150,11942850
20221129,09:56:58,18734.50,250,11942850
20221129,09:57:00,18734.45,100,11942850
20221129,09:57:01,18734.60,550,11942850
20221129,09:57:02,18734.95,250,11942850
20221129,09:57:04,18733.40,100,11942850
20221129,09:57:06,18733.45,100,11942850
20221129,09:57:07,18735.00,50,11942850
20221129,09:57:08,18735.00,50,11942850
20221129,09:57:10,18733.80,400,11942850
20221129,09:57:13,18733.80,50,11942850
20221129,09:57:15,18733.65,150,11942850
20221129,09:57:16,18734.35,100,11942850
20221129,09:57:19,18733.60,600,11942850
20221129,09:57:21,18735.00,200,11942850
20221129,09:57:22,18734.15,150,11942850
20221129,09:57:23,18734.25,50,11942850
20221129,09:57:25,18735.00,50,11942850
20221129,09:57:26,18735.00,100,11942850
20221129,09:57:27,18734.25,50,11942850
20221129,09:57:28,18734.35,50,11942850
20221129,09:57:30,18734.60,50,11942850
20221129,09:57:32,18734.10,900,11942850
20221129,09:57:36,18735.05,100,11942850
20221129,09:57:37,18735.00,100,11942850
20221129,09:57:38,18734.15,50,11942850
20221129,09:57:40,18735.00,100,11942850
20221129,09:57:42,18735.00,200,11942850
20221129,09:57:45,18736.00,100,11942850
20221129,09:57:46,18735.40,50,11942850
20221129,09:57:47,18736.50,50,11942850
20221129,09:57:48,18735.45,50,11942850
20221129,09:57:49,18735.50,50,11942850
20221129,09:57:51,18735.50,150,11942850
20221129,09:57:52,18736.00,500,11942850
20221129,09:57:53,18736.00,50,11942850
20221129,09:57:54,18737.00,50,11942850
20221129,09:57:55,18735.50,150,11942850
20221129,09:57:56,18736.00,250,11942850
20221129,09:58:01,18737.40,50,11942850
20221129,09:58:01,18738.00,100,11942850
20221129,09:58:02,18738.00,50,11942850
20221129,09:58:03,18738.50,550,11942850
20221129,09:58:04,18736.65,600,11942850
20221129,09:58:05,18736.40,50,11942850
20221129,09:58:07,18738.50,50,11942850
20221129,09:58:07,18737.05,100,11942850
20221129,09:58:08,18738.45,100,11942850
20221129,09:58:10,18736.60,100,11942850
20221129,09:58:12,18736.60,100,11942850
20221129,09:58:13,18738.75,100,11942850
20221129,09:58:14,18738.30,50,11942850
20221129,09:58:15,18736.80,200,11942850
20221129,09:58:20,18736.85,900,11942850
20221129,09:58:23,18736.85,100,11942850
20221129,09:58:25,18737.05,100,11942850
20221129,09:58:27,18737.05,200,11942850
20221129,09:58:28,18737.05,400,11942850
20221129,09:58:29,18737.05,700,11942850
20221129,09:58:30,18736.95,250,11942850
20221129,09:58:31,18736.85,100,11942850
20221129,09:58:34,18737.00,50,11942850
20221129,09:58:35,18736.95,150,11942850
20221129,09:58:36,18736.00,850,11942850
20221129,09:58:37,18736.00,100,11942850
20221129,09:58:38,18737.05,1000,11942850
20221129,09:58:39,18736.05,500,11942850
20221129,09:58:41,18737.05,200,11942850
20221129,09:58:42,18736.65,150,11942850
20221129,09:58:44,18736.80,150,11942850
20221129,09:58:45,18736.80,200,11942850
20221129,09:58:48,18735.40,800,11942850
20221129,09:58:51,18736.00,100,11942850
20221129,09:58:53,18735.35,200,11942850
20221129,09:58:55,18735.55,150,11942850
20221129,09:58:56,18735.40,300,11942850
20221129,09:58:58,18735.35,150,11942850
20221129,09:58:59,18735.55,50,11942850
20221129,09:59:00,18735.75,50,11942850
20221129,09:59:02,18735.55,100,11942850
20221129,09:59:03,18736.00,300,11942850
20221129,09:59:04,18735.80,100,11942850
20221129,09:59:05,18735.80,50,11942850
20221129,09:59:06,18736.00,200,11942850
20221129,09:59:08,18737.95,200,11942850
20221129,09:59:09,18736.40,50,11942850
20221129,09:59:10,18736.95,100,11942850
20221129,09:59:11,18738.20,200,11942850
20221129,09:59:14,18737.60,50,11942850
20221129,09:59:16,18737.35,150,11942850
20221129,09:59:18,18736.20,100,11942850
20221129,09:59:19,18737.70,50,11942850
20221129,09:59:20,18738.00,100,11942850
20221129,09:59:22,18737.70,100,11942850
20221129,09:59:23,18736.70,100,11942850
20221129,09:59:24,18738.30,100,11942850
20221129,09:59:26,18738.30,150,11942850
20221129,09:59:28,18738.60,100,11942850
20221129,09:59:30,18737.20,200,11942850
20221129,09:59:31,18737.00,150,11942850
20221129,09:59:33,18737.00,250,11942850
20221129,09:59:34,18738.95,350,11943600
20221129,09:59:35,18738.95,650,11943600
20221129,09:59:36,18736.95,150,11943600
20221129,09:59:38,18737.60,50,11943600
20221129,09:59:39,18737.05,450,11943600
20221129,09:59:39,18737.05,50,11943600
20221129,09:59:40,18738.00,450,11943600
20221129,09:59:41,18737.00,400,11943600
20221129,09:59:43,18736.95,300,11943600
20221129,09:59:44,18736.95,100,11943600
20221129,09:59:45,18737.10,450,11943600
20221129,09:59:48,18737.10,150,11943600
20221129,09:59:49,18737.70,100,11943600
20221129,09:59:50,18738.40,350,11943600
20221129,09:59:51,18738.35,350,11943600
20221129,09:59:52,18738.30,50,11943600
20221129,09:59:56,18739.20,950,11943600
20221129,09:59:57,18738.50,150,11943600
20221129,09:59:59,18739.20,100,11943600
20221129,10:00:00,18739.40,150,11943600
20221129,10:00:01,18739.65,2400,11943600
20221129,10:00:02,18740.00,1200,11943600
20221129,10:00:04,18740.00,3400,11943600
20221129,10:00:05,18740.00,2700,11943600
20221129,10:00:06,18742.00,1950,11943600
20221129,10:00:07,18740.00,50,11943600
20221129,10:00:10,18739.80,800,11943600
20221129,10:00:11,18739.80,150,11943600
20221129,10:00:12,18740.00,100,11943600
20221129,10:00:15,18740.00,50,11943600
20221129,10:00:16,18740.00,200,11943600
20221129,10:00:17,18739.85,500,11943600
20221129,10:00:18,18739.85,100,11943600
20221129,10:00:20,18740.00,500,11943600
20221129,10:00:21,18740.00,600,11943600
20221129,10:00:21,18740.00,300,11943600
20221129,10:00:22,18739.85,1200,11943600
20221129,10:00:25,18739.75,300,11943600
20221129,10:00:26,18739.90,100,11943600
20221129,10:00:27,18739.85,150,11943600
20221129,10:00:29,18739.60,150,11943600
20221129,10:00:32,18740.00,200,11943600
20221129,10:00:33,18739.30,550,11943600
20221129,10:00:35,18739.00,600,11943600
20221129,10:00:36,18738.15,150,11943600
20221129,10:00:37,18738.15,50,11943600
20221129,10:00:38,18738.10,200,11943600
20221129,10:00:39,18737.30,300,11943600
20221129,10:00:40,18738.15,100,11943600
20221129,10:00:42,18739.00,200,11943600
20221129,10:00:43,18737.30,100,11943600
20221129,10:00:44,18737.15,550,11943600
20221129,10:00:45,18737.20,100,11943600
20221129,10:00:48,18739.00,200,11943600
20221129,10:00:49,18737.35,150,11943600
20221129,10:00:50,18737.30,200,11943600
20221129,10:00:51,18738.95,50,11943600
20221129,10:00:53,18737.25,200,11943600
20221129,10:00:54,18737.50,400,11943600
20221129,10:00:55,18737.15,200,11943600
20221129,10:00:56,18737.00,600,11943600
20221129,10:00:58,18738.00,150,11943600
20221129,10:00:59,18736.05,450,11943600
20221129,10:01:01,18737.15,100,11943600
20221129,10:01:04,18736.05,50,11943600
20221129,10:01:05,18736.10,100,11943600
20221129,10:01:06,18736.25,50,11943600
20221129,10:01:07,18736.00,600,11943600
20221129,10:01:10,18736.40,150,11943600
20221129,10:01:10,18736.00,600,11943600
20221129,10:01:11,18735.55,300,11943600
20221129,10:01:12,18736.00,200,11943600
20221129,10:01:15,18735.75,200,11943600
20221129,10:01:18,18736.00,550,11943600
20221129,10:01:20,18735.30,550,11943600
20221129,10:01:21,18735.00,500,11943600
20221129,10:01:21,18735.00,100,11943600
20221129,10:01:22,18735.00,1550,11943600
20221129,10:01:23,18735.00,500,11943600
20221129,10:01:25,18735.30,150,11943600
20221129,10:01:29,18735.00,50,11943600
20221129,10:01:30,18735.00,150,11943600
20221129,10:01:32,18735.00,100,11943600
20221129,10:01:37,18735.00,150,11943600
20221129,10:01:38,18735.00,100,11943600
20221129,10:01:41,18735.00,150,11943600
20221129,10:01:45,18735.00,500,11943600
20221129,10:01:45,18734.65,50,11943600
20221129,10:01:46,18735.00,100,11943600
20221129,10:01:50,18735.00,50,11943600
20221129,10:01:51,18734.85,150,11943600
20221129,10:01:51,18735.00,50,11943600
20221129,10:01:53,18734.15,100,11943600
20221129,10:01:55,18734.55,400,11943600
20221129,10:01:57,18734.10,100,11943600
20221129,10:01:59,18734.45,50,11943600
20221129,10:02:01,18734.55,100,11943600
20221129,10:02:02,18735.00,700,11943600
20221129,10:02:03,18734.00,100,11943600
20221129,10:02:04,18734.50,100,11943600
20221129,10:02:05,18735.00,50,11943600
20221129,10:02:09,18735.00,100,11943600
20221129,10:02:10,18734.55,100,11943600
20221129,10:02:11,18733.90,250,11943600
20221129,10:02:13,18733.80,150,11943600
20221129,10:02:14,18733.80,450,11943600
20221129,10:02:15,18734.30,300,11943600
20221129,10:02:19,18733.85,100,11943600
20221129,10:02:20,18733.85,100,11943600
20221129,10:02:21,18733.80,50,11943600
20221129,10:02:25,18733.85,100,11943600
20221129,10:02:26,18733.85,150,11943600
20221129,10:02:27,18734.00,100,11943600
20221129,10:02:28,18733.30,250,11943600
20221129,10:02:29,18733.20,50,11943600
20221129,10:02:30,18733.00,200,11943600
20221129,10:02:32,18733.05,250,11947900
20221129,10:02:34,18733.40,150,11947900
20221129,10:02:35,18733.60,50,11947900
20221129,10:02:37,18733.10,350,11947900
20221129,10:02:38,18734.00,150,11947900
20221129,10:02:39,18733.10,50,11947900
20221129,10:02:40,18733.50,100,11947900
20221129,10:02:42,18735.00,150,11947900
20221129,10:02:43,18733.55,50,11947900
20221129,10:02:45,18734.25,200,11947900
20221129,10:02:46,18735.00,250,11947900
20221129,10:02:47,18734.00,50,11947900
20221129,10:02:50,18734.60,50,11947900
20221129,10:02:52,18735.00,500,11947900
20221129,10:02:53,18736.00,150,11947900
20221129,10:02:54,18735.25,50,11947900
20221129,10:02:56,18735.25,50,11947900
20221129,10:02:57,18735.90,50,11947900
20221129,10:02:58,18734.25,250,11947900
20221129,10:02:59,18735.90,50,11947900
20221129,10:03:01,18735.00,100,11947900
20221129,10:03:02,18734.45,100,11947900
20221129,10:03:04,18734.20,100,11947900
20221129,10:03:05,18735.05,150,11947900
20221129,10:03:07,18734.30,200,11947900
20221129,10:03:11,18734.00,100,11947900
20221129,10:03:13,18733.15,50,11947900
20221129,10:03:15,18733.00,350,11947900
20221129,10:03:16,18733.00,100,11947900
20221129,10:03:19,18734.00,50,11947900
20221129,10:03:21,18734.30,700,11947900
20221129,10:03:21,18735.00,50,11947900
20221129,10:03:22,18734.90,150,11947900
20221129,10:03:25,18735.40,100,11947900
20221129,10:03:26,18734.60,50,11947900
20221129,10:03:26,18735.20,100,11947900
20221129,10:03:28,18735.20,50,11947900
20221129,10:03:29,18735.90,50,11947900
20221129,10:03:30,18735.40,100,11947900
20221129,10:03:31,18734.90,50,11947900
20221129,10:03:33,18734.60,150,11947900
20221129,10:03:37,18735.90,100,11947900
20221129,10:03:38,18736.00,650,11947900
20221129,10:03:41,18735.60,100,11947900
20221129,10:03:42,18736.00,150,11947900
20221129,10:03:43,18735.15,50,11947900
20221129,10:03:44,18735.05,50,11947900
20221129,10:03:45,18735.05,150,11947900
20221129,10:03:46,18735.05,50,11947900
20221129,10:03:49,18735.05,50,11947900
20221129,10:03:50,18735.50,100,11947900
20221129,10:03:51,18735.15,50,11947900
20221129,10:03:56,18736.00,150,11947900
20221129,10:03:57,18736.00,100,11947900
20221129,10:03:58,18736.00,800,11947900
20221129,10:04:01,18736.50,200,11947900
20221129,10:04:02,18736.95,1250,11947900
20221129,10:04:03,18736.55,150,11947900
20221129,10:04:04,18737.30,150,11947900
20221129,10:04:06,18738.00,250,11947900
20221129,10:04:07,18738.30,50,11947900
20221129,10:04:08,18735.10,350,11947900
20221129,10:04:11,18736.55,1250,11947900
20221129,10:04:13,18735.60,100,11947900
20221129,10:04:14,18734.65,300,11947900
20221129,10:04:15,18734.25,150,11947900
20221129,10:04:17,18734.00,150,11947900
20221129,10:04:19,18733.90,50,11947900
20221129,10:04:21,18734.75,200,11947900
20221129,10:04:24,18734.90,400,11947900
20221129,10:04:25,18736.90,250,11947900
20221129,10:04:29,18734.95,100,11947900
20221129,10:04:30,18735.55,100,11947900
20221129,10:04:31,18735.65,100,11947900
20221129,10:04:33,18736.75,50,11947900
20221129,10:04:34,18734.20,50,11947900
20221129,10:04:36,18735.10,150,11947900
20221129,10:04:38,18734.45,250,11947900
20221129,10:04:42,18734.65,100,11947900
20221129,10:04:44,18734.95,150,11947900
20221129,10:04:45,18735.05,50,11947900
20221129,10:04:46,18735.05,250,11947900
20221129,10:04:47,18735.25,150,11947900
20221129,10:04:48,18735.55,50,11947900
20221129,10:04:50,18734.75,100,11947900
20221129,10:04:51,18734.45,100,11947900
20221129,10:04:53,18734.45,50,11947900
20221129,10:04:54,18733.35,50,11947900
20221129,10:04:57,18735.00,100,11947900
20221129,10:04:59,18733.20,300,11947900
20221129,10:05:00,18734.20,50,11947900
20221129,10:05:02,18734.20,100,11947900
20221129,10:05:03,18733.80,50,11947900
20221129,10:05:04,18733.45,50,11947900
20221129,10:05:05,18733.70,250,11947900
20221129,10:05:07,18733.80,150,11947900
20221129,10:05:08,18735.00,150,11947900
20221129,10:05:09,18735.00,850,11947900
20221129,10:05:11,18735.70,150,11947900
20221129,10:05:17,18734.20,150,11947900
20221129,10:05:20,18735.00,150,11947900
20221129,10:05:24,18735.00,50,11947900
20221129,10:05:25,18733.60,200,11947900
20221129,10:05:26,18733.00,450,11947900
20221129,10:05:31,18735.00,250,11947900
20221129,10:05:33,18735.00,100,11947900
20221129,10:05:35,18734.55,200,11947000
20221129,10:05:37,18734.15,200,11947000
20221129,10:05:40,18733.90,450,11947000
20221129,10:05:41,18735.00,100,11947000
20221129,10:05:42,18735.95,100,11947000
20221129,10:05:43,18733.90,50,11947000
20221129,10:05:44,18734.45,50,11947000
20221129,10:05:47,18734.45,100,11947000
20221129,10:05:49,18733.80,100,11947000
20221129,10:05:50,18734.00,250,11947000
20221129,10:05:52,18734.00,100,11947000
20221129,10:05:55,18735.00,400,11947000
20221129,10:05:56,18735.00,350,11947000
20221129,10:05:59,18734.10,200,11947000
20221129,10:06:01,18735.00,200,11947000
20221129,10:06:02,18735.00,50,11947000
20221129,10:06:04,18734.00,150,11947000
20221129,10:06:05,18733.15,150,11947000
20221129,10:06:08,18733.15,50,11947000
20221129,10:06:10,18733.85,100,11947000
20221129,10:06:12,18734.45,100,11947000
20221129,10:06:15,18733.80,100,11947000
20221129,10:06:16,18733.70,50,11947000
20221129,10:06:18,18733.65,50,11947000
20221129,10:06:22,18733.70,100,11947000
20221129,10:06:24,18733.15,100,11947000
20221129,10:06:27,18733.70,200,11947000
20221129,10:06:28,18733.15,50,11947000
20221129,10:06:30,18733.40,50,11947000
20221129,10:06:31,18733.10,50,11947000
20221129,10:06:34,18733.10,50,11947000
20221129,10:06:35,18733.40,50,11947000
20221129,10:06:36,18733.40,100,11947000
20221129,10:06:42,18733.30,200,11947000
20221129,10:06:44,18734.85,100,11947000
20221129,10:06:45,18734.05,50,11947000
20221129,10:06:46,18734.70,150,11947000
20221129,10:06:48,18734.20,400,11947000
20221129,10:06:50,18735.00,100,11947000
20221129,10:06:51,18735.60,950,11947000
20221129,10:06:52,18736.00,250,11947000
20221129,10:06:53,18734.85,100,11947000
20221129,10:06:55,18734.95,50,11947000
20221129,10:06:57,18736.00,1900,11947000
20221129,10:06:58,18735.80,400,11947000
20221129,10:06:59,18735.70,100,11947000
20221129,10:07:00,18734.45,100,11947000
20221129,10:07:04,18735.65,100,11947000
20221129,10:07:05,18734.15,100,11947000
20221129,10:07:08,18735.70,600,11947000
20221129,10:07:09,18734.95,50,11947000
20221129,10:07:10,18734.05,100,11947000
20221129,10:07:11,18734.05,100,11947000
20221129,10:07:14,18734.05,150,11947000
20221129,10:07:15,18735.00,150,11947000
20221129,10:07:17,18735.00,150,11947000
20221129,10:07:18,18735.70,200,11947000
20221129,10:07:19,18734.10,1350,11947000
