20221129,09:15:03,18793.45,1,1152850
20221129,09:15:03,18793.10,100,1152850
20221129,09:15:05,18806.70,1150,1152850
20221129,09:15:06,18792.25,100,1152850
20221129,09:15:07,18818.60,1300,1152850
20221129,09:15:08,18807.20,1300,1152850
20221129,09:15:10,18798.45,50,1152850
20221129,09:15:12,18796.00,50,1152850
20221129,09:15:13,18788.80,150,1152850
20221129,09:15:14,18799.05,650,1152850
20221129,09:15:16,18810.10,150,1152850
20221129,09:15:17,18810.80,250,1152850
20221129,09:15:22,18810.00,50,1152850
20221129,09:15:25,18810.00,50,1152850
20221129,09:15:28,18808.65,350,1152850
20221129,09:15:29,18809.55,50,1152850
20221129,09:15:30,18809.80,300,1152850
20221129,09:15:35,18819.55,1450,1152850
20221129,09:15:36,18810.00,650,1152850
20221129,09:15:37,18811.85,50,1152850
20221129,09:15:38,18813.65,300,1152850
20221129,09:15:42,18812.60,200,1152850
20221129,09:15:44,18816.65,500,1152850
20221129,09:15:45,18814.65,350,1152850
20221129,09:15:46,18815.30,50,1152850
20221129,09:15:48,18815.65,50,1152850
20221129,09:15:49,18815.65,250,1152850
20221129,09:15:49,18815.30,50,1152850
20221129,09:15:51,18815.00,150,1152850
20221129,09:15:54,18814.95,400,1152850
20221129,09:15:57,18815.05,100,1152850
20221129,09:15:58,18815.00,100,1152850
20221129,09:15:59,18813.20,100,1152850
20221129,09:16:00,18810.10,1050,1152850
20221129,09:16:02,18812.40,100,1152850
20221129,09:16:03,18817.55,50,1152850
20221129,09:16:06,18810.00,50,1152850
20221129,09:16:07,18811.40,200,1152850
20221129,09:16:09,18815.05,50,1152850
20221129,09:16:10,18813.85,1250,1152850
20221129,09:16:11,18812.10,50,1152850
20221129,09:16:12,18813.80,50,1152850
20221129,09:16:17,18813.85,50,1152850
20221129,09:16:18,18813.85,50,1152850
20221129,09:16:19,18813.85,300,1152850
20221129,09:16:24,18813.65,700,1152850
20221129,09:16:25,18813.85,300,1152850
20221129,09:16:28,18813.90,100,1152850
20221129,09:16:32,18814.65,50,1152850
20221129,09:16:34,18815.20,50,1152850
20221129,09:16:35,18816.00,50,1152850
20221129,09:16:41,18816.85,50,1152850
20221129,09:16:45,18818.95,50,1152850
20221129,09:16:46,18820.00,150,1152850
20221129,09:16:47,18824.10,50,1152850
20221129,09:16:49,18826.15,400,1152850
20221129,09:16:50,18826.15,50,1152850
20221129,09:16:53,18826.15,50,1152850
20221129,09:16:56,18826.15,100,1152850
20221129,09:16:57,18824.35,50,1152850
20221129,09:17:00,18820.30,150,1152850
20221129,09:17:03,18820.90,50,1152850
20221129,09:17:05,18822.75,50,1152850
20221129,09:17:09,18825.60,50,1152850
20221129,09:17:10,18822.15,50,1152850
20221129,09:17:11,18823.00,50,1152850
20221129,09:17:12,18821.60,50,1152850
20221129,09:17:14,18823.70,50,1152850
20221129,09:17:20,18823.00,100,1151050
20221129,09:17:21,18823.70,50,1151050
20221129,09:17:22,18824.50,150,1151050
20221129,09:17:23,18824.40,50,1151050
20221129,09:17:24,18824.95,300,1151050
20221129,09:17:25,18824.00,50,1151050
20221129,09:17:28,18823.00,100,1151050
20221129,09:17:31,18821.95,300,1151050
20221129,09:17:34,18822.00,50,1151050
20221129,09:17:40,18817.45,100,1151050
20221129,09:17:48,18820.00,200,1151050
20221129,09:17:49,18820.05,50,1151050
20221129,09:17:50,18821.25,850,1151050
20221129,09:17:52,18821.10,50,1151050
20221129,09:18:01,18817.20,50,1151050
20221129,09:18:03,18817.50,50,1151050
20221129,09:18:05,18816.05,100,1151050
20221129,09:18:12,18820.00,100,1151050
20221129,09:18:13,18820.00,100,1151050
20221129,09:18:23,18819.30,50,1151050
20221129,09:18:30,18822.90,50,1151050
20221129,09:18:31,18822.95,50,1151050
20221129,09:18:36,18822.95,500,1151050
20221129,09:18:44,18823.60,450,1151050
20221129,09:18:45,18823.95,200,1151050
20221129,09:18:47,18821.15,50,1151050
20221129,09:18:51,18823.95,50,1151050
20221129,09:18:53,18820.30,50,1151050
20221129,09:18:58,18820.00,50,1151050
20221129,09:18:59,18821.15,650,1151050
20221129,09:19:07,18821.15,50,1151050
20221129,09:19:24,18820.00,50,1151050
20221129,09:19:36,18818.25,50,1151050
20221129,09:19:39,18818.00,50,1151050
20221129,09:19:42,18820.00,600,1151050
20221129,09:19:45,18820.85,50,1151050
20221129,09:19:46,18820.60,50,1151050
20221129,09:19:46,18821.15,100,1151050
20221129,09:19:51,18824.00,100,1151050
20221129,09:19:52,18825.00,100,1151050
20221129,09:19:53,18824.50,100,1151050
20221129,09:19:56,18825.95,50,1151050
20221129,09:19:58,18826.00,100,1151050
20221129,09:20:03,18825.35,450,1151050
20221129,09:20:05,18827.35,50,1151050
20221129,09:20:06,18828.00,50,1151050
20221129,09:20:09,18828.00,50,1151050
20221129,09:20:20,18825.00,50,1151700
20221129,09:20:21,18826.40,150,1151700
20221129,09:20:27,18826.95,100,1151700
20221129,09:20:35,18824.35,50,1151700
20221129,09:20:43,18822.70,50,1151700
20221129,09:20:44,18825.00,50,1151700
20221129,09:20:49,18827.05,100,1151700
20221129,09:20:50,18828.00,50,1151700
20221129,09:21:00,18828.00,100,1151700
20221129,09:21:03,18826.00,50,1151700
20221129,09:21:14,18828.85,50,1151700
20221129,09:21:16,18830.00,250,1151700
20221129,09:21:18,18830.00,50,1151700
20221129,09:21:19,18827.10,50,1151700
20221129,09:21:28,18829.55,50,1151700
20221129,09:21:34,18829.90,100,1151700
20221129,09:21:42,18829.80,50,1151700
20221129,09:21:44,18829.80,200,1151700
20221129,09:21:47,18827.00,100,1151700
20221129,09:21:48,18827.05,100,1151700
20221129,09:21:49,18829.80,200,1151700
20221129,09:21:52,18829.10,100,1151700
20221129,09:21:53,18827.00,100,1151700
20221129,09:22:06,18826.95,50,1151700
20221129,09:22:07,18827.05,100,1151700
20221129,09:22:09,18827.05,50,1151700
20221129,09:22:10,18827.05,150,1151700
20221129,09:22:11,18827.05,50,1151700
20221129,09:22:27,18825.00,50,1151700
20221129,09:22:35,18825.00,50,1151700
20221129,09:22:38,18826.00,50,1151700
20221129,09:22:39,18825.00,150,1151700
20221129,09:22:40,18827.05,50,1151700
20221129,09:22:41,18827.05,100,1151700
20221129,09:22:43,18827.65,50,1151700
20221129,09:22:47,18828.00,50,1151700
20221129,09:22:53,18829.25,150,1151700
20221129,09:22:54,18825.65,100,1151700
20221129,09:23:00,18828.00,50,1151700
20221129,09:23:02,18829.80,50,1151700
20221129,09:23:03,18830.00,100,1151700
20221129,09:23:04,18832.00,100,1151700
20221129,09:23:05,18834.20,500,1151700
20221129,09:23:07,18834.20,50,1151700
20221129,09:23:14,18834.95,250,1151700
20221129,09:23:30,18834.95,50,1151200
20221129,09:23:36,18832.10,50,1151200
20221129,09:23:37,18831.75,50,1151200
20221129,09:23:40,18834.80,100,1151200
20221129,09:23:42,18835.00,200,1151200
20221129,09:23:50,18835.00,50,1151200
20221129,09:23:53,18835.00,50,1151200
20221129,09:23:55,18835.05,150,1151200
20221129,09:24:01,18836.70,200,1151200
20221129,09:24:08,18840.05,600,1151200
20221129,09:24:10,18840.05,100,1151200
20221129,09:24:11,18840.05,50,1151200
20221129,09:24:14,18841.00,50,1151200
20221129,09:24:19,18842.20,100,1151200
20221129,09:24:21,18843.35,150,1151200
20221129,09:24:22,18843.35,50,1151200
20221129,09:24:24,18841.65,100,1151200
20221129,09:24:25,18842.15,50,1151200
20221129,09:24:26,18840.05,50,1151200
20221129,09:24:30,18837.70,50,1151200
20221129,09:24:30,18839.00,50,1151200
20221129,09:24:32,18841.20,150,1151200
20221129,09:24:33,18840.00,350,1151200
20221129,09:24:39,18840.05,50,1151200
20221129,09:24:41,18840.05,200,1151200
20221129,09:24:43,18840.50,50,1151200
20221129,09:24:47,18840.50,100,1151200
20221129,09:24:55,18840.50,550,1151200
20221129,09:25:01,18841.95,50,1151200
20221129,09:25:02,18841.95,350,1151200
20221129,09:25:03,18844.50,450,1151200
20221129,09:25:04,18844.50,100,1151200
20221129,09:25:08,18840.55,50,1151200
20221129,09:25:13,18840.55,50,1151200
20221129,09:25:15,18845.00,1000,1151200
20221129,09:25:19,18845.00,50,1151200
20221129,09:25:24,18840.00,150,1151200
20221129,09:25:25,18839.90,50,1151200
20221129,09:25:26,18839.00,50,1151200
20221129,09:25:30,18839.80,100,1151200
20221129,09:25:38,18838.00,50,1151200
20221129,09:25:40,18838.35,150,1151200
20221129,09:25:46,18836.50,300,1151200
20221129,09:25:49,18836.75,100,1151200
20221129,09:25:53,18836.50,50,1151200
20221129,09:25:54,18840.00,100,1151200
20221129,09:25:55,18841.25,50,1151200
20221129,09:26:00,18841.85,50,1151200
20221129,09:26:01,18840.00,50,1151200
20221129,09:26:09,18840.00,50,1151200
20221129,09:26:15,18840.00,50,1151200
20221129,09:26:16,18840.00,100,1151200
20221129,09:26:23,18839.20,50,1151450
20221129,09:26:25,18839.90,250,1151450
20221129,09:26:27,18836.55,750,1151450
20221129,09:26:29,18836.05,150,1151450
20221129,09:26:43,18839.20,50,1151450
20221129,09:26:44,18840.00,250,1151450
20221129,09:26:45,18840.35,600,1151450
20221129,09:26:52,18845.00,1050,1151450
20221129,09:26:56,18842.50,150,1151450
20221129,09:27:03,18841.30,100,1151450
20221129,09:27:09,18841.90,200,1151450
20221129,09:27:17,18841.55,50,1151450
20221129,09:27:21,18841.40,150,1151450
20221129,09:27:23,18841.60,50,1151450
20221129,09:27:28,18840.20,50,1151450
20221129,09:27:36,18842.95,50,1151450
20221129,09:27:37,18842.40,150,1151450
20221129,09:27:38,18844.90,100,1151450
20221129,09:27:39,18842.25,100,1151450
20221129,09:27:43,18843.50,150,1151450
20221129,09:27:45,18845.00,600,1151450
20221129,09:27:46,18844.80,50,1151450
20221129,09:27:48,18845.00,750,1151450
20221129,09:27:49,18845.00,550,1151450
20221129,09:27:52,18844.80,50,1151450
20221129,09:27:54,18845.00,50,1151450
20221129,09:27:58,18843.50,50,1151450
20221129,09:28:03,18843.50,50,1151450
20221129,09:28:07,18843.50,50,1151450
20221129,09:28:13,18843.50,50,1151450
20221129,09:28:18,18845.00,200,1151450
20221129,09:28:22,18843.50,50,1151450
20221129,09:28:26,18844.90,50,1151450
20221129,09:28:36,18844.95,100,1151450
20221129,09:28:38,18845.00,250,1151450
20221129,09:28:39,18846.00,50,1151450
20221129,09:28:42,18846.00,50,1151450
20221129,09:28:47,18845.80,50,1151450
20221129,09:28:50,18844.95,100,1151450
20221129,09:28:55,18845.80,50,1151450
20221129,09:28:58,18845.00,50,1151450
20221129,09:28:59,18844.90,150,1151450
20221129,09:29:01,18844.10,150,1151450
20221129,09:29:03,18844.95,50,1151450
20221129,09:29:08,18844.90,100,1151450
20221129,09:29:10,18841.45,200,1151450
20221129,09:29:14,18841.40,100,1151450
20221129,09:29:15,18844.75,50,1151450
20221129,09:29:28,18841.35,50,1152800
20221129,09:29:38,18844.30,50,1152800
20221129,09:29:57,18842.30,100,1152800
20221129,09:30:01,18841.00,100,1152800
20221129,09:30:03,18842.30,50,1152800
20221129,09:30:04,18843.35,50,1152800
20221129,09:30:05,18844.00,50,1152800
20221129,09:30:08,18843.05,50,1152800
20221129,09:30:09,18842.35,50,1152800
20221129,09:30:31,18843.00,50,1152800
20221129,09:30:33,18842.35,50,1152800
20221129,09:30:43,18841.30,50,1152800
20221129,09:30:47,18841.00,50,1152800
20221129,09:30:48,18840.20,200,1152800
20221129,09:30:49,18840.00,100,1152800
20221129,09:30:51,18840.00,200,1152800
20221129,09:30:52,18840.00,100,1152800
20221129,09:30:57,18840.00,150,1152800
20221129,09:31:03,18840.35,50,1152800
20221129,09:31:08,18840.00,50,1152800
20221129,09:31:11,18840.00,100,1152800
20221129,09:31:16,18840.35,50,1152800
20221129,09:31:19,18840.10,50,1152800
20221129,09:31:24,18840.10,50,1152800
20221129,09:31:27,18841.30,500,1152800
20221129,09:31:31,18840.00,200,1152800
20221129,09:31:35,18842.95,200,1152800
20221129,09:31:39,18842.10,50,1152800
20221129,09:31:40,18840.00,50,1152800
20221129,09:31:41,18840.00,200,1152800
20221129,09:31:46,18840.00,100,1152800
20221129,09:31:48,18840.00,100,1152800
20221129,09:31:50,18840.10,200,1152800
20221129,09:31:51,18838.40,100,1152800
20221129,09:31:57,18838.25,50,1152800
20221129,09:31:59,18838.05,500,1152800
20221129,09:32:00,18838.15,50,1152800
20221129,09:32:02,18838.20,150,1152800
20221129,09:32:06,18838.15,450,1152800
20221129,09:32:14,18840.80,100,1152800
20221129,09:32:25,18841.50,200,1154750
20221129,09:32:32,18842.95,50,1154750
20221129,09:32:44,18843.75,50,1154750
20221129,09:32:46,18844.00,50,1154750
20221129,09:32:50,18843.45,50,1154750
20221129,09:32:58,18844.00,50,1154750
20221129,09:32:59,18843.45,150,1154750
20221129,09:33:15,18843.00,50,1154750
20221129,09:33:16,18842.70,100,1154750
20221129,09:33:17,18842.60,50,1154750
20221129,09:33:27,18843.40,50,1154750
20221129,09:33:34,18842.15,50,1154750
20221129,09:33:35,18842.10,50,1154750
20221129,09:33:38,18842.05,50,1154750
20221129,09:33:40,18842.45,50,1154750
20221129,09:33:44,18842.00,50,1154750
20221129,09:33:45,18839.75,1000,1154750
20221129,09:33:47,18842.45,100,1154750
20221129,09:33:51,18841.05,50,1154750
20221129,09:34:06,18841.30,50,1154750
20221129,09:34:07,18841.30,50,1154750
20221129,09:34:09,18841.20,50,1154750
20221129,09:34:11,18840.65,50,1154750
20221129,09:34:16,18840.60,50,1154750
20221129,09:34:37,18839.40,50,1154750
20221129,09:34:47,18839.45,50,1154750
20221129,09:34:56,18839.30,50,1154750
20221129,09:34:57,18839.45,200,1154750
20221129,09:34:58,18839.45,100,1154750
20221129,09:34:59,18839.75,50,1154750
20221129,09:35:03,18839.25,200,1154750
20221129,09:35:10,18839.10,50,1154750
20221129,09:35:12,18839.30,50,1154750
20221129,09:35:18,18840.35,50,1154750
20221129,09:35:19,18842.00,100,1154750
20221129,09:35:26,18841.70,50,1154450
20221129,09:35:34,18841.65,50,1154450
20221129,09:35:37,18841.35,100,1154450
20221129,09:35:39,18840.55,150,1154450
20221129,09:35:47,18839.90,50,1154450
20221129,09:35:49,18839.80,50,1154450
20221129,09:35:50,18839.65,100,1154450
20221129,09:35:53,18838.85,50,1154450
20221129,09:36:04,18838.75,50,1154450
20221129,09:36:05,18838.40,1050,1154450
20221129,09:36:09,18839.20,50,1154450
20221129,09:36:10,18839.05,50,1154450
20221129,09:36:16,18841.70,150,1154450
20221129,09:36:19,18842.00,150,1154450
20221129,09:36:21,18842.00,50,1154450
20221129,09:36:24,18843.00,50,1154450
20221129,09:36:26,18845.00,200,1154450
20221129,09:36:27,18845.00,100,1154450
20221129,09:36:50,18842.00,250,1154450
20221129,09:36:53,18839.90,50,1154450
20221129,09:37:03,18839.85,150,1154450
20221129,09:37:04,18839.00,50,1154450
20221129,09:37:09,18839.00,50,1154450
20221129,09:37:10,18838.00,750,1154450
20221129,09:37:11,18838.00,100,1154450
20221129,09:37:12,18838.00,100,1154450
20221129,09:37:15,18838.00,150,1154450
20221129,09:37:16,18838.00,150,1154450
20221129,09:37:17,18837.95,50,1154450
20221129,09:37:19,18839.00,100,1154450
20221129,09:37:21,18839.00,100,1154450
20221129,09:37:27,18839.00,100,1154450
20221129,09:37:29,18839.00,50,1154450
20221129,09:37:30,18840.00,450,1154450
20221129,09:37:33,18840.00,50,1154450
20221129,09:37:34,18842.15,50,1154450
20221129,09:37:38,18843.05,50,1154450
20221129,09:37:39,18843.05,50,1154450
20221129,09:37:42,18841.95,50,1154450
20221129,09:37:44,18841.95,50,1154450
20221129,09:37:49,18840.00,50,1154450
20221129,09:37:53,18840.00,50,1154450
20221129,09:37:58,18840.00,50,1154450
20221129,09:37:59,18840.00,50,1154450
20221129,09:38:01,18840.00,50,1154450
20221129,09:38:02,18839.55,50,1154450
20221129,09:38:05,18839.55,400,1154450
20221129,09:38:07,18842.05,50,1154450
20221129,09:38:31,18839.40,50,1156100
20221129,09:38:43,18840.00,50,1156100
20221129,09:38:48,18839.15,100,1156100
20221129,09:39:00,18840.00,50,1156100
20221129,09:39:05,18839.45,50,1156100
20221129,09:39:08,18838.60,50,1156100
20221129,09:39:11,18838.60,500,1156100
20221129,09:39:27,18840.85,500,1156100
20221129,09:39:27,18840.45,50,1156100
20221129,09:39:34,18840.20,50,1156100
20221129,09:39:45,18838.00,50,1156100
20221129,09:40:04,18838.00,50,1156100
20221129,09:40:06,18838.50,100,1156100
20221129,09:40:08,18838.40,50,1156100
20221129,09:40:15,18837.25,50,1156100
20221129,09:40:23,18835.85,350,1156100
20221129,09:40:24,18832.35,200,1156100
20221129,09:40:28,18834.15,50,1156100
20221129,09:40:33,18834.05,50,1156100
20221129,09:40:40,18833.90,50,1156100
20221129,09:40:44,18833.80,50,1156100
20221129,09:41:17,18835.25,50,1156100
20221129,09:41:27,18838.00,50,1157550
20221129,09:41:40,18839.95,100,1157550
20221129,09:41:51,18840.20,200,1157550
20221129,09:41:53,18840.00,50,1157550
20221129,09:42:27,18840.00,50,1157550
20221129,09:42:28,18840.80,50,1157550
20221129,09:42:32,18839.45,50,1157550
20221129,09:42:38,18838.15,50,1157550
20221129,09:42:39,18838.10,50,1157550
20221129,09:42:40,18838.00,50,1157550
20221129,09:42:50,18838.15,50,1157550
20221129,09:42:51,18838.10,50,1157550
20221129,09:42:54,18840.00,50,1157550
20221129,09:43:17,18839.20,50,1157550
20221129,09:43:19,18838.95,250,1157550
20221129,09:43:29,18838.90,100,1157550
20221129,09:43:35,18840.00,100,1157550
20221129,09:43:36,18838.55,100,1157550
20221129,09:43:49,18841.00,250,1157550
20221129,09:43:50,18841.00,200,1157550
20221129,09:44:07,18841.00,500,1157550
20221129,09:44:13,18841.40,300,1157550
20221129,09:44:14,18841.40,50,1157550
20221129,09:44:15,18841.40,100,1157550
20221129,09:44:16,18841.40,50,1157550
20221129,09:44:19,18841.40,300,1157550
20221129,09:44:20,18839.05,700,1157550
20221129,09:44:23,18840.30,50,1158850
20221129,09:44:34,18840.30,500,1158850
20221129,09:44:47,18838.00,100,1158850
20221129,09:44:48,18837.10,50,1158850
20221129,09:44:50,18838.90,50,1158850
20221129,09:45:05,18837.10,50,1158850
20221129,09:45:11,18837.00,750,1158850
20221129,09:45:13,18836.85,150,1158850
20221129,09:45:14,18835.30,50,1158850
20221129,09:45:30,18836.85,100,1158850
20221129,09:45:31,18835.00,200,1158850
20221129,09:45:38,18834.75,50,1158850
20221129,09:45:47,18833.60,150,1158850
20221129,09:45:48,18834.55,50,1158850
20221129,09:45:49,18834.75,50,1158850
20221129,09:45:50,18835.00,100,1158850
20221129,09:46:02,18835.00,100,1158850
20221129,09:46:04,18835.00,50,1158850
20221129,09:46:07,18835.00,150,1158850
20221129,09:46:07,18835.00,50,1158850
20221129,09:46:08,18835.00,550,1158850
20221129,09:46:09,18835.00,600,1158850
20221129,09:46:23,18836.00,50,1158850
20221129,09:46:24,18836.00,500,1158850
20221129,09:46:29,18836.00,50,1158850
20221129,09:46:34,18835.00,50,1158850
20221129,09:46:36,18834.90,50,1158850
20221129,09:46:44,18834.75,150,1158850
20221129,09:46:44,18832.45,50,1158850
20221129,09:46:55,18832.20,50,1158850
20221129,09:46:59,18832.45,150,1158850
20221129,09:47:12,18832.40,50,1158850
20221129,09:47:22,18832.40,50,1162450
20221129,09:47:28,18834.25,50,1162450
20221129,09:47:56,18832.05,50,1162450
20221129,09:47:59,18832.30,150,1162450
20221129,09:48:00,18832.55,50,1162450
20221129,09:48:07,18832.05,50,1162450
20221129,09:48:11,18832.05,50,1162450
20221129,09:48:12,18832.05,100,1162450
20221129,09:48:16,18830.75,300,1162450
20221129,09:48:24,18832.00,50,1162450
20221129,09:48:30,18832.00,100,1162450
20221129,09:48:33,18831.45,50,1162450
20221129,09:48:35,18832.00,50,1162450
20221129,09:48:38,18832.00,50,1162450
20221129,09:48:44,18830.00,100,1162450
20221129,09:48:56,18830.00,350,1162450
20221129,09:49:01,18829.85,50,1162450
20221129,09:49:04,18829.00,500,1162450
20221129,09:49:11,18827.65,50,1162450
20221129,09:49:14,18829.00,50,1162450
20221129,09:49:19,18830.80,100,1162450
20221129,09:49:22,18827.45,300,1162450
20221129,09:49:25,18827.85,100,1162450
20221129,09:49:26,18827.05,50,1162450
20221129,09:49:27,18827.00,50,1162450
20221129,09:49:29,18825.65,100,1162450
20221129,09:49:30,18825.55,50,1162450
20221129,09:49:47,18827.65,50,1162450
20221129,09:49:51,18828.80,50,1162450
20221129,09:49:57,18828.80,100,1162450
20221129,09:50:04,18828.95,100,1162450
20221129,09:50:07,18828.80,100,1162450
20221129,09:50:10,18828.80,50,1162450
20221129,09:50:12,18828.80,50,1162450
20221129,09:50:14,18828.80,50,1162450
20221129,09:50:27,18827.10,200,1163350
20221129,09:50:33,18829.95,50,1163350
20221129,09:50:34,18828.25,150,1163350
20221129,09:50:39,18830.00,50,1163350
20221129,09:50:44,18828.60,50,1163350
20221129,09:51:08,18834.95,50,1163350
20221129,09:51:15,18835.00,100,1163350
20221129,09:51:16,18835.30,50,1163350
20221129,09:51:17,18836.30,100,1163350
20221129,09:51:22,18835.00,50,1163350
20221129,09:51:37,18836.20,50,1163350
20221129,09:51:42,18836.30,50,1163350
20221129,09:51:54,18835.85,50,1163350
20221129,09:51:57,18835.85,150,1163350
20221129,09:52:03,18835.85,100,1163350
20221129,09:52:05,18835.75,150,1163350
20221129,09:52:07,18836.00,150,1163350
20221129,09:52:08,18836.00,200,1163350
20221129,09:52:09,18836.25,250,1163350
20221129,09:52:11,18836.70,250,1163350
20221129,09:52:13,18837.00,100,1163350
20221129,09:52:14,18837.00,150,1163350
20221129,09:52:15,18837.00,50,1163350
20221129,09:52:17,18837.00,50,1163350
20221129,09:52:19,18837.00,150,1163350
20221129,09:52:21,18838.10,50,1163350
20221129,09:52:26,18838.10,50,1163350
20221129,09:52:27,18840.30,200,1163350
20221129,09:52:32,18837.60,50,1163350
20221129,09:52:49,18840.00,150,1163350
20221129,09:52:52,18839.85,50,1163350
20221129,09:53:00,18836.75,350,1163350
20221129,09:53:10,18839.25,50,1163350
20221129,09:53:15,18839.25,50,1163350
20221129,09:53:20,18838.50,50,1163350
20221129,09:53:29,18838.40,50,1165300
20221129,09:53:34,18838.50,50,1165300
20221129,09:53:40,18839.85,100,1165300
20221129,09:53:47,18839.00,50,1165300
20221129,09:53:48,18838.00,50,1165300
20221129,09:53:50,18837.20,50,1165300
20221129,09:54:03,18838.65,50,1165300
20221129,09:54:05,18839.30,50,1165300
20221129,09:54:08,18837.15,50,1165300
20221129,09:54:16,18838.45,50,1165300
20221129,09:54:22,18837.10,50,1165300
20221129,09:54:32,18836.30,100,1165300
20221129,09:54:37,18836.30,50,1165300
20221129,09:54:40,18836.00,50,1165300
20221129,09:54:44,18834.90,50,1165300
20221129,09:54:51,18834.20,50,1165300
20221129,09:54:58,18835.45,50,1165300
20221129,09:55:01,18836.45,50,1165300
20221129,09:55:04,18834.15,50,1165300
20221129,09:55:18,18834.15,100,1165300
20221129,09:55:26,18834.15,50,1165300
20221129,09:55:28,18834.15,50,1165300
20221129,09:55:44,18836.15,50,1165300
20221129,09:55:45,18836.15,50,1165300
20221129,09:55:46,18836.00,50,1165300
20221129,09:55:51,18835.90,50,1165300
20221129,09:56:17,18835.90,50,1165300
20221129,09:56:30,18835.90,50,1165800
20221129,09:56:40,18835.90,50,1165800
20221129,09:56:58,18836.85,100,1165800
20221129,09:57:00,18836.80,50,1165800
20221129,09:57:06,18836.85,50,1165800
20221129,09:57:09,18836.85,50,1165800
20221129,09:57:10,18837.50,50,1165800
20221129,09:57:11,18836.85,50,1165800
20221129,09:57:31,18839.40,100,1165800
20221129,09:57:34,18837.00,50,1165800
20221129,09:57:44,18837.00,50,1165800
20221129,09:57:48,18839.05,250,1165800
20221129,09:57:49,18839.05,50,1165800
20221129,09:57:51,18839.05,50,1165800
20221129,09:57:54,18839.05,100,1165800
20221129,09:57:57,18838.85,50,1165800
20221129,09:58:11,18839.20,50,1165800
20221129,09:58:12,18839.15,50,1165800
20221129,09:58:16,18839.00,150,1165800
20221129,09:58:16,18839.00,50,1165800
20221129,09:58:19,18837.30,50,1165800
20221129,09:58:22,18839.00,50,1165800
20221129,09:58:25,18838.90,50,1165800
20221129,09:58:31,18838.85,50,1165800
20221129,09:58:33,18838.85,100,1165800
20221129,09:58:39,18838.85,50,1165800
20221129,09:58:41,18837.15,300,1165800
20221129,09:58:45,18838.85,100,1165800
20221129,09:58:48,18838.65,50,1165800
20221129,09:58:49,18838.35,100,1165800
20221129,09:58:51,18837.00,100,1165800
20221129,09:59:01,18838.15,100,1165800
20221129,09:59:03,18838.10,100,1165800
20221129,09:59:07,18838.00,150,1165800
20221129,09:59:10,18837.85,50,1165800
20221129,09:59:14,18840.00,250,1165800
20221129,09:59:19,18838.00,50,1165800
20221129,09:59:21,18837.80,100,1165800
20221129,09:59:22,18837.65,300,1165800
20221129,09:59:23,18837.10,100,1165800
20221129,09:59:27,18839.00,100,1167700
20221129,09:59:28,18837.50,50,1167700
20221129,09:59:31,18839.95,200,1167700
20221129,09:59:32,18838.00,100,1167700
20221129,09:59:34,18837.60,50,1167700
20221129,09:59:36,18837.60,500,1167700
20221129,09:59:37,18838.00,50,1167700
20221129,09:59:38,18837.40,250,1167700
20221129,09:59:39,18838.00,100,1167700
20221129,09:59:42,18837.85,50,1167700
20221129,09:59:43,18837.40,200,1167700
20221129,09:59:44,18839.70,50,1167700
20221129,09:59:45,18837.35,200,1167700
20221129,09:59:47,18839.70,50,1167700
20221129,09:59:48,18837.50,200,1167700
20221129,09:59:50,18838.65,50,1167700
20221129,09:59:52,18838.70,100,1167700
20221129,09:59:53,18840.00,150,1167700
20221129,09:59:56,18840.00,200,1167700
20221129,09:59:58,18840.50,200,1167700
20221129,10:00:01,18840.00,150,1167700
20221129,10:00:03,18840.00,850,1167700
20221129,10:00:04,18844.70,350,1167700
20221129,10:00:04,18840.10,100,1167700
20221129,10:00:06,18840.55,50,1167700
20221129,10:00:11,18843.35,100,1167700
20221129,10:00:18,18840.50,350,1167700
20221129,10:00:20,18840.55,50,1167700
20221129,10:00:21,18843.75,50,1167700
20221129,10:00:27,18840.50,50,1167700
20221129,10:00:28,18842.00,150,1167700
20221129,10:00:31,18840.10,50,1167700
20221129,10:00:32,18840.30,50,1167700
20221129,10:00:33,18840.25,50,1167700
20221129,10:00:35,18840.15,50,1167700
20221129,10:00:36,18840.15,50,1167700
20221129,10:00:42,18840.15,100,1167700
20221129,10:00:43,18840.00,200,1167700
20221129,10:00:44,18840.75,100,1167700
20221129,10:00:45,18838.05,50,1167700
20221129,10:00:47,18838.05,50,1167700
20221129,10:00:50,18839.90,50,1167700
20221129,10:00:52,18839.85,50,1167700
20221129,10:00:53,18838.05,250,1167700
20221129,10:00:57,18840.00,50,1167700
20221129,10:00:58,18839.60,50,1167700
20221129,10:00:59,18839.50,50,1167700
20221129,10:01:02,18840.70,150,1167700
20221129,10:01:03,18839.15,50,1167700
20221129,10:01:05,18839.10,100,1167700
20221129,10:01:08,18839.85,50,1167700
20221129,10:01:09,18839.00,100,1167700
20221129,10:01:10,18838.05,250,1167700
20221129,10:01:17,18838.50,50,1167700
20221129,10:01:21,18839.40,50,1167700
20221129,10:01:22,18839.15,700,1167700
20221129,10:01:24,18840.10,50,1167700
20221129,10:01:25,18840.10,50,1167700
20221129,10:01:27,18838.00,50,1167700
20221129,10:01:29,18840.00,50,1167700
20221129,10:01:32,18838.85,50,1167700
20221129,10:01:34,18837.75,50,1167700
20221129,10:01:36,18837.65,50,1167700
20221129,10:01:39,18837.30,150,1167700
20221129,10:01:40,18836.40,150,1167700
20221129,10:01:42,18836.30,100,1167700
20221129,10:01:45,18839.15,550,1167700
20221129,10:01:49,18839.00,100,1167700
20221129,10:01:50,18839.30,100,1167700
20221129,10:01:51,18837.25,100,1167700
20221129,10:01:58,18837.15,50,1167700
20221129,10:02:02,18837.25,100,1167700
20221129,10:02:02,18836.80,1850,1167700
20221129,10:02:09,18836.75,50,1167700
20221129,10:02:12,18836.55,50,1167700
20221129,10:02:14,18834.85,200,1167700
20221129,10:02:17,18836.80,50,1167700
20221129,10:02:19,18834.75,50,1167700
20221129,10:02:20,18837.00,50,1167700
20221129,10:02:26,18835.00,50,1171550
20221129,10:02:28,18835.00,50,1171550
20221129,10:02:31,18835.00,50,1171550
20221129,10:02:33,18837.00,100,1171550
20221129,10:02:34,18834.75,100,1171550
20221129,10:02:39,18834.65,150,1171550
20221129,10:02:43,18837.00,50,1171550
20221129,10:02:44,18837.00,50,1171550
20221129,10:02:45,18834.65,50,1171550
20221129,10:02:46,18834.70,50,1171550
20221129,10:02:49,18837.50,150,1171550
20221129,10:02:52,18835.85,50,1171550
20221129,10:02:54,18837.00,50,1171550
20221129,10:03:01,18836.00,100,1171550
20221129,10:03:02,18835.30,50,1171550
20221129,10:03:03,18836.00,100,1171550
20221129,10:03:05,18836.00,50,1171550
20221129,10:03:07,18834.30,200,1171550
20221129,10:03:14,18837.30,100,1171550
20221129,10:03:17,18836.95,100,1171550
20221129,10:03:18,18837.00,50,1171550
20221129,10:03:27,18836.75,100,1171550
20221129,10:03:41,18837.00,50,1171550
20221129,10:03:42,18836.75,50,1171550
20221129,10:03:46,18835.35,300,1171550
20221129,10:03:50,18835.00,300,1171550
20221129,10:03:52,18836.50,50,1171550
20221129,10:03:54,18838.75,200,1171550
20221129,10:03:56,18838.95,50,1171550
20221129,10:04:00,18839.70,300,1171550
20221129,10:04:02,18839.80,50,1171550
20221129,10:04:05,18836.40,50,1171550
20221129,10:04:13,18838.25,50,1171550
20221129,10:04:17,18836.00,50,1171550
20221129,10:04:22,18835.95,50,1171550
20221129,10:04:30,18835.95,100,1171550
20221129,10:04:32,18835.95,50,1171550
20221129,10:04:33,18838.10,50,1171550
20221129,10:04:34,18838.10,50,1171550
20221129,10:04:49,18838.00,50,1171550
20221129,10:04:58,18836.00,50,1171550
20221129,10:05:10,18836.50,50,1171550
20221129,10:05:23,18836.00,50,1171550
20221129,10:05:25,18835.90,50,1171550
20221129,10:05:27,18835.05,50,1172650
20221129,10:05:29,18835.75,150,1172650
20221129,10:05:31,18837.95,100,1172650
20221129,10:05:39,18838.00,50,1172650
20221129,10:05:40,18832.90,1300,1172650
20221129,10:05:42,18837.70,50,1172650
20221129,10:05:46,18836.50,50,1172650
20221129,10:05:48,18835.50,50,1172650
20221129,10:05:51,18835.30,100,1172650
20221129,10:05:52,18835.10,100,1172650
20221129,10:05:54,18837.65,50,1172650
20221129,10:06:00,18835.10,50,1172650
20221129,10:06:04,18837.60,50,1172650
20221129,10:06:12,18834.60,150,1172650
20221129,10:06:16,18834.65,50,1172650
20221129,10:06:23,18834.55,50,1172650
20221129,10:06:25,18834.65,50,1172650
20221129,10:06:27,18835.35,50,1172650
20221129,10:06:28,18834.55,50,1172650
20221129,10:06:38,18835.00,50,1172650
20221129,10:06:39,18834.40,100,1172650
20221129,10:06:41,18835.00,50,1172650
20221129,10:06:47,18835.00,300,1172650
20221129,10:06:51,18836.00,50,1172650
20221129,10:06:52,18835.25,150,1172650
20221129,10:06:57,18837.45,50,1172650
20221129,10:07:07,18837.15,50,1172650
20221129,10:07:28,18837.60,350,1172650
20221129,10:07:29,18837.15,50,1172650
20221129,10:07:32,18837.15,50,1172650
20221129,10:07:38,18837.60,50,1172650
20221129,10:07:39,18837.15,150,1172650
20221129,10:07:50,18836.70,100,1172650
20221129,10:07:54,18836.60,50,1172650
20221129,10:08:02,18836.50,50,1172650
20221129,10:08:08,18837.00,50,1172650
20221129,10:08:12,18837.50,50,1172650
20221129,10:08:16,18837.60,150,1172650
20221129,10:08:20,18837.50,50,1172650
20221129,10:08:21,18837.60,50,1172650
20221129,10:08:22,18837.45,50,1172650
20221129,10:08:24,18837.40,50,1172650
20221129,10:08:25,18837.60,350,1172650
20221129,10:08:27,18837.30,50,1172650
20221129,10:08:28,18837.25,150,1174650
20221129,10:08:31,18839.80,250,1174650
20221129,10:08:46,18839.30,50,1174650
20221129,10:08:50,18839.95,50,1174650
20221129,10:08:51,18839.30,50,1174650
20221129,10:08:52,18839.30,50,1174650
20221129,10:08:55,18839.25,50,1174650
20221129,10:08:57,18839.15,50,1174650
20221129,10:08:58,18839.10,50,1174650
20221129,10:08:59,18839.00,50,1174650
20221129,10:09:00,18839.90,100,1174650
20221129,10:09:03,18840.00,50,1174650
20221129,10:09:11,18839.70,50,1174650
20221129,10:09:17,18837.25,50,1174650
20221129,10:09:25,18839.40,50,1174650
20221129,10:09:39,18839.00,50,1174650
20221129,10:09:44,18836.00,50,1174650
20221129,10:09:45,18840.00,1100,1174650
20221129,10:09:55,18838.00,50,1174650
20221129,10:09:57,18836.40,50,1174650
20221129,10:10:05,18836.10,200,1174650
20221129,10:10:09,18839.50,50,1174650
20221129,10:10:17,18839.90,50,1174650
20221129,10:10:20,18836.65,50,1174650
20221129,10:10:26,18840.00,400,1174650
20221129,10:10:36,18836.40,50,1174650
20221129,10:10:37,18839.85,600,1174650
20221129,10:10:45,18839.70,300,1174650
20221129,10:10:56,18840.95,600,1174650
20221129,10:11:05,18842.10,1000,1174650
20221129,10:11:12,18838.85,50,1174650
20221129,10:11:13,18840.20,50,1174650
20221129,10:11:13,18843.30,50,1174650
20221129,10:11:18,18842.00,50,1174650
20221129,10:11:19,18845.00,350,1174650
20221129,10:11:20,18841.35,50,1174650
20221129,10:11:25,18841.10,50,1174650
20221129,10:11:29,18841.10,50,1178650
20221129,10:11:38,18840.95,50,1178650
20221129,10:11:42,18842.00,150,1178650
20221129,10:11:49,18840.80,50,1178650
20221129,10:11:53,18842.00,50,1178650
20221129,10:11:57,18843.45,50,1178650
20221129,10:12:10,18845.35,1800,1178650
20221129,10:12:19,18845.75,300,1178650
20221129,10:12:20,18843.30,50,1178650
20221129,10:12:22,18843.30,150,1178650
20221129,10:12:23,18843.30,100,1178650
20221129,10:12:24,18843.00,50,1178650
20221129,10:12:28,18843.30,100,1178650
20221129,10:12:31,18841.90,50,1178650
20221129,10:12:33,18842.00,50,1178650
20221129,10:12:39,18842.05,50,1178650
20221129,10:12:40,18845.70,250,1178650
20221129,10:12:47,18847.15,150,1178650
20221129,10:12:48,18847.15,50,1178650
20221129,10:12:49,18846.00,50,1178650
20221129,10:12:51,18846.00,50,1178650
20221129,10:12:53,18846.00,50,1178650
20221129,10:13:09,18846.00,50,1178650
20221129,10:13:10,18848.75,100,1178650
20221129,10:13:12,18849.00,400,1178650
20221129,10:13:13,18850.00,200,1178650
20221129,10:13:15,18850.00,50,1178650
20221129,10:13:18,18849.95,50,1178650
20221129,10:13:23,18849.45,100,1178650
20221129,10:13:24,18850.00,50,1178650
20221129,10:13:26,18847.80,100,1178650
20221129,10:13:29,18849.95,50,1178650
20221129,10:13:32,18849.95,50,1178650
20221129,10:13:33,18847.80,50,1178650
20221129,10:13:36,18848.10,100,1178650
20221129,10:13:38,18850.00,250,1178650
20221129,10:13:39,18850.00,300,1178650
20221129,10:13:40,18848.20,100,1178650
20221129,10:13:43,18852.00,1300,1178650
20221129,10:13:47,18852.05,250,1178650
20221129,10:13:55,18848.50,50,1178650
20221129,10:14:04,18851.85,50,1178650
20221129,10:14:04,18848.80,50,1178650
20221129,10:14:11,18848.75,200,1178650
20221129,10:14:12,18851.45,50,1178650
20221129,10:14:16,18849.00,50,1178650
20221129,10:14:20,18847.85,50,1178650
20221129,10:14:28,18851.05,200,1182300
20221129,10:14:38,18849.95,50,1182300
20221129,10:14:42,18850.10,100,1182300
20221129,10:14:43,18847.00,50,1182300
20221129,10:14:49,18846.00,50,1182300
20221129,10:14:57,18845.80,100,1182300
20221129,10:15:02,18850.45,50,1182300
20221129,10:15:09,18852.00,300,1182300
20221129,10:15:11,18851.85,50,1182300
20221129,10:15:16,18849.85,50,1182300
20221129,10:15:19,18850.50,50,1182300
20221129,10:15:30,18851.85,100,1182300
20221129,10:15:31,18853.15,500,1182300
20221129,10:15:32,18854.85,250,1182300
20221129,10:15:35,18854.85,100,1182300
20221129,10:15:42,18852.95,50,1182300
20221129,10:15:43,18854.85,100,1182300
20221129,10:15:49,18855.00,50,1182300
20221129,10:15:51,18855.00,50,1182300
20221129,10:15:55,18855.70,600,1182300
20221129,10:16:05,18855.70,50,1182300
20221129,10:16:07,18852.25,50,1182300
20221129,10:16:11,18851.70,50,1182300
20221129,10:16:19,18853.20,50,1182300
20221129,10:16:21,18853.35,100,1182300
20221129,10:16:23,18853.85,50,1182300
20221129,10:16:24,18853.85,50,1182300
20221129,10:16:26,18853.70,100,1182300
20221129,10:16:28,18855.00,50,1182300
20221129,10:16:30,18852.40,100,1182300
20221129,10:16:32,18855.00,100,1182300
20221129,10:16:34,18852.40,50,1182300
20221129,10:16:42,18853.30,100,1182300
20221129,10:16:45,18855.00,50,1182300
20221129,10:16:50,18853.35,50,1182300
20221129,10:16:56,18855.00,50,1182300
20221129,10:16:59,18853.70,100,1182300
20221129,10:17:01,18853.70,1050,1182300
20221129,10:17:02,18854.00,50,1182300
20221129,10:17:05,18854.95,50,1182300
20221129,10:17:08,18854.00,50,1182300
20221129,10:17:09,18854.00,250,1182300
20221129,10:17:10,18853.35,50,1182300
20221129,10:17:11,18852.30,100,1182300
20221129,10:17:13,18852.50,50,1182300
20221129,10:17:36,18854.00,50,1184700
20221129,10:17:37,18852.25,50,1184700
20221129,10:17:46,18852.65,100,1184700
20221129,10:17:47,18853.05,50,1184700
20221129,10:17:51,18853.00,100,1184700
20221129,10:17:53,18853.00,200,1184700
20221129,10:17:55,18853.00,150,1184700
20221129,10:17:57,18853.00,150,1184700
20221129,10:17:58,18853.00,150,1184700
20221129,10:17:59,18853.00,50,1184700
20221129,10:18:00,18853.00,50,1184700
20221129,10:18:02,18853.00,250,1184700
20221129,10:18:04,18853.00,250,1184700
20221129,10:18:14,18853.55,200,1184700
20221129,10:18:17,18853.60,50,1184700
20221129,10:18:18,18853.55,100,1184700
20221129,10:18:20,18855.00,50,1184700
20221129,10:18:22,18855.00,50,1184700
20221129,10:18:25,18855.00,50,1184700
20221129,10:18:28,18855.00,100,1184700
20221129,10:18:32,18856.00,100,1184700
20221129,10:18:40,18856.00,50,1184700
20221129,10:18:41,18855.05,50,1184700
20221129,10:18:43,18857.85,50,1184700
20221129,10:18:45,18858.00,100,1184700
20221129,10:18:47,18858.00,100,1184700
20221129,10:18:49,18855.45,50,1184700
20221129,10:18:52,18855.95,50,1184700
20221129,10:18:53,18858.90,100,1184700
20221129,10:19:00,18858.90,50,1184700
20221129,10:19:05,18858.30,300,1184700
20221129,10:19:11,18855.50,50,1184700
20221129,10:19:20,18855.50,200,1184700
20221129,10:19:23,18855.50,50,1184700
20221129,10:19:27,18855.50,50,1184700
20221129,10:19:29,18855.50,50,1184700
20221129,10:19:39,18858.00,50,1184700
20221129,10:19:43,18858.00,50,1184700
20221129,10:19:46,18858.60,650,1184700
20221129,10:20:01,18858.05,50,1184700
20221129,10:20:10,18855.05,50,1184700
20221129,10:20:14,18855.05,50,1184700
20221129,10:20:17,18855.00,100,1184700
20221129,10:20:28,18855.00,50,1187450
20221129,10:20:40,18855.00,50,1187450
20221129,10:20:45,18855.00,300,1187450
20221129,10:20:56,18851.95,50,1187450
20221129,10:20:59,18852.10,150,1187450
20221129,10:21:01,18852.25,100,1187450
20221129,10:21:08,18855.00,50,1187450
20221129,10:21:11,18852.05,100,1187450
20221129,10:21:26,18851.90,50,1187450
20221129,10:21:34,18854.05,50,1187450
20221129,10:21:53,18854.05,50,1187450
20221129,10:21:59,18850.75,150,1187450
20221129,10:22:02,18851.30,50,1187450
20221129,10:22:09,18851.00,100,1187450
20221129,10:22:20,18851.30,50,1187450
20221129,10:22:22,18854.00,50,1187450
20221129,10:23:01,18850.00,100,1187450
20221129,10:23:08,18850.00,100,1187450
20221129,10:23:13,18850.00,50,1187450
20221129,10:23:30,18848.00,150,1188250
20221129,10:23:31,18847.25,50,1188250
20221129,10:23:32,18848.00,300,1188250
20221129,10:23:33,18848.40,50,1188250
20221129,10:23:36,18848.30,50,1188250
20221129,10:23:45,18850.00,50,1188250
20221129,10:23:47,18847.65,50,1188250
20221129,10:23:49,18853.55,500,1188250
20221129,10:24:03,18850.00,50,1188250
20221129,10:24:07,18852.60,50,1188250
20221129,10:24:08,18849.20,50,1188250
20221129,10:24:14,18850.00,50,1188250
20221129,10:24:29,18851.00,50,1188250
20221129,10:24:39,18853.50,50,1188250
20221129,10:24:50,18852.00,50,1188250
20221129,10:25:06,18851.45,50,1188250
20221129,10:25:08,18851.30,100,1188250
20221129,10:25:10,18851.10,50,1188250
20221129,10:25:12,18850.10,50,1188250
20221129,10:25:14,18849.60,300,1188250
20221129,10:25:17,18851.10,50,1188250
20221129,10:25:27,18853.90,100,1188250
20221129,10:25:34,18853.90,50,1188250
20221129,10:25:35,18850.55,50,1188250
20221129,10:25:40,18850.55,50,1188250
20221129,10:25:40,18852.75,50,1188250
20221129,10:26:09,18852.70,50,1188250
20221129,10:26:16,18854.00,50,1188250
20221129,10:26:19,18852.40,50,1188250
20221129,10:26:27,18856.95,550,1188250
20221129,10:26:33,18853.90,450,1189500
20221129,10:26:53,18856.00,50,1189500
20221129,10:27:02,18856.00,200,1189500
20221129,10:27:07,18857.85,50,1189500
20221129,10:27:20,18854.90,100,1189500
20221129,10:27:28,18857.00,50,1189500
20221129,10:27:34,18855.05,50,1189500
20221129,10:27:36,18858.60,300,1189500
20221129,10:27:38,18855.10,50,1189500
20221129,10:27:47,18858.55,50,1189500
20221129,10:28:04,18854.40,50,1189500
20221129,10:28:10,18855.00,50,1189500
20221129,10:28:11,18855.75,50,1189500
20221129,10:28:13,18855.75,50,1189500
20221129,10:28:14,18855.00,50,1189500
20221129,10:28:15,18855.00,50,1189500
20221129,10:28:16,18854.30,50,1189500
20221129,10:28:22,18853.70,50,1189500
20221129,10:28:24,18856.45,50,1189500
20221129,10:28:33,18853.65,50,1189500
20221129,10:28:34,18853.65,50,1189500
20221129,10:28:35,18857.30,50,1189500
20221129,10:28:37,18853.70,50,1189500
20221129,10:28:39,18853.70,50,1189500
20221129,10:28:40,18853.65,50,1189500
20221129,10:28:42,18857.00,100,1189500
20221129,10:28:52,18853.80,50,1189500
20221129,10:28:57,18854.20,50,1189500
20221129,10:29:08,18855.40,50,1189500
20221129,10:29:09,18857.00,50,1189500
20221129,10:29:12,18856.40,50,1189500
20221129,10:29:18,18858.35,50,1189500
20221129,10:29:39,18856.35,50,1190100
20221129,10:29:52,18856.65,100,1190100
20221129,10:30:05,18855.80,350,1190100
20221129,10:30:06,18856.60,250,1190100
20221129,10:30:09,18856.35,300,1190100
20221129,10:30:16,18858.80,50,1190100
20221129,10:30:22,18856.35,50,1190100
20221129,10:30:34,18858.80,50,1190100
20221129,10:30:35,18859.00,100,1190100
20221129,10:30:39,18859.00,100,1190100
20221129,10:30:42,18858.30,50,1190100
20221129,10:30:43,18858.15,50,1190100
20221129,10:30:45,18859.95,150,1190100
20221129,10:30:47,18860.00,100,1190100
20221129,10:30:49,18860.00,50,1190100
20221129,10:30:58,18860.00,250,1190100
20221129,10:31:00,18858.90,50,1190100
20221129,10:31:05,18858.90,50,1190100
20221129,10:31:06,18857.50,250,1190100
20221129,10:31:09,18860.00,250,1190100
20221129,10:31:13,18858.55,150,1190100
20221129,10:31:22,18858.35,50,1190100
20221129,10:31:23,18859.95,50,1190100
20221129,10:31:31,18858.25,50,1190100
20221129,10:31:42,18859.15,50,1190100
20221129,10:31:47,18858.25,150,1190100
20221129,10:31:51,18859.45,50,1190100
20221129,10:31:57,18858.00,50,1190100
20221129,10:31:58,18858.00,100,1190100
20221129,10:31:59,18858.00,50,1190100
20221129,10:32:00,18857.30,50,1190100
20221129,10:32:03,18858.00,50,1190100
20221129,10:32:15,18858.00,100,1190100
20221129,10:32:30,18858.00,50,1190100
20221129,10:32:34,18858.50,50,1190900
20221129,10:32:44,18858.50,50,1190900
20221129,10:32:45,18858.50,50,1190900
20221129,10:32:46,18858.40,100,1190900
20221129,10:32:58,18858.40,750,1190900
20221129,10:33:01,18859.00,100,1190900
20221129,10:33:02,18859.00,50,1190900
20221129,10:33:04,18857.10,200,1190900
20221129,10:33:24,18859.45,50,1190900
20221129,10:33:28,18859.40,50,1190900
20221129,10:33:29,18859.35,100,1190900
20221129,10:33:30,18859.35,650,1190900
20221129,10:33:31,18859.95,100,1190900
20221129,10:33:51,18858.00,150,1190900
20221129,10:34:02,18858.00,350,1190900
20221129,10:34:05,18858.00,50,1190900
20221129,10:34:25,18858.00,100,1190900
20221129,10:34:31,18860.00,400,1190900
20221129,10:34:38,18860.00,50,1190900
20221129,10:34:40,18860.00,50,1190900
20221129,10:34:44,18860.00,50,1190900
20221129,10:34:45,18860.00,100,1190900
20221129,10:34:50,18861.65,100,1190900
20221129,10:34:52,18861.50,200,1190900
20221129,10:35:08,18861.50,50,1190900
20221129,10:35:15,18860.00,250,1190900
20221129,10:35:16,18860.40,50,1190900
20221129,10:35:22,18860.00,50,1190900
20221129,10:35:28,18860.85,50,1190900
20221129,10:35:31,18860.60,50,1190900
20221129,10:35:32,18860.40,50,1194350
20221129,10:35:33,18860.45,450,1194350
20221129,10:35:34,18860.40,200,1194350
20221129,10:35:42,18861.25,1250,1194350
20221129,10:35:46,18860.00,50,1194350
20221129,10:35:54,18858.15,50,1194350
20221129,10:36:21,18860.00,50,1194350
20221129,10:36:25,18858.25,50,1194350
20221129,10:36:37,18858.65,50,1194350
20221129,10:36:41,18860.00,50,1194350
20221129,10:36:51,18859.00,50,1194350
20221129,10:36:53,18859.00,50,1194350
20221129,10:36:56,18859.00,600,1194350
20221129,10:37:04,18859.00,50,1194350
20221129,10:37:17,18859.00,50,1194350
20221129,10:37:30,18858.00,100,1194350
20221129,10:37:36,18856.05,250,1194350
20221129,10:37:38,18855.50,50,1194350
20221129,10:38:00,18856.30,50,1194350
20221129,10:38:06,18857.00,50,1194350
20221129,10:38:25,18855.00,450,1194350
20221129,10:38:28,18854.25,50,1194350
20221129,10:38:29,18857.00,50,1194350
20221129,10:38:32,18854.90,50,1194850
20221129,10:38:45,18855.15,50,1194850
20221129,10:38:49,18857.00,50,1194850
20221129,10:38:50,18856.00,50,1194850
20221129,10:39:06,18856.00,50,1194850
20221129,10:39:11,18857.00,50,1194850
20221129,10:39:14,18855.55,50,1194850
20221129,10:39:15,18857.00,50,1194850
20221129,10:39:25,18855.55,50,1194850
20221129,10:39:26,18855.20,50,1194850
20221129,10:39:32,18855.15,50,1194850
20221129,10:39:37,18855.05,50,1194850
20221129,10:39:39,18855.00,50,1194850
20221129,10:39:47,18854.80,50,1194850
20221129,10:39:57,18854.75,50,1194850
20221129,10:40:04,18854.65,50,1194850
20221129,10:40:13,18857.40,50,1194850
20221129,10:40:16,18854.65,50,1194850
20221129,10:40:29,18856.35,50,1194850
20221129,10:40:37,18858.60,150,1194850
20221129,10:40:39,18857.25,500,1194850
20221129,10:40:41,18858.00,50,1194850
20221129,10:40:46,18860.00,50,1194850
20221129,10:40:49,18860.00,100,1194850
20221129,10:41:01,18858.15,50,1194850
20221129,10:41:11,18857.25,50,1194850
20221129,10:41:13,18856.95,100,1194850
20221129,10:41:21,18859.00,50,1194850
20221129,10:41:28,18860.00,150,1194850
20221129,10:41:30,18857.65,100,1194850
20221129,10:41:37,18860.00,50,1196050
20221129,10:41:47,18860.00,100,1196050
20221129,10:42:09,18859.00,50,1196050
20221129,10:42:12,18858.50,150,1196050
20221129,10:42:21,18857.15,150,1196050
20221129,10:42:24,18859.90,150,1196050
20221129,10:42:30,18858.50,100,1196050
20221129,10:42:55,18860.00,350,1196050
20221129,10:43:00,18858.50,50,1196050
20221129,10:43:07,18860.70,50,1196050
20221129,10:43:11,18859.35,50,1196050
20221129,10:43:18,18858.50,1050,1196050
20221129,10:43:19,18858.50,50,1196050
20221129,10:43:21,18858.50,1100,1196050
20221129,10:43:33,18858.50,150,1196050
20221129,10:43:34,18859.95,50,1196050
20221129,10:43:42,18858.50,50,1196050
20221129,10:43:43,18858.00,50,1196050
20221129,10:43:53,18857.55,50,1196050
20221129,10:44:11,18859.55,50,1196050
20221129,10:44:18,18857.45,500,1196050
20221129,10:44:26,18856.90,50,1196050
20221129,10:44:35,18856.90,600,1199100
20221129,10:44:38,18858.95,50,1199100
20221129,10:44:42,18856.75,50,1199100
20221129,10:44:55,18856.45,50,1199100
20221129,10:44:59,18856.60,100,1199100
20221129,10:45:04,18859.00,50,1199100
20221129,10:45:12,18857.60,50,1199100
20221129,10:45:18,18857.60,750,1199100
20221129,10:45:38,18860.00,50,1199100
20221129,10:45:39,18858.65,50,1199100
20221129,10:45:48,18860.00,100,1199100
20221129,10:45:54,18859.05,50,1199100
20221129,10:45:55,18860.00,100,1199100
20221129,10:45:58,18860.00,50,1199100
20221129,10:45:59,18859.05,50,1199100
20221129,10:46:11,18859.05,50,1199100
20221129,10:46:21,18859.05,50,1199100
20221129,10:46:44,18859.05,50,1199100
20221129,10:47:05,18861.05,100,1199100
20221129,10:47:10,18859.45,50,1199100
20221129,10:47:17,18860.40,50,1199100
20221129,10:47:19,18861.50,300,1199100
20221129,10:47:24,18861.75,50,1199100
20221129,10:47:28,18862.00,50,1199100
20221129,10:47:31,18862.00,50,1199100
20221129,10:47:55,18862.00,50,1199100
20221129,10:48:09,18860.50,50,1201200
20221129,10:48:16,18862.00,100,1201200
20221129,10:48:32,18860.50,50,1201200
20221129,10:48:46,18859.35,200,1201200
20221129,10:48:49,18860.50,50,1201200
20221129,10:48:51,18859.90,50,1201200
20221129,10:48:57,18860.00,50,1201200
20221129,10:48:59,18859.90,50,1201200
20221129,10:49:01,18861.00,50,1201200
20221129,10:49:01,18859.90,100,1201200
20221129,10:49:05,18859.80,50,1201200
20221129,10:49:06,18860.00,50,1201200
20221129,10:49:08,18859.70,50,1201200
20221129,10:49:21,18862.00,50,1201200
20221129,10:49:31,18862.00,50,1201200
20221129,10:49:34,18861.40,50,1201200
20221129,10:49:36,18860.55,150,1201200
20221129,10:49:39,18860.00,100,1201200
20221129,10:49:40,18861.80,50,1201200
20221129,10:49:41,18860.55,50,1201200
20221129,10:49:45,18859.90,50,1201200
20221129,10:49:48,18859.85,50,1201200
20221129,10:50:02,18860.90,50,1201200
20221129,10:50:03,18860.60,50,1201200
20221129,10:50:08,18861.65,50,1201200
20221129,10:50:13,18861.90,50,1201200
20221129,10:50:17,18861.90,50,1201200
20221129,10:50:19,18862.00,150,1201200
20221129,10:50:20,18862.00,100,1201200
20221129,10:50:40,18862.00,100,1202250
20221129,10:50:42,18861.85,50,1202250
20221129,10:50:44,18862.00,250,1202250
20221129,10:50:46,18862.00,50,1202250
20221129,10:50:48,18863.00,50,1202250
20221129,10:50:50,18863.00,50,1202250
20221129,10:50:54,18864.00,50,1202250
20221129,10:50:58,18864.90,50,1202250
20221129,10:51:08,18864.90,50,1202250
20221129,10:51:16,18862.10,200,1202250
20221129,10:51:25,18863.80,50,1202250
20221129,10:51:26,18864.85,50,1202250
20221129,10:51:28,18863.60,50,1202250
20221129,10:51:32,18863.50,50,1202250
20221129,10:51:34,18863.40,100,1202250
20221129,10:51:37,18864.90,100,1202250
20221129,10:51:38,18863.25,100,1202250
20221129,10:51:41,18865.00,750,1202250
20221129,10:51:56,18865.00,150,1202250
20221129,10:51:59,18863.30,150,1202250
20221129,10:52:02,18862.85,50,1202250
20221129,10:52:04,18864.05,50,1202250
20221129,10:52:17,18862.00,50,1202250
20221129,10:52:20,18862.00,50,1202250
20221129,10:52:23,18862.80,200,1202250
20221129,10:52:25,18863.30,250,1202250
20221129,10:52:35,18861.55,50,1202250
20221129,10:52:43,18862.75,50,1202250
20221129,10:52:45,18861.55,50,1202250
20221129,10:52:46,18861.40,150,1202250
20221129,10:52:51,18861.15,50,1202250
20221129,10:52:53,18861.40,250,1202250
20221129,10:52:55,18860.40,50,1202250
20221129,10:52:57,18861.40,50,1202250
20221129,10:52:59,18860.85,100,1202250
20221129,10:53:00,18860.75,50,1202250
20221129,10:53:02,18860.65,100,1202250
20221129,10:53:04,18860.70,100,1202250
20221129,10:53:09,18862.80,50,1202250
20221129,10:53:20,18861.25,50,1202250
20221129,10:53:29,18862.80,150,1202250
20221129,10:53:34,18862.00,50,1202250
20221129,10:53:48,18861.25,50,1203450
20221129,10:53:52,18861.25,100,1203450
20221129,10:54:13,18861.05,100,1203450
20221129,10:54:22,18861.70,100,1203450
20221129,10:54:28,18861.95,50,1203450
20221129,10:54:36,18859.60,250,1203450
20221129,10:55:07,18860.75,100,1203450
20221129,10:55:13,18860.75,50,1203450
20221129,10:55:38,18861.95,150,1203450
20221129,10:55:54,18862.00,50,1203450
20221129,10:55:58,18862.00,150,1203450
20221129,10:56:09,18862.70,50,1203450
20221129,10:56:22,18863.00,50,1203450
20221129,10:56:23,18863.60,100,1203450
20221129,10:56:28,18862.30,50,1203450
20221129,10:56:44,18864.35,300,1204100
20221129,10:56:56,18865.00,50,1204100
20221129,10:57:02,18862.30,50,1204100
20221129,10:57:04,18864.00,50,1204100
20221129,10:57:06,18862.30,50,1204100
20221129,10:57:11,18862.50,50,1204100
20221129,10:57:20,18863.65,50,1204100
20221129,10:57:21,18865.00,100,1204100
20221129,10:57:22,18865.00,50,1204100
20221129,10:57:27,18865.00,50,1204100
20221129,10:57:32,18865.00,100,1204100
20221129,10:57:33,18865.00,650,1204100
20221129,10:57:38,18864.85,100,1204100
20221129,10:57:39,18865.00,100,1204100
20221129,10:57:43,18865.00,150,1204100
20221129,10:57:47,18865.00,100,1204100
20221129,10:58:02,18865.00,50,1204100
20221129,10:58:03,18863.90,150,1204100
20221129,10:58:20,18865.75,50,1204100
20221129,10:58:22,18865.75,50,1204100
20221129,10:58:26,18865.00,100,1204100
20221129,10:58:36,18863.75,100,1204100
20221129,10:58:37,18863.55,50,1204100
20221129,10:58:48,18865.60,50,1204100
20221129,10:59:03,18865.00,50,1204100
20221129,10:59:10,18866.00,50,1204100
20221129,10:59:24,18866.00,150,1204100
20221129,10:59:27,18865.00,500,1204100
20221129,10:59:30,18866.00,50,1204100
20221129,10:59:36,18866.00,50,1204100
20221129,10:59:38,18866.00,50,1204100
20221129,10:59:39,18867.00,50,1205800
20221129,10:59:41,18867.00,50,1205800
20221129,10:59:53,18865.00,50,1205800
20221129,11:00:11,18865.60,100,1205800
20221129,11:00:14,18866.95,50,1205800
20221129,11:00:16,18867.00,550,1205800
20221129,11:00:17,18867.00,50,1205800
20221129,11:00:18,18867.00,100,1205800
20221129,11:00:22,18865.40,50,1205800
20221129,11:00:23,18867.00,50,1205800
20221129,11:00:26,18865.45,100,1205800
20221129,11:00:34,18866.00,50,1205800
20221129,11:00:40,18867.00,100,1205800
20221129,11:00:41,18867.00,50,1205800
20221129,11:00:47,18867.00,100,1205800
20221129,11:00:55,18867.00,600,1205800
20221129,11:01:10,18864.80,200,1205800
20221129,11:01:12,18865.00,100,1205800
20221129,11:01:21,18866.50,100,1205800
20221129,11:01:22,18865.00,50,1205800
20221129,11:01:26,18865.00,50,1205800
20221129,11:01:29,18867.00,100,1205800
20221129,11:02:06,18865.75,50,1205800
20221129,11:02:09,18865.80,50,1205800
20221129,11:02:10,18867.00,100,1205800
20221129,11:02:24,18868.65,50,1205800
20221129,11:02:33,18868.85,50,1205800
20221129,11:02:52,18868.85,50,1206200
20221129,11:02:57,18865.80,100,1206200
20221129,11:03:08,18867.40,50,1206200
20221129,11:03:14,18868.00,50,1206200
20221129,11:03:27,18867.00,500,1206200
20221129,11:03:28,18870.00,150,1206200
20221129,11:03:34,18870.00,50,1206200
20221129,11:03:36,18869.95,50,1206200
20221129,11:03:39,18867.40,50,1206200
20221129,11:03:44,18867.40,50,1206200
20221129,11:03:53,18869.00,50,1206200
20221129,11:03:58,18869.00,300,1206200
20221129,11:04:00,18869.00,100,1206200
20221129,11:04:04,18869.20,150,1206200
20221129,11:04:06,18870.00,50,1206200
20221129,11:04:24,18869.95,50,1206200
20221129,11:04:25,18867.40,1000,1206200
20221129,11:04:33,18867.95,50,1206200
20221129,11:04:40,18869.95,150,1206200
20221129,11:04:50,18869.95,50,1206200
20221129,11:04:57,18870.00,150,1206200
20221129,11:05:02,18870.00,100,1206200
20221129,11:05:03,18870.00,300,1206200
20221129,11:05:04,18870.00,50,1206200
20221129,11:05:06,18870.00,300,1206200
20221129,11:05:07,18870.00,650,1206200
20221129,11:05:08,18870.00,300,1206200
20221129,11:05:09,18870.00,550,1206200
20221129,11:05:10,18870.00,100,1206200
20221129,11:05:11,18872.65,300,1206200
20221129,11:05:12,18872.65,50,1206200
20221129,11:05:25,18872.95,100,1206200
20221129,11:05:28,18873.00,200,1206200
20221129,11:05:35,18873.80,550,1206200
20221129,11:05:43,18874.00,100,1207600
20221129,11:05:47,18874.00,50,1207600
20221129,11:05:53,18873.85,400,1207600
20221129,11:05:55,18873.60,500,1207600
20221129,11:05:55,18873.60,100,1207600
20221129,11:05:56,18873.60,300,1207600
20221129,11:05:57,18873.55,450,1207600
20221129,11:05:58,18873.60,250,1207600
20221129,11:05:59,18874.10,450,1207600
20221129,11:06:00,18875.00,650,1207600
20221129,11:06:01,18875.00,1050,1207600
20221129,11:06:02,18875.15,750,1207600
20221129,11:06:05,18875.15,50,1207600
20221129,11:06:06,18876.95,200,1207600
20221129,11:06:08,18874.30,150,1207600
20221129,11:06:11,18874.00,50,1207600
20221129,11:06:13,18874.60,200,1207600
20221129,11:06:14,18874.35,50,1207600
20221129,11:06:17,18875.90,50,1207600
20221129,11:06:19,18874.95,50,1207600
20221129,11:06:21,18876.25,50,1207600
20221129,11:06:25,18878.25,550,1207600
20221129,11:06:26,18878.25,50,1207600
20221129,11:06:29,18876.15,150,1207600
20221129,11:06:31,18878.65,250,1207600
20221129,11:06:32,18878.65,50,1207600
20221129,11:06:34,18878.65,50,1207600
20221129,11:06:36,18878.70,50,1207600
20221129,11:06:38,18878.70,50,1207600
20221129,11:06:42,18879.10,150,1207600
20221129,11:06:43,18880.00,150,1207600
20221129,11:06:52,18880.00,250,1207600
20221129,11:06:56,18880.00,400,1207600
20221129,11:06:57,18880.00,150,1207600
20221129,11:06:59,18880.00,200,1207600
20221129,11:07:01,18880.25,50,1207600
20221129,11:07:03,18880.25,50,1207600
20221129,11:07:04,18880.00,50,1207600
20221129,11:07:07,18880.25,100,1207600
20221129,11:07:08,18880.00,100,1207600
20221129,11:07:16,18877.95,50,1207600
20221129,11:07:18,18877.90,100,1207600
20221129,11:07:19,18880.25,100,1207600
20221129,11:07:21,18879.75,50,1207600
20221129,11:07:28,18876.50,100,1207600
20221129,11:07:29,18877.60,50,1207600
20221129,11:07:30,18876.00,100,1207600
20221129,11:07:31,18876.40,200,1207600
20221129,11:07:34,18874.60,50,1207600
20221129,11:07:42,18878.15,50,1207600
20221129,11:07:44,18877.85,50,1207600
20221129,11:07:45,18876.00,100,1207600
20221129,11:07:49,18876.30,100,1207600
20221129,11:07:56,18876.50,100,1207600
20221129,11:07:57,18876.00,150,1207600
20221129,11:08:01,18876.85,100,1207600
20221129,11:08:05,18876.75,50,1207600
20221129,11:08:09,18877.35,350,1207600
20221129,11:08:11,18876.50,50,1207600
20221129,11:08:13,18875.00,50,1207600
20221129,11:08:21,18873.30,100,1207600
20221129,11:08:21,18873.10,1000,1207600
20221129,11:08:22,18873.35,50,1207600
20221129,11:08:26,18875.00,50,1207600
20221129,11:08:31,18873.00,150,1207600
20221129,11:08:38,18875.40,100,1212550
20221129,11:08:41,18871.90,50,1212550
20221129,11:08:43,18874.25,50,1212550
20221129,11:08:46,18870.20,1300,1212550
20221129,11:08:48,18871.90,50,1212550
20221129,11:08:50,18872.30,50,1212550
20221129,11:08:59,18872.00,100,1212550
20221129,11:09:04,18872.30,50,1212550
20221129,11:09:12,18873.20,100,1212550
20221129,11:09:18,18874.80,100,1212550
20221129,11:09:22,18875.00,100,1212550
20221129,11:09:27,18874.70,100,1212550
20221129,11:09:29,18874.40,100,1212550
20221129,11:09:30,18875.05,250,1212550
20221129,11:09:31,18874.40,150,1212550
20221129,11:09:40,18873.30,50,1212550
20221129,11:09:41,18875.30,50,1212550
20221129,11:09:56,18873.00,50,1212550
20221129,11:10:04,18872.00,50,1212550
20221129,11:10:14,18872.00,50,1212550
20221129,11:10:21,18873.00,50,1212550
20221129,11:10:24,18872.85,100,1212550
20221129,11:10:35,18873.00,200,1212550
20221129,11:10:36,18873.30,50,1212550
20221129,11:10:46,18873.05,50,1212550
20221129,11:10:47,18873.30,50,1212550
20221129,11:10:49,18873.30,100,1212550
20221129,11:10:50,18874.80,150,1212550
20221129,11:10:51,18873.80,150,1212550
20221129,11:10:54,18874.00,250,1212550
20221129,11:10:56,18874.05,100,1212550
20221129,11:10:57,18873.50,100,1212550
20221129,11:11:01,18875.75,100,1212550
20221129,11:11:04,18873.90,50,1212550
20221129,11:11:11,18875.00,50,1212550
20221129,11:11:17,18874.25,100,1212550
20221129,11:11:27,18875.40,300,1212550
20221129,11:11:29,18875.15,50,1212550
20221129,11:11:32,18874.70,50,1212550
20221129,11:11:33,18874.70,50,1212550
20221129,11:11:34,18874.40,100,1212550
20221129,11:11:45,18875.75,150,1214550
20221129,11:11:48,18876.80,50,1214550
20221129,11:11:50,18876.25,150,1214550
20221129,11:11:51,18876.10,450,1214550
20221129,11:11:54,18878.05,150,1214550
20221129,11:11:59,18876.10,100,1214550
20221129,11:12:03,18876.40,50,1214550
20221129,11:12:05,18876.25,50,1214550
20221129,11:12:12,18876.50,150,1214550
20221129,11:12:28,18876.50,100,1214550
20221129,11:12:32,18877.00,50,1214550
20221129,11:12:33,18876.50,50,1214550
20221129,11:12:35,18876.00,50,1214550
20221129,11:12:48,18876.25,100,1214550
20221129,11:12:51,18876.15,100,1214550
20221129,11:12:52,18876.40,50,1214550
20221129,11:12:54,18876.70,250,1214550
20221129,11:12:55,18876.20,50,1214550
20221129,11:13:00,18876.00,150,1214550
20221129,11:13:04,18875.50,50,1214550
20221129,11:13:06,18877.65,50,1214550
20221129,11:13:22,18876.00,50,1214550
20221129,11:13:24,18875.40,50,1214550
20221129,11:13:41,18875.00,50,1214550
20221129,11:13:45,18875.00,100,1214550
20221129,11:13:46,18874.90,50,1214550
20221129,11:13:51,18875.00,500,1214550
20221129,11:14:08,18875.90,50,1214550
20221129,11:14:10,18877.00,50,1214550
20221129,11:14:17,18877.00,200,1214550
20221129,11:14:25,18875.00,50,1214550
20221129,11:14:45,18877.10,50,1217050
20221129,11:14:58,18877.15,100,1217050
20221129,11:15:03,18878.15,150,1217050
20221129,11:15:04,18879.45,250,1217050
20221129,11:15:09,18877.35,100,1217050
20221129,11:15:14,18876.75,550,1217050
20221129,11:15:18,18877.35,100,1217050
20221129,11:15:19,18877.40,50,1217050
20221129,11:15:27,18877.45,250,1217050
20221129,11:15:41,18877.45,150,1217050
20221129,11:15:42,18877.40,200,1217050
20221129,11:15:44,18877.50,200,1217050
20221129,11:15:45,18877.35,50,1217050
20221129,11:15:50,18877.35,250,1217050
20221129,11:15:52,18876.90,50,1217050
20221129,11:15:56,18877.05,500,1217050
20221129,11:15:57,18877.05,100,1217050
20221129,11:15:58,18878.35,50,1217050
20221129,11:15:59,18877.05,750,1217050
20221129,11:16:00,18877.05,150,1217050
20221129,11:16:01,18877.05,450,1217050
20221129,11:16:02,18877.05,150,1217050
20221129,11:16:03,18876.85,500,1217050
20221129,11:16:07,18877.05,50,1217050
20221129,11:16:33,18877.00,50,1217050
20221129,11:16:36,18877.35,150,1217050
20221129,11:16:37,18877.45,200,1217050
20221129,11:16:41,18878.00,50,1217050
20221129,11:16:43,18877.40,300,1217050
20221129,11:16:45,18877.80,250,1217050
20221129,11:16:53,18879.00,50,1217050
20221129,11:16:56,18877.85,150,1217050
20221129,11:17:02,18878.35,100,1217050
20221129,11:17:14,18879.00,50,1217050
20221129,11:17:18,18878.25,50,1217050
20221129,11:17:20,18878.40,150,1217050
20221129,11:17:27,18878.00,50,1217050
20221129,11:17:29,18879.00,50,1217050
20221129,11:17:42,18878.40,50,1222750
20221129,11:17:43,18878.35,50,1222750
20221129,11:17:47,18878.40,100,1222750
20221129,11:17:49,18879.35,50,1222750
20221129,11:17:51,18877.90,50,1222750
20221129,11:17:55,18877.90,50,1222750
20221129,11:18:05,18878.40,50,1222750
20221129,11:18:09,18879.55,250,1222750
20221129,11:18:14,18878.40,50,1222750
20221129,11:18:15,18877.90,100,1222750
20221129,11:18:17,18879.15,100,1222750
20221129,11:19:05,18875.90,50,1222750
20221129,11:19:08,18877.00,50,1222750
20221129,11:19:13,18873.55,500,1222750
20221129,11:19:38,18876.40,50,1222750
20221129,11:19:59,18877.80,100,1222750
20221129,11:20:08,18876.45,50,1222750
20221129,11:20:12,18876.40,50,1222750
20221129,11:20:16,18878.00,150,1222750
20221129,11:20:25,18876.45,50,1222750
20221129,11:20:44,18876.45,50,1223500
20221129,11:20:56,18876.45,50,1223500
20221129,11:21:09,18876.45,150,1223500
20221129,11:21:10,18876.45,50,1223500
20221129,11:21:14,18876.45,50,1223500
20221129,11:21:35,18876.60,50,1223500
20221129,11:21:36,18878.00,150,1223500
20221129,11:21:37,18879.00,100,1223500
20221129,11:21:43,18878.00,100,1223500
20221129,11:22:00,18877.35,150,1223500
20221129,11:22:03,18877.40,50,1223500
20221129,11:22:13,18880.00,500,1223500
20221129,11:22:22,18877.45,50,1223500
20221129,11:22:25,18877.40,50,1223500
20221129,11:22:30,18877.45,50,1223500
20221129,11:22:34,18877.45,50,1223500
20221129,11:22:36,18877.45,100,1223500
20221129,11:22:50,18874.60,100,1223500
20221129,11:22:51,18874.50,200,1223500
20221129,11:23:02,18873.55,100,1223500
20221129,11:23:05,18870.00,100,1223500
20221129,11:23:06,18870.05,50,1223500
20221129,11:23:10,18870.00,50,1223500
20221129,11:23:16,18870.05,50,1223500
20221129,11:23:21,18869.50,600,1223500
20221129,11:23:24,18871.40,250,1223500
20221129,11:23:25,18872.00,50,1223500
20221129,11:23:28,18872.00,150,1223500
20221129,11:23:36,18869.70,250,1223500
20221129,11:23:37,18870.40,50,1223500
20221129,11:23:44,18871.25,100,1226000
20221129,11:23:50,18869.10,50,1226000
20221129,11:23:54,18870.40,200,1226000
20221129,11:23:55,18870.40,50,1226000
20221129,11:24:05,18867.70,50,1226000
20221129,11:24:17,18867.70,100,1226000
20221129,11:24:24,18867.35,1000,1226000
20221129,11:24:40,18868.45,50,1226000
20221129,11:24:42,18868.15,50,1226000
20221129,11:24:43,18868.45,50,1226000
20221129,11:24:46,18870.00,200,1226000
20221129,11:25:06,18869.65,50,1226000
20221129,11:25:22,18868.50,50,1226000
20221129,11:25:34,18870.00,50,1226000
20221129,11:25:41,18868.20,250,1226000
20221129,11:25:44,18870.00,50,1226000
20221129,11:25:51,18869.60,50,1226000
20221129,11:25:56,18870.00,150,1226000
20221129,11:25:57,18870.00,50,1226000
20221129,11:26:00,18870.00,50,1226000
20221129,11:26:01,18868.40,250,1226000
20221129,11:26:18,18870.00,100,1226000
20221129,11:26:19,18871.00,50,1226000
20221129,11:26:30,18868.80,100,1226000
20221129,11:26:36,18868.25,500,1226000
20221129,11:26:47,18868.45,50,1228400
20221129,11:27:05,18870.80,200,1228400
20221129,11:27:08,18868.50,50,1228400
20221129,11:27:09,18871.00,100,1228400
20221129,11:27:25,18867.70,50,1228400
20221129,11:27:36,18867.00,50,1228400
20221129,11:27:44,18864.25,250,1228400
20221129,11:27:50,18865.00,100,1228400
20221129,11:27:51,18865.00,300,1228400
20221129,11:27:54,18865.00,50,1228400
20221129,11:28:08,18864.10,50,1228400
20221129,11:28:14,18864.05,50,1228400
20221129,11:28:17,18864.10,50,1228400
20221129,11:28:18,18864.10,150,1228400
20221129,11:28:19,18865.00,50,1228400
20221129,11:28:25,18862.80,100,1228400
20221129,11:28:26,18862.60,250,1228400
20221129,11:28:33,18865.00,100,1228400
20221129,11:28:36,18866.20,400,1228400
20221129,11:28:36,18866.40,50,1228400
20221129,11:28:39,18866.45,100,1228400
20221129,11:28:43,18866.40,50,1228400
20221129,11:29:14,18863.35,300,1228400
20221129,11:29:22,18863.35,50,1228400
20221129,11:29:27,18864.65,100,1228400
20221129,11:29:27,18865.95,150,1228400
20221129,11:29:37,18866.40,150,1228400
20221129,11:29:49,18866.00,50,1229400
20221129,11:30:11,18863.50,50,1229400
20221129,11:30:12,18863.35,150,1229400
20221129,11:30:17,18863.40,50,1229400
20221129,11:30:24,18865.00,100,1229400
20221129,11:30:25,18866.95,50,1229400
20221129,11:30:29,18867.00,50,1229400
20221129,11:30:30,18867.00,50,1229400
20221129,11:30:36,18868.40,50,1229400
20221129,11:30:37,18868.40,50,1229400
20221129,11:30:40,18867.60,300,1229400
20221129,11:30:46,18868.30,50,1229400
20221129,11:30:52,18867.90,50,1229400
20221129,11:30:53,18868.40,50,1229400
20221129,11:30:55,18870.00,100,1229400
20221129,11:31:00,18869.45,100,1229400
20221129,11:31:03,18870.00,100,1229400
20221129,11:31:30,18868.50,50,1229400
20221129,11:31:30,18867.40,50,1229400
20221129,11:31:32,18868.20,100,1229400
20221129,11:31:46,18869.50,200,1229400
20221129,11:31:47,18868.00,50,1229400
20221129,11:32:16,18868.00,50,1229400
20221129,11:32:18,18867.80,50,1229400
20221129,11:32:24,18865.90,50,1229400
20221129,11:32:42,18865.05,250,1229400
20221129,11:32:52,18867.55,50,1230900
20221129,11:32:55,18867.75,50,1230900
20221129,11:32:56,18866.00,100,1230900
20221129,11:32:59,18866.00,50,1230900
20221129,11:33:05,18865.95,50,1230900
20221129,11:33:12,18866.05,50,1230900
20221129,11:33:16,18866.00,50,1230900
20221129,11:33:20,18869.00,50,1230900
20221129,11:33:22,18865.95,100,1230900
20221129,11:33:35,18866.50,50,1230900
20221129,11:33:42,18867.95,50,1230900
20221129,11:33:47,18867.95,50,1230900
20221129,11:33:56,18869.60,50,1230900
20221129,11:34:01,18870.00,50,1230900
20221129,11:34:10,18866.85,200,1230900
20221129,11:34:23,18867.90,50,1230900
20221129,11:34:34,18869.95,50,1230900
20221129,11:34:36,18869.95,100,1230900
20221129,11:34:37,18869.95,100,1230900
20221129,11:34:42,18866.60,150,1230900
20221129,11:34:45,18866.55,300,1230900
20221129,11:34:54,18868.95,50,1230900
20221129,11:35:12,18869.25,100,1230900
20221129,11:35:13,18868.50,50,1230900
20221129,11:35:24,18870.00,150,1230900
20221129,11:35:25,18872.00,50,1230900
20221129,11:35:27,18869.55,100,1230900
20221129,11:36:01,18869.00,100,1231400
20221129,11:36:19,18871.00,50,1231400
20221129,11:36:30,18870.00,50,1231400
20221129,11:36:35,18870.00,50,1231400
20221129,11:36:40,18870.00,50,1231400
20221129,11:37:03,18870.00,50,1231400
20221129,11:37:03,18871.00,150,1231400
20221129,11:37:13,18871.00,50,1231400
20221129,11:37:27,18870.10,100,1231400
20221129,11:37:45,18870.20,50,1231400
20221129,11:37:59,18871.95,100,1231400
20221129,11:38:00,18870.20,50,1231400
20221129,11:38:13,18871.00,50,1231400
20221129,11:38:18,18870.30,50,1231400
20221129,11:38:38,18870.95,50,1231400
20221129,11:38:40,18870.95,200,1231400
20221129,11:38:44,18870.90,50,1232050
20221129,11:38:57,18870.90,50,1232050
20221129,11:39:02,18872.00,50,1232050
20221129,11:39:05,18870.90,250,1232050
20221129,11:39:10,18871.50,100,1232050
20221129,11:39:11,18872.25,150,1232050
20221129,11:39:13,18873.35,600,1232050
20221129,11:39:22,18874.25,350,1232050
20221129,11:39:24,18873.30,200,1232050
20221129,11:39:25,18872.50,50,1232050
20221129,11:39:33,18871.45,100,1232050
20221129,11:39:35,18874.25,50,1232050
20221129,11:39:45,18871.35,400,1232050
20221129,11:39:46,18874.55,200,1232050
20221129,11:40:00,18874.40,100,1232050
20221129,11:40:04,18874.45,50,1232050
20221129,11:40:22,18873.95,50,1232050
20221129,11:40:30,18873.85,50,1232050
20221129,11:40:36,18871.10,50,1232050
20221129,11:40:42,18871.10,50,1232050
20221129,11:40:44,18871.00,50,1232050
20221129,11:40:54,18871.00,50,1232050
20221129,11:40:57,18870.60,50,1232050
20221129,11:41:17,18870.20,50,1232050
20221129,11:41:24,18871.95,50,1232050
20221129,11:41:44,18870.20,50,1234450
20221129,11:41:46,18872.80,50,1234450
20221129,11:41:52,18870.00,100,1234450
20221129,11:41:54,18870.00,50,1234450
20221129,11:42:19,18870.40,50,1234450
20221129,11:42:25,18873.00,100,1234450
20221129,11:42:27,18871.30,100,1234450
20221129,11:42:32,18870.65,100,1234450
20221129,11:42:36,18870.40,50,1234450
20221129,11:42:42,18870.40,50,1234450
20221129,11:42:48,18870.00,50,1234450
20221129,11:42:55,18871.95,50,1234450
20221129,11:43:11,18871.00,50,1234450
20221129,11:43:20,18872.30,100,1234450
20221129,11:43:39,18870.00,150,1234450
20221129,11:43:41,18871.95,50,1234450
20221129,11:43:54,18871.95,50,1234450
20221129,11:44:00,18871.95,150,1234450
20221129,11:44:21,18869.55,100,1234450
20221129,11:44:30,18869.60,250,1234450
20221129,11:44:57,18871.00,50,1234450
20221129,11:44:58,18872.00,300,1235350
20221129,11:44:59,18872.00,50,1235350
20221129,11:45:00,18872.00,50,1235350
20221129,11:45:08,18872.00,50,1235350
20221129,11:45:11,18872.00,150,1235350
20221129,11:45:12,18872.00,50,1235350
20221129,11:45:15,18872.00,150,1235350
20221129,11:45:29,18869.55,50,1235350
20221129,11:45:36,18872.00,50,1235350
20221129,11:45:41,18869.75,100,1235350
20221129,11:45:43,18869.65,100,1235350
20221129,11:45:49,18872.00,100,1235350
20221129,11:45:54,18870.80,100,1235350
20221129,11:45:55,18872.00,50,1235350
20221129,11:45:56,18872.00,50,1235350
20221129,11:46:02,18872.00,50,1235350
20221129,11:46:09,18872.25,100,1235350
20221129,11:46:23,18873.00,150,1235350
20221129,11:46:28,18873.00,50,1235350
20221129,11:46:47,18870.55,100,1235350
20221129,11:46:51,18873.00,50,1235350
20221129,11:46:55,18872.95,100,1235350
20221129,11:46:58,18873.00,100,1235350
20221129,11:46:59,18873.55,200,1235350
20221129,11:47:03,18873.40,100,1235350
20221129,11:48:10,18870.45,50,1235800
20221129,11:48:18,18868.00,50,1235800
20221129,11:48:19,18866.10,50,1235800
20221129,11:48:36,18866.00,50,1235800
20221129,11:48:40,18868.00,50,1235800
20221129,11:48:41,18865.60,50,1235800
20221129,11:48:54,18868.00,50,1235800
20221129,11:49:01,18865.15,50,1235800
20221129,11:49:14,18867.55,50,1235800
20221129,11:49:19,18863.15,50,1235800
20221129,11:49:30,18865.95,50,1235800
20221129,11:49:39,18863.15,50,1235800
20221129,11:49:41,18865.95,50,1235800
20221129,11:49:47,18863.85,50,1235800
20221129,11:49:55,18868.15,200,1235800
20221129,11:49:56,18867.80,50,1235800
20221129,11:49:58,18863.55,50,1235800
20221129,11:50:12,18866.80,100,1235800
20221129,11:50:13,18863.55,50,1235800
20221129,11:50:17,18862.85,50,1235800
20221129,11:50:37,18863.05,50,1235800
20221129,11:50:51,18865.00,50,1236150
20221129,11:50:57,18862.85,100,1236150
20221129,11:51:04,18863.45,50,1236150
20221129,11:51:07,18860.00,100,1236150
20221129,11:51:11,18860.30,50,1236150
20221129,11:51:30,18860.20,50,1236150
20221129,11:51:31,18863.25,50,1236150
20221129,11:51:36,18860.30,50,1236150
20221129,11:51:41,18860.70,50,1236150
20221129,11:51:46,18863.75,50,1236150
20221129,11:52:04,18860.00,50,1236150
20221129,11:52:05,18860.00,50,1236150
20221129,11:52:25,18862.95,50,1236150
20221129,11:52:53,18860.00,100,1236150
20221129,11:53:04,18859.35,150,1236150
20221129,11:53:05,18859.30,50,1236150
20221129,11:53:33,18860.95,50,1236150
20221129,11:53:35,18860.60,200,1236150
20221129,11:53:47,18860.40,50,1236150
20221129,11:53:54,18860.35,50,1236700
20221129,11:54:05,18861.60,50,1236700
20221129,11:54:10,18861.10,200,1236700
20221129,11:55:27,18861.10,100,1236700
20221129,11:55:41,18861.10,50,1236700
20221129,11:55:48,18860.40,50,1236700
20221129,11:55:49,18861.00,50,1236700
20221129,11:56:07,18864.95,200,1236700
20221129,11:56:24,18863.35,50,1236700
20221129,11:56:25,18863.35,50,1236700
20221129,11:56:43,18862.90,100,1236700
20221129,11:56:50,18865.00,50,1236700
20221129,11:56:54,18866.85,150,1237100
20221129,11:57:06,18865.00,50,1237100
20221129,11:57:07,18862.85,50,1237100
20221129,11:57:11,18862.85,50,1237100
20221129,11:57:50,18863.30,400,1237100
20221129,11:58:10,18866.00,50,1237100
20221129,11:58:18,18866.00,50,1237100
20221129,11:58:24,18866.00,150,1237100
20221129,11:58:25,18866.95,100,1237100
20221129,11:58:33,18866.00,50,1237100
20221129,11:58:34,18866.00,100,1237100
20221129,11:58:55,18865.30,50,1237100
20221129,11:59:18,18866.95,100,1237100
20221129,11:59:31,18867.70,300,1237100
20221129,11:59:31,18867.85,50,1237100
20221129,11:59:54,18865.40,50,1238000
20221129,11:59:55,18867.80,50,1238000
20221129,12:00:09,18865.65,150,1238000
20221129,12:00:12,18868.20,250,1238000
20221129,12:00:13,18870.60,50,1238000
20221129,12:00:14,18868.40,150,1238000
20221129,12:00:15,18868.20,100,1238000
20221129,12:00:16,18868.20,50,1238000
20221129,12:00:18,18868.10,100,1238000
20221129,12:00:19,18868.65,100,1238000
20221129,12:00:20,18869.20,150,1238000
20221129,12:00:22,18869.15,50,1238000
20221129,12:00:24,18869.15,50,1238000
20221129,12:00:31,18869.10,200,1238000
20221129,12:00:33,18869.30,50,1238000
20221129,12:00:39,18869.30,50,1238000
20221129,12:00:45,18869.30,50,1238000
20221129,12:00:47,18869.30,50,1238000
20221129,12:00:52,18869.40,50,1238000
20221129,12:00:57,18869.95,350,1238000
20221129,12:00:58,18868.85,200,1238000
20221129,12:01:06,18870.25,100,1238000
20221129,12:01:27,18872.00,150,1238000
20221129,12:01:42,18872.00,50,1238000
20221129,12:01:47,18872.65,50,1238000
20221129,12:02:11,18870.80,50,1238000
20221129,12:02:15,18874.45,600,1238000
20221129,12:02:29,18870.80,50,1238000
20221129,12:02:42,18870.25,300,1238000
20221129,12:02:59,18871.00,50,1240650
20221129,12:03:07,18872.60,50,1240650
20221129,12:03:08,18872.30,50,1240650
20221129,12:03:24,18874.00,100,1240650
20221129,12:03:33,18872.30,150,1240650
20221129,12:03:34,18874.60,50,1240650
20221129,12:03:35,18874.60,100,1240650
20221129,12:03:37,18874.60,50,1240650
20221129,12:03:52,18875.00,50,1240650
20221129,12:03:57,18875.00,500,1240650
20221129,12:04:02,18875.95,100,1240650
20221129,12:04:04,18876.00,100,1240650
20221129,12:04:14,18879.20,100,1240650
20221129,12:04:17,18878.00,350,1240650
20221129,12:04:19,18879.40,100,1240650
20221129,12:04:29,18877.10,150,1240650
20221129,12:04:38,18875.75,50,1240650
20221129,12:05:01,18877.05,50,1240650
20221129,12:05:02,18880.00,50,1240650
20221129,12:05:05,18880.00,50,1240650
20221129,12:05:09,18878.70,50,1240650
20221129,12:05:10,18878.65,50,1240650
20221129,12:05:21,18880.00,100,1240650
20221129,12:05:25,18877.35,50,1240650
20221129,12:05:31,18881.40,2000,1240650
20221129,12:05:40,18881.40,100,1240650
20221129,12:05:46,18881.70,50,1240650
20221129,12:05:48,18881.70,50,1240650
20221129,12:05:53,18883.35,1500,1242450
20221129,12:05:59,18883.35,50,1242450
20221129,12:06:06,18882.00,50,1242450
20221129,12:06:28,18878.35,50,1242450
20221129,12:06:40,18884.50,1800,1242450
20221129,12:06:51,18884.50,100,1242450
20221129,12:06:52,18879.80,250,1242450
20221129,12:06:58,18879.90,50,1242450
20221129,12:07:11,18880.10,50,1242450
20221129,12:07:14,18880.05,50,1242450
20221129,12:07:29,18880.05,100,1242450
20221129,12:07:29,18881.65,50,1242450
20221129,12:08:15,18882.00,50,1242450
20221129,12:08:25,18880.20,50,1242450
20221129,12:08:33,18882.00,100,1242450
20221129,12:08:34,18882.00,150,1242450
20221129,12:08:37,18882.00,50,1242450
20221129,12:08:40,18882.00,50,1242450
20221129,12:08:45,18882.00,50,1242450
20221129,12:08:52,18881.10,100,1244500
20221129,12:09:03,18881.00,50,1244500
20221129,12:09:09,18882.00,50,1244500
20221129,12:09:19,18882.00,600,1244500
20221129,12:09:21,18884.50,250,1244500
20221129,12:09:22,18885.00,500,1244500
20221129,12:09:24,18886.00,150,1244500
20221129,12:09:26,18886.00,50,1244500
20221129,12:09:30,18886.00,50,1244500
20221129,12:09:32,18886.00,200,1244500
20221129,12:09:32,18883.80,700,1244500
20221129,12:09:35,18886.85,50,1244500
20221129,12:09:37,18886.85,200,1244500
20221129,12:09:42,18884.25,350,1244500
20221129,12:09:47,18884.60,400,1244500
20221129,12:09:48,18885.40,250,1244500
20221129,12:09:53,18885.60,300,1244500
20221129,12:09:54,18887.75,100,1244500
20221129,12:09:56,18887.60,50,1244500
20221129,12:09:57,18883.40,1000,1244500
20221129,12:10:02,18883.30,350,1244500
20221129,12:10:24,18885.05,50,1244500
20221129,12:10:26,18886.90,50,1244500
20221129,12:10:27,18886.75,300,1244500
20221129,12:10:29,18886.65,50,1244500
20221129,12:10:36,18887.40,50,1244500
20221129,12:10:45,18885.00,200,1244500
20221129,12:10:55,18887.20,100,1244500
20221129,12:10:58,18886.85,50,1244500
20221129,12:11:03,18886.85,50,1244500
20221129,12:11:04,18886.85,50,1244500
20221129,12:11:09,18887.00,100,1244500
20221129,12:11:13,18888.00,150,1244500
20221129,12:11:16,18888.40,200,1244500
20221129,12:11:17,18888.40,150,1244500
20221129,12:11:28,18886.00,100,1244500
20221129,12:11:37,18885.25,200,1244500
20221129,12:11:41,18886.10,50,1244500
20221129,12:11:45,18885.75,50,1244500
20221129,12:12:01,18888.60,50,1243600
20221129,12:12:23,18888.60,100,1243600
20221129,12:12:26,18885.20,50,1243600
20221129,12:12:31,18888.60,100,1243600
20221129,12:12:35,18886.00,50,1243600
20221129,12:12:37,18885.45,50,1243600
20221129,12:12:39,18886.45,100,1243600
20221129,12:12:40,18887.00,50,1243600
20221129,12:12:41,18887.00,50,1243600
20221129,12:12:54,18886.05,50,1243600
20221129,12:13:02,18886.05,50,1243600
20221129,12:13:17,18885.35,100,1243600
20221129,12:13:18,18886.05,50,1243600
20221129,12:13:21,18887.00,50,1243600
20221129,12:13:30,18888.40,50,1243600
20221129,12:13:34,18885.45,50,1243600
20221129,12:13:54,18885.25,100,1243600
20221129,12:13:56,18885.50,50,1243600
20221129,12:14:04,18885.50,50,1243600
20221129,12:14:09,18885.00,100,1243600
20221129,12:14:13,18885.30,50,1243600
20221129,12:14:26,18885.00,50,1243600
20221129,12:14:28,18887.75,100,1243600
20221129,12:14:40,18887.85,50,1243600
20221129,12:14:45,18885.00,100,1243600
20221129,12:14:50,18887.70,100,1243600
20221129,12:15:07,18888.00,100,1243600
20221129,12:15:21,18888.00,50,1243750
20221129,12:15:32,18888.75,50,1243750
20221129,12:15:39,18888.75,50,1243750
20221129,12:15:45,18888.75,100,1243750
20221129,12:15:50,18885.05,50,1243750
20221129,12:15:53,18888.55,50,1243750
20221129,12:15:56,18885.00,50,1243750
20221129,12:16:00,18885.00,50,1243750
20221129,12:16:02,18887.95,50,1243750
20221129,12:16:15,18885.00,250,1243750
20221129,12:16:20,18885.00,550,1243750
20221129,12:16:21,18880.75,50,1243750
20221129,12:16:28,18881.25,50,1243750
20221129,12:16:37,18883.35,100,1243750
20221129,12:16:40,18880.45,50,1243750
20221129,12:16:44,18883.25,50,1243750
20221129,12:16:46,18881.80,50,1243750
20221129,12:16:59,18880.95,50,1243750
20221129,12:17:23,18880.95,50,1243750
20221129,12:17:40,18879.50,50,1243750
20221129,12:17:43,18880.00,50,1243750
20221129,12:17:54,18880.25,50,1244600
20221129,12:18:16,18881.05,50,1244600
20221129,12:18:17,18881.55,50,1244600
20221129,12:18:20,18881.60,50,1244600
20221129,12:18:22,18881.65,50,1244600
20221129,12:18:24,18881.80,50,1244600
20221129,12:19:05,18884.00,50,1244600
20221129,12:19:44,18884.00,50,1244600
20221129,12:20:03,18882.90,50,1244600
20221129,12:20:33,18882.90,50,1244600
20221129,12:20:52,18883.00,50,1244600
20221129,12:21:00,18882.00,50,1244600
20221129,12:21:06,18883.00,50,1244950
20221129,12:21:09,18883.00,50,1244950
20221129,12:21:15,18883.00,50,1244950
20221129,12:22:00,18883.00,50,1244950
20221129,12:22:30,18883.00,50,1244950
20221129,12:22:37,18883.00,100,1244950
20221129,12:22:53,18884.60,50,1244950
20221129,12:23:05,18884.30,50,1244950
20221129,12:23:06,18880.60,150,1244950
20221129,12:23:27,18879.70,100,1244950
20221129,12:23:29,18879.50,100,1244950
20221129,12:23:35,18882.00,50,1244950
20221129,12:23:39,18878.60,50,1244950
20221129,12:23:58,18881.60,100,1245050
20221129,12:24:32,18874.75,50,1245050
20221129,12:25:03,18875.75,100,1245050
20221129,12:25:04,18875.50,50,1245050
20221129,12:25:15,18879.00,50,1245050
20221129,12:25:51,18878.05,50,1245050
20221129,12:25:58,18878.05,50,1245050
20221129,12:26:13,18875.35,100,1245050
20221129,12:26:14,18878.00,50,1245050
20221129,12:26:26,18878.20,50,1245050
20221129,12:26:27,18875.20,100,1245050
20221129,12:26:32,18878.40,250,1245050
20221129,12:26:42,18880.70,50,1245050
20221129,12:26:44,18881.30,200,1245050
20221129,12:26:47,18880.25,350,1245050
20221129,12:26:48,18880.80,50,1245050
20221129,12:26:55,18876.30,50,1245050
20221129,12:26:59,18876.55,50,1244850
20221129,12:27:07,18880.45,50,1244850
20221129,12:27:14,18880.00,50,1244850
20221129,12:27:18,18880.25,50,1244850
20221129,12:27:19,18880.65,250,1244850
20221129,12:27:24,18878.50,50,1244850
20221129,12:27:27,18882.00,500,1244850
20221129,12:27:44,18878.50,50,1244850
20221129,12:28:04,18878.65,50,1244850
20221129,12:28:08,18881.25,100,1244850
20221129,12:28:11,18881.95,50,1244850
20221129,12:28:32,18879.00,50,1244850
20221129,12:28:34,18878.70,50,1244850
20221129,12:28:39,18879.25,200,1244850
20221129,12:29:09,18879.25,100,1244850
20221129,12:29:32,18879.15,50,1244850
20221129,12:29:38,18879.00,100,1244850
20221129,12:29:45,18879.60,200,1244850
20221129,12:29:51,18879.70,50,1244850
20221129,12:29:53,18882.00,50,1244850
20221129,12:29:57,18882.65,50,1245650
20221129,12:30:24,18879.00,50,1245650
20221129,12:30:34,18879.95,50,1245650
20221129,12:30:35,18878.75,50,1245650
20221129,12:30:44,18882.30,50,1245650
20221129,12:31:03,18882.30,50,1245650
20221129,12:31:08,18883.00,100,1245650
20221129,12:31:21,18883.00,300,1245650
20221129,12:31:29,18883.00,100,1245650
20221129,12:31:43,18885.85,100,1245650
20221129,12:31:48,18885.00,50,1245650
20221129,12:32:10,18882.65,50,1245650
20221129,12:32:34,18883.60,50,1245650
20221129,12:32:37,18886.75,50,1245650
20221129,12:32:44,18886.75,100,1245650
20221129,12:32:46,18885.05,150,1245650
20221129,12:32:51,18887.00,50,1245650
20221129,12:33:00,18885.00,50,1245650
20221129,12:33:25,18885.00,50,1245950
20221129,12:33:41,18885.00,50,1245950
20221129,12:33:55,18887.00,50,1245950
20221129,12:33:56,18887.00,100,1245950
20221129,12:33:57,18888.00,50,1245950
20221129,12:34:02,18887.50,50,1245950
20221129,12:34:19,18885.10,100,1245950
20221129,12:34:24,18888.00,200,1245950
20221129,12:34:28,18887.50,50,1245950
20221129,12:34:42,18887.50,50,1245950
20221129,12:34:43,18888.60,50,1245950
20221129,12:34:59,18886.95,50,1245950
20221129,12:35:11,18886.00,100,1245950
20221129,12:35:37,18887.95,50,1245950
20221129,12:35:41,18887.55,100,1245950
20221129,12:36:00,18884.70,50,1245950
20221129,12:36:02,18884.95,100,1245950
20221129,12:36:23,18888.00,50,1245950
20221129,12:36:25,18888.00,50,1245950
20221129,12:36:50,18887.80,50,1245950
20221129,12:37:07,18884.50,100,1245950
20221129,12:37:10,18882.45,50,1245950
20221129,12:37:38,18885.00,50,1245950
20221129,12:37:45,18884.00,50,1245950
20221129,12:37:46,18884.00,50,1245950
20221129,12:37:52,18884.90,100,1245950
20221129,12:38:10,18886.00,50,1245950
20221129,12:38:28,18884.00,50,1245950
20221129,12:38:58,18883.45,50,1245950
20221129,12:40:00,18884.00,50,1246100
20221129,12:40:01,18886.80,50,1246100
20221129,12:40:12,18886.60,50,1246100
20221129,12:40:32,18885.75,250,1246100
20221129,12:40:39,18883.00,50,1246100
20221129,12:40:43,18882.35,50,1246100
20221129,12:40:49,18885.40,150,1246100
20221129,12:40:54,18883.00,50,1246100
20221129,12:41:17,18882.55,50,1246100
20221129,12:41:21,18884.00,50,1246100
20221129,12:41:24,18884.00,150,1246100
20221129,12:42:26,18881.55,50,1246100
20221129,12:42:49,18881.05,50,1246050
20221129,12:43:06,18881.00,150,1246050
20221129,12:43:33,18882.00,100,1246050
20221129,12:43:39,18883.00,50,1246050
20221129,12:43:48,18882.30,150,1246050
20221129,12:43:50,18882.75,50,1246050
20221129,12:43:51,18883.50,50,1246050
20221129,12:44:02,18880.10,50,1246050
20221129,12:44:09,18883.55,50,1246050
20221129,12:44:20,18883.80,50,1246050
20221129,12:44:21,18884.00,50,1246050
20221129,12:44:24,18884.90,50,1246050
20221129,12:44:43,18885.00,150,1246050
20221129,12:44:56,18885.45,100,1246050
20221129,12:44:58,18886.00,50,1246050
20221129,12:46:03,18885.10,50,1246050
20221129,12:46:08,18884.50,50,1245950
20221129,12:46:10,18885.75,50,1245950
20221129,12:46:15,18885.00,50,1245950
20221129,12:47:00,18883.50,50,1245950
20221129,12:47:04,18880.10,250,1245950
20221129,12:47:32,18880.00,100,1245950
20221129,12:47:33,18880.00,100,1245950
20221129,12:47:41,18879.30,100,1245950
20221129,12:48:06,18879.35,150,1246050
20221129,12:48:14,18882.00,50,1246050
20221129,12:48:29,18878.85,50,1246050
20221129,12:48:35,18878.40,100,1246050
20221129,12:48:45,18878.60,50,1246050
20221129,12:48:47,18878.70,50,1246050
20221129,12:49:12,18880.00,50,1246050
20221129,12:49:15,18880.00,50,1246050
20221129,12:49:30,18880.00,100,1246050
20221129,12:49:41,18880.00,50,1246050
20221129,12:50:01,18880.00,50,1246050
20221129,12:50:07,18880.00,50,1246050
20221129,12:50:44,18876.00,50,1246050
20221129,12:50:51,18876.00,50,1246050
20221129,12:51:03,18876.50,50,1246050
20221129,12:51:04,18876.00,50,1246050
20221129,12:51:14,18876.00,50,1246050
20221129,12:51:15,18876.00,50,1246050
20221129,12:51:18,18875.40,50,1246050
20221129,12:51:21,18875.00,50,1246050
20221129,12:51:26,18875.00,100,1246050
20221129,12:51:35,18872.00,50,1246050
20221129,12:51:39,18872.00,50,1246050
20221129,12:51:46,18872.95,100,1246050
20221129,12:52:00,18872.30,50,1246050
20221129,12:52:15,18872.30,50,1246050
20221129,12:52:18,18874.75,50,1246050
20221129,12:52:20,18874.00,50,1246050
20221129,12:52:29,18870.40,200,1246050
20221129,12:52:38,18870.85,50,1246050
20221129,12:52:45,18872.00,100,1246050
20221129,12:52:49,18872.00,100,1246050
20221129,12:52:54,18872.00,50,1246050
20221129,12:52:55,18872.00,100,1246050
20221129,12:52:58,18872.00,50,1246050
20221129,12:53:21,18870.10,50,1246050
20221129,12:53:28,18872.00,100,1246050
20221129,12:53:52,18870.00,100,1246050
20221129,12:53:55,18870.00,50,1246050
20221129,12:53:59,18870.00,100,1246050
20221129,12:54:06,18870.00,100,1246300
20221129,12:54:15,18867.35,50,1246300
20221129,12:54:45,18868.75,50,1246300
20221129,12:54:54,18869.15,100,1246300
20221129,12:55:12,18867.80,250,1246300
20221129,12:55:24,18869.15,50,1246300
20221129,12:55:28,18868.65,50,1246300
20221129,12:55:44,18870.20,50,1246300
20221129,12:55:50,18871.40,150,1246300
20221129,12:55:52,18872.00,500,1246300
20221129,12:55:53,18872.00,150,1246300
20221129,12:55:55,18872.40,50,1246300
20221129,12:56:00,18872.40,50,1246300
20221129,12:56:12,18875.00,350,1246300
20221129,12:56:32,18874.55,50,1246300
20221129,12:56:47,18876.75,250,1246300
20221129,12:56:53,18874.70,50,1246300
20221129,12:57:00,18874.75,50,1246750
20221129,12:57:47,18874.10,50,1246750
20221129,12:58:02,18875.90,50,1246750
20221129,12:58:36,18875.00,50,1246750
20221129,12:58:39,18875.00,150,1246750
20221129,12:58:46,18874.35,50,1246750
20221129,12:59:40,18877.60,50,1246750
20221129,12:59:51,18877.15,50,1246750
20221129,13:00:04,18876.25,50,1247000
20221129,13:00:39,18877.95,50,1247000
20221129,13:00:45,18878.00,50,1247000
20221129,13:00:49,18876.30,50,1247000
20221129,13:00:50,18878.00,50,1247000
20221129,13:00:52,18876.25,50,1247000
20221129,13:00:55,18877.35,50,1247000
20221129,13:01:02,18877.35,50,1247000
20221129,13:01:08,18879.05,50,1247000
20221129,13:01:18,18877.30,150,1247000
20221129,13:01:20,18877.30,50,1247000
20221129,13:01:22,18877.30,50,1247000
20221129,13:01:23,18878.05,50,1247000
20221129,13:01:30,18877.00,50,1247000
20221129,13:01:31,18874.30,50,1247000
20221129,13:01:32,18876.70,50,1247000
20221129,13:01:36,18876.65,100,1247000
20221129,13:01:59,18877.30,50,1247000
20221129,13:02:15,18876.65,50,1247000
20221129,13:03:04,18876.65,100,1247000
20221129,13:03:05,18878.00,100,1247150
20221129,13:03:08,18876.65,50,1247150
20221129,13:03:15,18876.65,50,1247150
20221129,13:03:18,18876.65,100,1247150
20221129,13:03:36,18876.75,100,1247150
20221129,13:04:07,18875.00,50,1247150
20221129,13:04:16,18875.00,50,1247150
20221129,13:04:17,18876.75,50,1247150
20221129,13:05:15,18876.50,50,1247150
20221129,13:05:25,18877.05,300,1247150
20221129,13:05:39,18878.90,50,1247150
20221129,13:05:51,18876.10,100,1247150
20221129,13:05:55,18878.45,50,1247150
20221129,13:06:14,18878.15,50,1247150
20221129,13:06:27,18879.05,100,1247900
20221129,13:06:31,18876.15,50,1247900
20221129,13:06:34,18879.55,250,1247900
20221129,13:06:41,18878.70,50,1247900
20221129,13:07:33,18875.00,100,1247900
20221129,13:07:43,18875.35,50,1247900
20221129,13:07:44,18876.10,50,1247900
20221129,13:07:46,18876.05,50,1247900
20221129,13:08:19,18874.50,100,1247900
20221129,13:08:26,18874.30,50,1247900
20221129,13:08:27,18874.50,300,1247900
20221129,13:08:34,18875.30,50,1247900
20221129,13:08:40,18876.00,50,1247900
20221129,13:08:49,18876.95,300,1247900
20221129,13:08:55,18877.40,50,1247900
20221129,13:09:11,18874.60,50,1248400
20221129,13:09:15,18877.80,50,1248400
20221129,13:09:47,18876.45,50,1248400
20221129,13:09:48,18876.45,50,1248400
20221129,13:09:51,18876.45,50,1248400
20221129,13:10:09,18876.50,50,1248400
20221129,13:10:36,18875.35,50,1248400
20221129,13:10:39,18872.75,50,1248400
20221129,13:11:21,18875.00,50,1248400
20221129,13:11:34,18876.00,50,1248400
20221129,13:11:51,18876.00,50,1248400
20221129,13:11:57,18873.90,50,1248400
20221129,13:11:59,18875.30,50,1248400
20221129,13:12:10,18875.25,50,1248400
20221129,13:12:13,18873.30,100,1248500
20221129,13:13:03,18877.25,250,1248500
20221129,13:13:16,18877.80,100,1248500
20221129,13:13:22,18877.25,50,1248500
20221129,13:13:27,18876.75,50,1248500
20221129,13:13:28,18876.75,100,1248500
20221129,13:13:30,18877.50,200,1248500
20221129,13:13:38,18876.80,50,1248500
20221129,13:14:17,18876.35,50,1248500
20221129,13:14:19,18876.35,50,1248500
20221129,13:14:31,18876.35,50,1248500
20221129,13:14:44,18876.35,50,1248500
20221129,13:14:55,18876.60,100,1248500
20221129,13:15:04,18877.50,50,1248500
20221129,13:15:06,18876.70,50,1248350
20221129,13:15:19,18878.00,50,1248350
20221129,13:15:21,18877.95,100,1248350
20221129,13:15:25,18878.80,200,1248350
20221129,13:15:27,18878.35,50,1248350
20221129,13:15:37,18881.45,1000,1248350
20221129,13:15:45,18881.45,200,1248350
20221129,13:15:57,18879.05,50,1248350
20221129,13:16:00,18879.40,100,1248350
20221129,13:16:03,18876.50,1000,1248350
20221129,13:16:15,18879.40,50,1248350
20221129,13:16:16,18879.40,50,1248350
20221129,13:16:18,18880.00,100,1248350
20221129,13:16:23,18879.40,50,1248350
20221129,13:16:24,18882.50,1000,1248350
20221129,13:16:27,18881.25,50,1248350
20221129,13:16:41,18882.00,50,1248350
20221129,13:16:44,18878.20,1000,1248350
20221129,13:17:04,18882.30,1000,1248350
20221129,13:17:05,18878.05,350,1248350
20221129,13:17:11,18878.45,100,1248350
20221129,13:17:22,18877.10,1100,1248350
20221129,13:17:24,18881.55,100,1248350
20221129,13:17:37,18881.15,50,1248350
20221129,13:17:43,18882.65,1100,1248350
20221129,13:17:52,18879.35,50,1248350
20221129,13:17:59,18877.10,1000,1248350
20221129,13:18:05,18878.30,50,1248350
20221129,13:18:16,18882.40,1000,1248900
20221129,13:18:30,18878.80,50,1248900
20221129,13:18:33,18877.85,1000,1248900
20221129,13:18:45,18880.55,50,1248900
20221129,13:18:50,18880.75,200,1248900
20221129,13:18:55,18878.80,50,1248900
20221129,13:18:57,18881.30,50,1248900
20221129,13:19:33,18879.30,50,1248900
20221129,13:19:40,18877.10,50,1248900
20221129,13:20:13,18877.00,100,1248900
20221129,13:20:23,18877.25,50,1248900
20221129,13:20:45,18880.55,50,1248900
20221129,13:20:51,18880.45,50,1248900
20221129,13:21:08,18877.95,50,1249150
20221129,13:21:51,18879.00,50,1249150
20221129,13:21:56,18878.10,50,1249150
20221129,13:22:09,18876.30,50,1249150
20221129,13:22:15,18880.25,500,1249150
20221129,13:22:48,18880.00,50,1249150
20221129,13:22:51,18879.30,50,1249150
20221129,13:22:53,18880.00,100,1249150
20221129,13:22:54,18880.00,150,1249150
20221129,13:24:13,18875.60,150,1249350
20221129,13:24:26,18876.70,50,1249350
20221129,13:24:44,18875.05,50,1249350
20221129,13:25:07,18877.30,100,1249350
20221129,13:26:23,18877.80,50,1249350
20221129,13:26:41,18876.95,50,1249350
20221129,13:26:43,18876.70,50,1249350
20221129,13:27:07,18877.05,50,1249350
20221129,13:27:27,18875.75,50,1249150
20221129,13:27:29,18875.30,200,1249150
20221129,13:27:33,18875.25,50,1249150
20221129,13:27:59,18877.95,50,1249150
20221129,13:28:20,18875.00,50,1249150
20221129,13:28:26,18875.25,50,1249150
20221129,13:28:59,18876.50,50,1249150
20221129,13:29:30,18877.25,150,1249150
20221129,13:29:34,18878.00,200,1249150
20221129,13:29:59,18878.00,50,1249150
20221129,13:30:46,18880.00,50,1249150
20221129,13:30:49,18879.95,50,1249150
20221129,13:30:51,18882.45,500,1249150
20221129,13:30:52,18885.00,400,1249150
20221129,13:31:01,18886.00,200,1249150
20221129,13:31:02,18886.60,50,1249150
20221129,13:31:02,18886.95,100,1249150
20221129,13:31:04,18888.95,600,1249150
20221129,13:31:07,18888.95,50,1249150
20221129,13:31:15,18884.20,50,1249150
20221129,13:31:33,18888.95,50,1249150
20221129,13:31:38,18893.30,5650,1249150
20221129,13:31:43,18891.30,50,1249150
20221129,13:32:04,18890.95,50,1249150
20221129,13:32:06,18889.05,50,1249150
20221129,13:32:22,18889.10,50,1249150
20221129,13:32:28,18893.10,50,1249150
20221129,13:32:56,18889.00,50,1249150
20221129,13:32:59,18889.80,100,1249150
20221129,13:33:01,18889.65,100,1249150
20221129,13:33:06,18890.00,150,1249150
20221129,13:33:10,18889.00,50,1250150
20221129,13:33:17,18888.00,50,1250150
20221129,13:33:21,18888.30,50,1250150
20221129,13:33:24,18891.05,50,1250150
20221129,13:33:26,18887.45,50,1250150
20221129,13:33:31,18890.95,50,1250150
20221129,13:33:34,18891.70,50,1250150
20221129,13:33:36,18888.10,50,1250150
20221129,13:33:44,18889.90,50,1250150
20221129,13:33:47,18889.95,50,1250150
20221129,13:33:52,18893.00,50,1250150
20221129,13:33:55,18890.90,50,1250150
20221129,13:33:57,18893.00,100,1250150
20221129,13:33:59,18890.75,50,1250150
20221129,13:34:05,18892.85,50,1250150
20221129,13:34:06,18890.95,50,1250150
20221129,13:34:07,18890.95,50,1250150
20221129,13:34:11,18888.85,100,1250150
20221129,13:34:14,18891.00,50,1250150
20221129,13:34:16,18891.95,50,1250150
20221129,13:34:20,18890.00,50,1250150
20221129,13:34:31,18892.50,100,1250150
20221129,13:34:38,18893.00,50,1250150
20221129,13:34:46,18890.55,50,1250150
20221129,13:34:47,18888.75,1250,1250150
20221129,13:35:02,18889.00,50,1250150
20221129,13:35:07,18891.20,50,1250150
20221129,13:35:18,18887.40,50,1250150
20221129,13:35:23,18891.35,50,1250150
20221129,13:35:39,18887.70,50,1250150
20221129,13:35:44,18890.00,50,1250150
20221129,13:35:45,18890.00,50,1250150
20221129,13:35:52,18891.35,50,1250150
20221129,13:35:56,18890.90,50,1250150
20221129,13:36:02,18891.95,100,1250150
20221129,13:36:07,18891.55,50,1250150
20221129,13:36:08,18891.95,50,1250150
20221129,13:36:16,18892.90,500,1250150
20221129,13:36:33,18888.85,250,1250050
20221129,13:36:45,18888.25,50,1250050
20221129,13:36:54,18888.25,50,1250050
20221129,13:36:55,18890.40,500,1250050
20221129,13:37:21,18885.20,1800,1250050
20221129,13:37:28,18885.75,50,1250050
20221129,13:37:34,18885.70,50,1250050
20221129,13:37:43,18883.85,1500,1250050
20221129,13:37:54,18884.15,100,1250050
20221129,13:37:59,18883.60,50,1250050
20221129,13:38:00,18886.80,50,1250050
20221129,13:38:13,18881.15,200,1250050
20221129,13:38:19,18882.00,100,1250050
20221129,13:38:29,18881.70,50,1250050
20221129,13:38:37,18885.00,50,1250050
20221129,13:39:01,18886.40,100,1250050
20221129,13:39:56,18886.40,50,1248800
20221129,13:40:18,18885.00,150,1248800
20221129,13:40:40,18888.00,100,1248800
20221129,13:40:45,18887.05,50,1248800
20221129,13:40:57,18887.05,50,1248800
20221129,13:41:05,18885.05,50,1248800
20221129,13:41:16,18885.20,100,1248800
20221129,13:41:18,18888.35,100,1248800
20221129,13:41:25,18888.80,50,1248800
20221129,13:42:14,18890.00,150,1248800
20221129,13:42:17,18890.00,100,1248550
20221129,13:42:19,18890.00,50,1248550
20221129,13:42:25,18888.80,100,1248550
20221129,13:42:45,18889.95,50,1248550
20221129,13:42:57,18888.85,50,1248550
20221129,13:43:05,18888.80,50,1248550
20221129,13:43:51,18886.75,50,1248550
20221129,13:44:14,18888.45,50,1248550
20221129,13:44:15,18886.75,50,1248550
20221129,13:44:52,18886.00,50,1248550
20221129,13:44:56,18884.10,100,1248550
20221129,13:45:09,18888.30,50,1248550
20221129,13:45:39,18888.30,50,1248650
20221129,13:45:44,18888.30,200,1248650
20221129,13:46:17,18889.00,150,1248650
20221129,13:46:42,18887.85,50,1248650
20221129,13:47:21,18882.05,50,1248650
20221129,13:47:24,18880.05,100,1248650
20221129,13:47:36,18880.95,50,1248650
20221129,13:47:38,18881.05,50,1248650
20221129,13:47:45,18882.25,150,1248650
20221129,13:47:48,18885.75,50,1248650
20221129,13:48:21,18885.25,100,1249100
20221129,13:48:44,18887.25,200,1249100
20221129,13:48:59,18886.70,50,1249100
20221129,13:49:04,18887.95,50,1249100
20221129,13:49:05,18886.20,50,1249100
20221129,13:49:06,18888.00,100,1249100
20221129,13:49:07,18888.30,50,1249100
20221129,13:49:15,18886.80,50,1249100
20221129,13:49:21,18888.30,50,1249100
20221129,13:49:36,18888.95,100,1249100
20221129,13:50:23,18889.35,50,1249100
20221129,13:50:25,18889.50,50,1249100
20221129,13:50:28,18889.95,100,1249100
20221129,13:50:32,18889.95,100,1249100
20221129,13:50:40,18889.95,50,1249100
20221129,13:50:42,18890.00,350,1249100
20221129,13:50:44,18890.95,100,1249100
20221129,13:50:51,18891.70,50,1249100
20221129,13:51:03,18889.40,50,1249100
20221129,13:51:06,18891.00,50,1249100
20221129,13:51:11,18890.25,50,1249100
20221129,13:51:14,18891.00,50,1249300
20221129,13:51:31,18889.15,50,1249300
20221129,13:51:36,18890.00,50,1249300
20221129,13:51:40,18888.75,50,1249300
20221129,13:51:44,18887.95,500,1249300
20221129,13:51:49,18890.70,50,1249300
20221129,13:51:53,18890.00,650,1249300
20221129,13:52:00,18890.85,50,1249300
20221129,13:52:13,18888.15,500,1249300
20221129,13:52:17,18890.00,50,1249300
20221129,13:52:32,18887.15,1000,1249300
20221129,13:52:59,18891.65,500,1249300
20221129,13:53:07,18889.90,100,1249300
20221129,13:53:19,18886.60,50,1249300
20221129,13:53:23,18886.20,50,1249300
20221129,13:53:25,18889.85,50,1249300
20221129,13:53:40,18889.90,150,1249300
20221129,13:53:51,18887.30,50,1249300
20221129,13:53:56,18889.90,100,1249300
20221129,13:54:13,18889.40,50,1250350
20221129,13:54:48,18887.95,50,1250350
20221129,13:54:51,18885.00,100,1250350
20221129,13:55:00,18883.85,50,1250350
20221129,13:55:10,18884.60,50,1250350
20221129,13:55:11,18881.40,50,1250350
20221129,13:55:31,18884.50,50,1250350
20221129,13:56:02,18883.95,50,1250350
20221129,13:56:09,18884.50,50,1250350
20221129,13:56:14,18880.40,1800,1250350
20221129,13:56:32,18882.00,100,1250350
20221129,13:56:39,18881.45,250,1250350
20221129,13:56:51,18880.00,50,1250350
20221129,13:56:57,18879.20,50,1250350
20221129,13:57:02,18880.95,100,1250350
20221129,13:57:16,18880.00,150,1249600
20221129,13:57:56,18880.00,50,1249600
20221129,13:58:43,18882.00,100,1249600
20221129,13:59:22,18882.00,50,1249600
20221129,13:59:30,18884.25,50,1249600
20221129,13:59:42,18884.25,50,1249600
20221129,13:59:50,18885.00,100,1249600
20221129,13:59:57,18882.70,50,1249600
