20221117,09:15:00,42472.25,1,2623875
20221117,09:15:00,42474.70,1,2623875
20221117,09:15:00,42410.20,1,2623875
20221117,09:15:00,42474.65,625,2623875
20221117,09:15:00,42493.60,375,2623875
20221117,09:15:01,42495.10,725,2623875
20221117,09:15:03,42457.40,1025,2623875
20221117,09:15:03,42457.45,50,2623875
20221117,09:15:04,42464.65,225,2623875
20221117,09:15:05,42474.95,1900,2623875
20221117,09:15:07,42487.65,1525,2623875
20221117,09:15:08,42479.30,1075,2623875
20221117,09:15:09,42497.05,475,2623875
20221117,09:15:10,42501.00,625,2623875
20221117,09:15:11,42514.60,1125,2623875
20221117,09:15:12,42514.75,575,2623875
20221117,09:15:13,42514.75,1625,2623875
20221117,09:15:15,42486.85,600,2623875
20221117,09:15:16,42500.00,600,2623875
20221117,09:15:17,42493.45,2350,2623875
20221117,09:15:18,42509.60,300,2623875
20221117,09:15:19,42506.30,450,2623875
20221117,09:15:21,42509.80,1625,2623875
20221117,09:15:22,42510.10,325,2623875
20221117,09:15:23,42514.85,625,2623875
20221117,09:15:25,42519.75,1050,2623875
20221117,09:15:26,42525.00,1050,2623875
20221117,09:15:27,42524.95,1700,2623875
20221117,09:15:29,42517.30,450,2623875
20221117,09:15:30,42532.05,1150,2623875
20221117,09:15:32,42533.35,250,2623875
20221117,09:15:33,42525.05,525,2623875
20221117,09:15:34,42524.70,400,2623875
20221117,09:15:36,42524.90,925,2623875
20221117,09:15:37,42512.35,975,2623875
20221117,09:15:38,42513.05,700,2623875
20221117,09:15:40,42524.05,325,2623875
20221117,09:15:41,42512.50,1625,2623875
20221117,09:15:43,42520.25,350,2623875
20221117,09:15:44,42516.85,1000,2623875
20221117,09:15:45,42520.35,500,2623875
20221117,09:15:47,42516.30,625,2623875
20221117,09:15:48,42517.95,450,2623875
20221117,09:15:50,42520.35,1625,2623875
20221117,09:15:51,42520.35,500,2623875
20221117,09:15:52,42525.05,325,2623875
20221117,09:15:54,42530.00,525,2623875
20221117,09:15:56,42524.00,175,2623875
20221117,09:15:57,42525.15,175,2623875
20221117,09:15:59,42533.05,200,2623875
20221117,09:16:00,42535.00,1500,2623875
20221117,09:16:02,42525.15,1575,2623875
20221117,09:16:03,42529.00,1225,2623875
20221117,09:16:05,42529.00,275,2623875
20221117,09:16:06,42530.00,750,2623875
20221117,09:16:08,42536.80,1700,2623875
20221117,09:16:09,42525.40,1125,2623875
20221117,09:16:11,42521.50,600,2623875
20221117,09:16:12,42527.60,725,2623875
20221117,09:16:14,42522.15,625,2623875
20221117,09:16:15,42522.40,750,2623875
20221117,09:16:17,42517.60,1575,2623875
20221117,09:16:19,42523.65,375,2623875
20221117,09:16:20,42533.75,4250,2623875
20221117,09:16:22,42529.75,350,2623875
20221117,09:16:23,42520.05,300,2623875
20221117,09:16:25,42529.75,1150,2623875
20221117,09:16:26,42520.55,1575,2623875
20221117,09:16:28,42526.85,275,2623875
20221117,09:16:29,42521.05,250,2623875
20221117,09:16:31,42524.50,825,2623875
20221117,09:16:32,42530.55,1125,2623875
20221117,09:16:34,42526.90,75,2623875
20221117,09:16:35,42520.35,750,2623875
20221117,09:16:37,42521.25,625,2623875
20221117,09:16:39,42528.00,125,2623875
20221117,09:16:40,42521.05,300,2623875
20221117,09:16:42,42520.00,400,2623875
20221117,09:16:43,42520.00,975,2623875
20221117,09:16:45,42520.00,250,2623875
20221117,09:16:46,42520.05,200,2623875
20221117,09:16:48,42520.00,175,2623875
20221117,09:16:49,42520.00,150,2623875
20221117,09:16:51,42516.35,1400,2623875
20221117,09:16:52,42517.35,1125,2623875
20221117,09:16:54,42517.20,550,2623875
20221117,09:16:56,42517.25,125,2623875
20221117,09:16:57,42506.00,1300,2623875
20221117,09:16:59,42503.00,425,2623875
20221117,09:17:00,42507.95,225,2623875
20221117,09:17:02,42501.05,950,2623875
20221117,09:17:03,42504.80,375,2623875
20221117,09:17:05,42513.15,475,2623875
20221117,09:17:06,42508.30,475,2623875
20221117,09:17:08,42503.60,325,2623875
20221117,09:17:10,42514.85,200,2623875
20221117,09:17:11,42517.35,225,2623875
20221117,09:17:13,42520.00,525,2623875
20221117,09:17:14,42519.55,1100,2623875
20221117,09:17:16,42520.65,350,2623875
20221117,09:17:17,42518.05,100,2623875
20221117,09:17:19,42518.70,400,2623875
20221117,09:17:21,42524.80,175,2623875
20221117,09:17:22,42520.00,75,2623875
20221117,09:17:24,42524.70,400,2623875
20221117,09:17:25,42524.80,175,2623875
20221117,09:17:27,42520.00,200,2623875
20221117,09:17:28,42524.65,150,2623875
20221117,09:17:30,42519.80,575,2623875
20221117,09:17:31,42520.05,150,2623875
20221117,09:17:33,42521.25,200,2628400
20221117,09:17:34,42520.00,275,2628400
20221117,09:17:36,42516.00,150,2628400
20221117,09:17:37,42519.30,225,2628400
20221117,09:17:39,42521.00,75,2628400
20221117,09:17:40,42523.05,200,2628400
20221117,09:17:42,42517.25,600,2628400
20221117,09:17:43,42514.95,50,2628400
20221117,09:17:45,42511.30,275,2628400
20221117,09:17:47,42517.00,50,2628400
20221117,09:17:48,42515.95,275,2628400
20221117,09:17:50,42515.00,275,2628400
20221117,09:17:51,42519.95,25,2628400
20221117,09:17:53,42515.00,100,2628400
20221117,09:17:54,42520.00,75,2628400
20221117,09:17:56,42520.10,150,2628400
20221117,09:17:57,42524.00,300,2628400
20221117,09:17:59,42524.50,400,2628400
20221117,09:18:00,42520.05,350,2628400
20221117,09:18:02,42520.05,150,2628400
20221117,09:18:03,42524.80,250,2628400
20221117,09:18:05,42520.05,350,2628400
20221117,09:18:06,42517.20,325,2628400
20221117,09:18:08,42524.35,250,2628400
20221117,09:18:09,42523.95,100,2628400
20221117,09:18:11,42517.15,225,2628400
20221117,09:18:12,42518.70,75,2628400
20221117,09:18:14,42521.85,350,2628400
20221117,09:18:15,42518.00,125,2628400
20221117,09:18:17,42521.40,150,2628400
20221117,09:18:18,42517.95,225,2628400
20221117,09:18:20,42517.95,25,2628400
20221117,09:18:21,42517.95,50,2628400
20221117,09:18:23,42517.95,150,2628400
20221117,09:18:24,42515.00,50,2628400
20221117,09:18:26,42515.00,175,2628400
20221117,09:18:27,42517.95,25,2628400
20221117,09:18:29,42517.95,125,2628400
20221117,09:18:30,42515.15,75,2628400
20221117,09:18:32,42515.15,400,2628400
20221117,09:18:33,42517.65,25,2628400
20221117,09:18:35,42519.00,200,2628400
20221117,09:18:36,42515.20,25,2628400
20221117,09:18:38,42519.00,150,2628400
20221117,09:18:39,42519.00,100,2628400
20221117,09:18:41,42520.00,675,2628400
20221117,09:18:42,42524.80,475,2628400
20221117,09:18:44,42527.15,1300,2628400
20221117,09:18:45,42521.05,275,2628400
20221117,09:18:47,42526.70,50,2628400
20221117,09:18:48,42526.80,250,2628400
20221117,09:18:50,42526.35,100,2628400
20221117,09:18:51,42527.10,75,2628400
20221117,09:18:53,42520.10,125,2628400
20221117,09:18:54,42521.20,225,2628400
20221117,09:18:56,42515.45,825,2628400
20221117,09:18:57,42515.15,100,2628400
20221117,09:18:59,42515.00,100,2628400
20221117,09:19:01,42515.00,125,2628400
20221117,09:19:02,42515.05,125,2628400
20221117,09:19:04,42517.80,350,2628400
20221117,09:19:05,42515.00,150,2628400
20221117,09:19:07,42515.00,25,2628400
20221117,09:19:08,42519.10,125,2628400
20221117,09:19:10,42515.00,150,2628400
20221117,09:19:11,42517.00,200,2628400
20221117,09:19:13,42519.95,75,2628400
20221117,09:19:14,42518.50,175,2628400
20221117,09:19:16,42516.60,150,2628400
20221117,09:19:17,42519.75,25,2628400
20221117,09:19:19,42519.45,100,2628400
20221117,09:19:20,42517.25,150,2628400
20221117,09:19:22,42523.95,1475,2628400
20221117,09:19:23,42523.95,150,2628400
20221117,09:19:25,42527.15,175,2628400
20221117,09:19:27,42528.00,200,2628400
20221117,09:19:28,42527.00,275,2628400
20221117,09:19:30,42527.15,75,2628400
20221117,09:19:31,42525.35,100,2628400
20221117,09:19:33,42524.00,25,2628400
20221117,09:19:34,42523.95,100,2628400
20221117,09:19:36,42526.25,175,2628400
20221117,09:19:37,42528.85,50,2628400
20221117,09:19:39,42527.25,150,2628400
20221117,09:19:40,42527.05,150,2628400
20221117,09:19:42,42528.55,275,2628400
20221117,09:19:43,42525.00,100,2628400
20221117,09:19:45,42527.00,175,2628400
20221117,09:19:47,42529.80,125,2628400
20221117,09:19:48,42530.00,175,2628400
20221117,09:19:50,42527.10,775,2628400
20221117,09:19:52,42530.00,50,2628400
20221117,09:19:53,42534.80,25,2628400
20221117,09:19:55,42530.00,225,2628400
20221117,09:19:57,42533.30,75,2628400
20221117,09:19:58,42525.00,525,2628400
20221117,09:20:00,42530.95,425,2628400
20221117,09:20:02,42537.35,400,2628400
20221117,09:20:03,42533.25,625,2628400
20221117,09:20:05,42524.10,650,2628400
20221117,09:20:06,42524.15,575,2628400
20221117,09:20:08,42530.00,400,2628400
20221117,09:20:10,42529.85,650,2628400
20221117,09:20:11,42524.10,250,2628400
20221117,09:20:13,42525.25,475,2628400
20221117,09:20:14,42529.80,125,2628400
20221117,09:20:17,42534.80,75,2628400
20221117,09:20:19,42529.85,200,2628400
20221117,09:20:21,42532.30,300,2628400
20221117,09:20:22,42532.25,25,2628400
20221117,09:20:24,42535.00,75,2628400
20221117,09:20:25,42532.90,325,2628400
20221117,09:20:27,42529.65,300,2628400
20221117,09:20:29,42529.35,1400,2628400
20221117,09:20:30,42529.80,150,2628400
20221117,09:20:34,42534.20,425,2633000
20221117,09:20:35,42533.30,175,2633000
20221117,09:20:37,42536.80,150,2633000
20221117,09:20:39,42535.65,125,2633000
20221117,09:20:40,42537.40,125,2633000
20221117,09:20:42,42537.40,250,2633000
20221117,09:20:43,42539.80,275,2633000
20221117,09:20:45,42548.00,500,2633000
20221117,09:20:47,42552.15,1175,2633000
20221117,09:20:48,42552.15,425,2633000
20221117,09:20:50,42550.00,300,2633000
20221117,09:20:52,42538.00,375,2633000
20221117,09:20:53,42532.00,200,2633000
20221117,09:20:55,42539.75,25,2633000
20221117,09:20:58,42539.70,125,2633000
20221117,09:21:00,42543.75,350,2633000
20221117,09:21:01,42541.20,325,2633000
20221117,09:21:03,42546.25,350,2633000
20221117,09:21:05,42540.80,25,2633000
20221117,09:21:06,42540.00,125,2633000
20221117,09:21:08,42544.80,25,2633000
20221117,09:21:10,42537.90,125,2633000
20221117,09:21:11,42543.05,50,2633000
20221117,09:21:13,42539.80,125,2633000
20221117,09:21:14,42541.40,525,2633000
20221117,09:21:16,42543.15,100,2633000
20221117,09:21:18,42545.00,150,2633000
20221117,09:21:19,42544.80,450,2633000
20221117,09:21:21,42544.75,75,2633000
20221117,09:21:22,42546.60,150,2633000
20221117,09:21:24,42546.40,50,2633000
20221117,09:21:26,42546.00,225,2633000
20221117,09:21:27,42545.20,150,2633000
20221117,09:21:29,42549.95,400,2633000
20221117,09:21:31,42541.35,100,2633000
20221117,09:21:32,42541.30,250,2633000
20221117,09:21:34,42545.15,600,2633000
20221117,09:21:35,42544.05,75,2633000
20221117,09:21:37,42541.00,275,2633000
20221117,09:21:39,42540.00,250,2633000
20221117,09:21:40,42542.60,175,2633000
20221117,09:21:42,42546.00,150,2633000
20221117,09:21:45,42545.20,25,2633000
20221117,09:21:47,42546.20,1075,2633000
20221117,09:21:49,42549.75,75,2633000
20221117,09:21:50,42550.00,250,2633000
20221117,09:21:52,42550.00,1125,2633000
20221117,09:21:54,42549.05,225,2633000
20221117,09:21:55,42550.00,150,2633000
20221117,09:21:57,42549.20,125,2633000
20221117,09:21:59,42547.90,225,2633000
20221117,09:22:00,42545.15,25,2633000
20221117,09:22:02,42550.05,625,2633000
20221117,09:22:04,42550.90,1550,2633000
20221117,09:22:05,42553.10,650,2633000
20221117,09:22:07,42545.00,250,2633000
20221117,09:22:09,42545.40,125,2633000
20221117,09:22:10,42549.20,50,2633000
20221117,09:22:12,42546.05,350,2633000
20221117,09:22:14,42545.05,250,2633000
20221117,09:22:15,42545.40,50,2633000
20221117,09:22:17,42545.45,250,2633000
20221117,09:22:18,42550.00,125,2633000
20221117,09:22:20,42549.90,325,2633000
20221117,09:22:22,42551.95,325,2633000
20221117,09:22:23,42545.05,450,2633000
20221117,09:22:25,42545.20,75,2633000
20221117,09:22:27,42549.05,50,2633000
20221117,09:22:28,42545.20,50,2633000
20221117,09:22:30,42548.70,675,2633000
20221117,09:22:32,42545.00,100,2633000
20221117,09:22:33,42545.00,175,2633000
20221117,09:22:35,42545.25,725,2633000
20221117,09:22:37,42551.70,25,2633000
20221117,09:22:38,42545.45,75,2633000
20221117,09:22:40,42546.00,125,2633000
20221117,09:22:41,42552.15,150,2633000
20221117,09:22:43,42554.80,125,2633000
20221117,09:22:45,42554.80,200,2633000
20221117,09:22:46,42554.80,450,2633000
20221117,09:22:48,42554.95,100,2633000
20221117,09:22:50,42569.40,1700,2633000
20221117,09:22:51,42570.00,700,2633000
20221117,09:22:53,42560.70,100,2633000
20221117,09:22:55,42565.60,150,2633000
20221117,09:22:56,42565.75,125,2633000
20221117,09:22:58,42560.00,300,2633000
20221117,09:23:00,42565.65,75,2633000
20221117,09:23:01,42565.75,75,2633000
20221117,09:23:03,42565.75,400,2633000
20221117,09:23:05,42561.40,150,2633000
20221117,09:23:06,42561.20,25,2633000
20221117,09:23:08,42560.10,550,2633000
20221117,09:23:10,42560.05,75,2633000
20221117,09:23:11,42561.25,225,2633000
20221117,09:23:13,42560.00,175,2633000
20221117,09:23:15,42560.00,450,2633000
20221117,09:23:16,42560.95,50,2633000
20221117,09:23:18,42561.40,50,2633000
20221117,09:23:19,42559.35,750,2633000
20221117,09:23:21,42565.45,250,2633000
20221117,09:23:23,42561.45,25,2633000
20221117,09:23:24,42562.00,25,2633000
20221117,09:23:26,42560.30,175,2633000
20221117,09:23:28,42562.00,25,2633000
20221117,09:23:29,42560.00,25,2633000
20221117,09:23:31,42559.95,500,2633000
20221117,09:23:32,42555.00,50,2642550
20221117,09:23:34,42554.15,200,2642550
20221117,09:23:36,42552.85,150,2642550
20221117,09:23:37,42555.00,100,2642550
20221117,09:23:39,42552.85,100,2642550
20221117,09:23:41,42560.30,725,2642550
20221117,09:23:42,42561.85,300,2642550
20221117,09:23:44,42555.25,150,2642550
20221117,09:23:47,42557.20,25,2642550
20221117,09:23:49,42555.50,50,2642550
20221117,09:23:50,42559.80,175,2642550
20221117,09:23:53,42553.05,50,2642550
20221117,09:23:55,42556.20,350,2642550
20221117,09:23:57,42560.00,250,2642550
20221117,09:23:58,42557.15,50,2642550
20221117,09:24:00,42551.00,125,2642550
20221117,09:24:01,42549.95,1000,2642550
20221117,09:24:03,42551.00,300,2642550
20221117,09:24:05,42547.85,150,2642550
20221117,09:24:06,42551.00,50,2642550
20221117,09:24:08,42549.95,175,2642550
20221117,09:24:10,42544.00,950,2642550
20221117,09:24:11,42542.90,75,2642550
20221117,09:24:13,42540.95,50,2642550
20221117,09:24:15,42544.75,125,2642550
20221117,09:24:16,42540.00,450,2642550
20221117,09:24:18,42541.80,175,2642550
20221117,09:24:20,42546.20,200,2642550
20221117,09:24:21,42542.25,50,2642550
20221117,09:24:23,42545.40,50,2642550
20221117,09:24:24,42541.80,50,2642550
20221117,09:24:28,42540.40,175,2642550
20221117,09:24:29,42541.80,175,2642550
20221117,09:24:33,42540.00,100,2642550
20221117,09:24:34,42540.00,100,2642550
20221117,09:24:36,42542.00,225,2642550
20221117,09:24:37,42540.75,625,2642550
20221117,09:24:39,42541.70,200,2642550
20221117,09:24:42,42545.70,150,2642550
20221117,09:24:44,42545.70,225,2642550
20221117,09:24:45,42543.00,25,2642550
20221117,09:24:47,42541.70,100,2642550
20221117,09:24:50,42543.00,325,2642550
20221117,09:24:52,42540.00,100,2642550
20221117,09:24:54,42537.00,2975,2642550
20221117,09:24:57,42535.00,200,2642550
20221117,09:24:58,42537.05,125,2642550
20221117,09:25:00,42532.35,575,2642550
20221117,09:25:02,42536.00,575,2642550
20221117,09:25:04,42533.85,600,2642550
20221117,09:25:05,42535.45,200,2642550
20221117,09:25:07,42534.80,200,2642550
20221117,09:25:09,42536.00,575,2642550
20221117,09:25:10,42536.45,75,2642550
20221117,09:25:12,42532.70,875,2642550
20221117,09:25:13,42529.80,225,2642550
20221117,09:25:15,42527.75,950,2642550
20221117,09:25:17,42530.15,250,2642550
20221117,09:25:18,42526.50,350,2642550
20221117,09:25:20,42527.25,25,2642550
20221117,09:25:22,42527.20,300,2642550
20221117,09:25:23,42526.90,975,2642550
20221117,09:25:25,42526.85,225,2642550
20221117,09:25:27,42529.80,300,2642550
20221117,09:25:28,42526.90,725,2642550
20221117,09:25:30,42533.60,1250,2642550
20221117,09:25:33,42534.85,50,2642550
20221117,09:25:35,42532.55,175,2642550
20221117,09:25:36,42535.00,250,2642550
20221117,09:25:38,42535.00,25,2642550
20221117,09:25:40,42538.55,25,2642550
20221117,09:25:41,42535.05,275,2642550
20221117,09:25:43,42537.65,25,2642550
20221117,09:25:45,42538.40,150,2642550
20221117,09:25:46,42535.00,275,2642550
20221117,09:25:48,42539.00,725,2642550
20221117,09:25:50,42539.85,475,2642550
20221117,09:25:51,42537.65,425,2642550
20221117,09:25:53,42540.00,450,2642550
20221117,09:25:54,42543.00,100,2642550
20221117,09:25:56,42540.00,175,2642550
20221117,09:25:58,42548.90,225,2642550
20221117,09:25:59,42544.05,125,2642550
20221117,09:26:01,42542.00,150,2642550
20221117,09:26:03,42542.65,225,2642550
20221117,09:26:04,42540.00,150,2642550
20221117,09:26:06,42540.05,75,2642550
20221117,09:26:08,42537.70,1025,2642550
20221117,09:26:09,42533.00,150,2642550
20221117,09:26:11,42534.00,225,2642550
20221117,09:26:12,42531.45,375,2642550
20221117,09:26:14,42540.00,175,2642550
20221117,09:26:16,42532.15,325,2642550
20221117,09:26:17,42530.30,175,2642550
20221117,09:26:19,42530.30,25,2642550
20221117,09:26:21,42530.30,500,2642550
20221117,09:26:22,42528.50,50,2642550
20221117,09:26:24,42527.15,175,2642550
20221117,09:26:25,42531.30,125,2642550
20221117,09:26:27,42530.40,100,2642550
20221117,09:26:29,42531.00,325,2642550
20221117,09:26:30,42531.65,75,2642550
20221117,09:26:32,42529.80,50,2644625
20221117,09:26:33,42529.80,50,2644625
20221117,09:26:35,42530.30,125,2644625
20221117,09:26:37,42525.95,175,2644625
20221117,09:26:38,42525.00,200,2644625
20221117,09:26:40,42534.95,150,2644625
20221117,09:26:41,42528.80,625,2644625
20221117,09:26:43,42526.75,425,2644625
20221117,09:26:45,42527.60,200,2644625
20221117,09:26:46,42525.35,300,2644625
20221117,09:26:48,42528.00,375,2644625
20221117,09:26:49,42529.80,225,2644625
20221117,09:26:51,42529.65,100,2644625
20221117,09:26:52,42529.80,25,2644625
20221117,09:26:54,42529.65,250,2644625
20221117,09:26:56,42534.70,275,2644625
20221117,09:26:57,42527.20,50,2644625
20221117,09:26:59,42531.65,50,2644625
20221117,09:27:01,42532.10,50,2644625
20221117,09:27:02,42533.25,250,2644625
20221117,09:27:04,42531.05,200,2644625
20221117,09:27:06,42525.55,2225,2644625
20221117,09:27:07,42530.00,175,2644625
20221117,09:27:09,42530.85,100,2644625
20221117,09:27:10,42536.00,100,2644625
20221117,09:27:12,42529.55,75,2644625
20221117,09:27:15,42535.90,150,2644625
20221117,09:27:17,42535.50,175,2644625
20221117,09:27:18,42533.95,100,2644625
20221117,09:27:20,42534.95,125,2644625
20221117,09:27:21,42528.55,375,2644625
20221117,09:27:23,42526.95,50,2644625
20221117,09:27:26,42532.50,100,2644625
20221117,09:27:28,42530.05,300,2644625
20221117,09:27:29,42534.95,125,2644625
20221117,09:27:31,42534.95,450,2644625
20221117,09:27:33,42527.10,25,2644625
20221117,09:27:34,42535.95,300,2644625
20221117,09:27:36,42527.60,475,2644625
20221117,09:27:40,42535.00,500,2644625
20221117,09:27:42,42535.40,100,2644625
20221117,09:27:44,42528.50,325,2644625
20221117,09:27:45,42529.10,50,2644625
20221117,09:27:47,42527.10,25,2644625
20221117,09:27:48,42525.95,50,2644625
20221117,09:27:50,42528.85,225,2644625
20221117,09:27:52,42527.50,75,2644625
20221117,09:27:57,42529.80,275,2644625
20221117,09:27:58,42533.45,25,2644625
20221117,09:28:00,42533.55,25,2644625
20221117,09:28:01,42530.30,50,2644625
20221117,09:28:03,42530.35,25,2644625
20221117,09:28:07,42530.10,25,2644625
20221117,09:28:09,42529.85,550,2644625
20221117,09:28:12,42530.50,100,2644625
20221117,09:28:13,42533.40,50,2644625
20221117,09:28:15,42534.00,275,2644625
20221117,09:28:17,42529.60,125,2644625
20221117,09:28:18,42533.45,25,2644625
20221117,09:28:20,42537.70,400,2644625
20221117,09:28:21,42537.60,25,2644625
20221117,09:28:23,42533.85,750,2644625
20221117,09:28:25,42535.70,125,2644625
20221117,09:28:26,42535.90,75,2644625
20221117,09:28:28,42536.60,275,2644625
20221117,09:28:29,42538.25,175,2644625
20221117,09:28:33,42540.00,150,2644625
20221117,09:28:34,42542.00,50,2644625
20221117,09:28:36,42544.85,25,2644625
20221117,09:28:38,42542.00,225,2644625
20221117,09:28:39,42541.05,100,2644625
20221117,09:28:41,42542.05,150,2644625
20221117,09:28:42,42549.80,400,2644625
20221117,09:28:47,42548.00,125,2644625
20221117,09:28:49,42545.70,25,2644625
20221117,09:28:52,42549.80,25,2644625
20221117,09:28:54,42545.75,25,2644625
20221117,09:28:55,42545.70,125,2644625
20221117,09:28:57,42545.70,175,2644625
20221117,09:28:59,42545.70,50,2644625
20221117,09:29:00,42547.25,275,2644625
20221117,09:29:02,42549.85,125,2644625
20221117,09:29:04,42545.60,100,2644625
20221117,09:29:05,42544.05,1100,2644625
20221117,09:29:07,42548.95,50,2644625
20221117,09:29:08,42549.80,150,2644625
20221117,09:29:10,42545.45,425,2644625
20221117,09:29:11,42548.35,150,2644625
20221117,09:29:13,42544.25,150,2644625
20221117,09:29:15,42542.80,50,2644625
20221117,09:29:16,42541.40,150,2644625
20221117,09:29:19,42545.65,50,2644625
20221117,09:29:21,42546.65,50,2644625
20221117,09:29:23,42536.00,150,2644625
20221117,09:29:24,42535.70,25,2644625
20221117,09:29:26,42535.70,275,2644625
20221117,09:29:31,42539.80,200,2644625
20221117,09:29:33,42543.60,450,2646375
20221117,09:29:34,42540.00,200,2646375
20221117,09:29:36,42543.95,50,2646375
20221117,09:29:38,42536.50,100,2646375
20221117,09:29:39,42536.45,25,2646375
20221117,09:29:41,42536.40,25,2646375
20221117,09:29:44,42540.95,50,2646375
20221117,09:29:45,42537.40,25,2646375
20221117,09:29:47,42540.00,25,2646375
20221117,09:29:48,42537.70,50,2646375
20221117,09:29:52,42539.70,400,2646375
20221117,09:29:53,42539.65,150,2646375
20221117,09:29:55,42535.00,175,2646375
20221117,09:29:57,42533.90,100,2646375
20221117,09:29:58,42540.25,125,2646375
20221117,09:30:00,42540.95,775,2646375
20221117,09:30:02,42539.10,250,2646375
20221117,09:30:03,42545.15,375,2646375
20221117,09:30:05,42540.00,700,2646375
20221117,09:30:06,42546.05,250,2646375
20221117,09:30:08,42546.05,2000,2646375
20221117,09:30:10,42545.00,300,2646375
20221117,09:30:11,42537.20,150,2646375
20221117,09:30:13,42543.75,100,2646375
20221117,09:30:15,42542.45,50,2646375
20221117,09:30:16,42542.75,175,2646375
20221117,09:30:18,42543.65,50,2646375
20221117,09:30:20,42540.10,100,2646375
20221117,09:30:21,42547.35,300,2646375
20221117,09:30:23,42541.00,50,2646375
20221117,09:30:24,42540.90,25,2646375
20221117,09:30:26,42544.85,25,2646375
20221117,09:30:28,42541.00,50,2646375
20221117,09:30:29,42544.80,125,2646375
20221117,09:30:32,42537.30,150,2646375
20221117,09:30:34,42544.35,150,2646375
20221117,09:30:36,42541.00,250,2646375
20221117,09:30:39,42539.00,700,2646375
20221117,09:30:42,42538.95,400,2646375
20221117,09:30:44,42537.90,50,2646375
20221117,09:30:45,42535.00,125,2646375
20221117,09:30:47,42535.00,75,2646375
20221117,09:30:48,42535.00,200,2646375
20221117,09:30:50,42537.95,25,2646375
20221117,09:30:52,42535.00,150,2646375
20221117,09:30:53,42535.00,125,2646375
20221117,09:30:56,42532.70,200,2646375
20221117,09:30:58,42531.85,25,2646375
20221117,09:30:59,42531.00,175,2646375
20221117,09:31:01,42528.30,450,2646375
20221117,09:31:03,42528.30,150,2646375
20221117,09:31:04,42531.60,100,2646375
20221117,09:31:06,42526.00,150,2646375
20221117,09:31:07,42526.30,100,2646375
20221117,09:31:09,42531.75,150,2646375
20221117,09:31:10,42531.85,50,2646375
20221117,09:31:12,42526.55,125,2646375
20221117,09:31:14,42529.00,125,2646375
20221117,09:31:15,42528.35,25,2646375
20221117,09:31:17,42531.15,50,2646375
20221117,09:31:20,42532.35,25,2646375
20221117,09:31:21,42527.50,125,2646375
20221117,09:31:23,42530.00,225,2646375
20221117,09:31:26,42527.35,125,2646375
20221117,09:31:28,42526.50,25,2646375
20221117,09:31:29,42527.50,75,2646375
20221117,09:31:31,42530.15,200,2646375
20221117,09:31:34,42529.00,75,2646375
20221117,09:31:36,42530.45,150,2646375
20221117,09:31:39,42528.00,150,2646375
20221117,09:31:41,42528.00,175,2646375
20221117,09:31:42,42527.95,100,2646375
20221117,09:31:44,42527.90,150,2646375
20221117,09:31:46,42527.60,150,2646375
20221117,09:31:47,42528.05,150,2646375
20221117,09:31:52,42530.35,25,2646375
20221117,09:31:54,42530.00,100,2646375
20221117,09:31:55,42528.60,75,2646375
20221117,09:31:57,42530.45,25,2646375
20221117,09:31:58,42528.85,25,2646375
20221117,09:32:00,42530.45,50,2646375
20221117,09:32:01,42530.40,75,2646375
20221117,09:32:03,42536.10,450,2646375
20221117,09:32:05,42532.40,125,2646375
20221117,09:32:06,42530.40,125,2646375
20221117,09:32:08,42536.15,75,2646375
20221117,09:32:09,42536.60,25,2646375
20221117,09:32:11,42537.95,175,2646375
20221117,09:32:13,42537.50,150,2646375
20221117,09:32:14,42535.55,100,2646375
20221117,09:32:16,42537.95,175,2646375
20221117,09:32:18,42542.00,25,2646375
20221117,09:32:19,42541.05,150,2646375
20221117,09:32:21,42541.25,150,2646375
20221117,09:32:23,42540.05,100,2646375
20221117,09:32:24,42540.75,200,2646375
20221117,09:32:26,42541.45,125,2646375
20221117,09:32:28,42541.15,200,2646375
20221117,09:32:31,42539.10,75,2646375
20221117,09:32:33,42536.45,125,2646375
20221117,09:32:34,42539.60,2025,2644725
20221117,09:32:36,42541.05,25,2644725
20221117,09:32:38,42537.30,100,2644725
20221117,09:32:39,42542.10,125,2644725
20221117,09:32:41,42540.40,50,2644725
20221117,09:32:42,42540.60,225,2644725
20221117,09:32:44,42542.50,75,2644725
20221117,09:32:46,42545.00,75,2644725
20221117,09:32:47,42544.00,25,2644725
20221117,09:32:49,42540.00,575,2644725
20221117,09:32:51,42539.95,250,2644725
20221117,09:32:52,42542.45,600,2644725
20221117,09:32:54,42544.00,75,2644725
20221117,09:32:55,42541.20,75,2644725
20221117,09:32:57,42542.45,50,2644725
20221117,09:32:59,42547.40,575,2644725
20221117,09:33:00,42546.05,25,2644725
20221117,09:33:02,42550.00,1125,2644725
20221117,09:33:04,42547.00,200,2644725
20221117,09:33:05,42550.00,275,2644725
20221117,09:33:07,42553.05,475,2644725
20221117,09:33:09,42555.25,50,2644725
20221117,09:33:10,42556.95,100,2644725
20221117,09:33:12,42556.70,500,2644725
20221117,09:33:14,42555.00,50,2644725
20221117,09:33:15,42558.75,225,2644725
20221117,09:33:17,42553.65,175,2644725
20221117,09:33:18,42553.55,950,2644725
20221117,09:33:20,42553.35,50,2644725
20221117,09:33:22,42553.00,200,2644725
20221117,09:33:23,42550.95,150,2644725
20221117,09:33:25,42552.25,75,2644725
20221117,09:33:27,42556.75,50,2644725
20221117,09:33:28,42563.85,1525,2644725
20221117,09:33:30,42557.00,25,2644725
20221117,09:33:31,42564.90,400,2644725
20221117,09:33:33,42580.00,4325,2644725
20221117,09:33:35,42583.90,1225,2644725
20221117,09:33:36,42573.00,250,2644725
20221117,09:33:38,42575.35,375,2644725
20221117,09:33:40,42580.45,500,2644725
20221117,09:33:41,42573.05,225,2644725
20221117,09:33:43,42574.00,200,2644725
20221117,09:33:45,42577.00,175,2644725
20221117,09:33:46,42573.00,325,2644725
20221117,09:33:48,42572.05,275,2644725
20221117,09:33:49,42579.10,1275,2644725
20221117,09:33:51,42573.00,75,2644725
20221117,09:33:53,42575.15,250,2644725
20221117,09:33:54,42575.00,225,2644725
20221117,09:33:56,42575.00,225,2644725
20221117,09:33:58,42575.00,275,2644725
20221117,09:33:59,42571.20,50,2644725
20221117,09:34:01,42573.90,775,2644725
20221117,09:34:03,42577.70,450,2644725
20221117,09:34:04,42573.45,550,2644725
20221117,09:34:06,42573.05,400,2644725
20221117,09:34:08,42573.85,650,2644725
20221117,09:34:09,42575.85,1775,2644725
20221117,09:34:11,42574.60,625,2644725
20221117,09:34:13,42571.60,300,2644725
20221117,09:34:14,42573.90,75,2644725
20221117,09:34:16,42567.45,75,2644725
20221117,09:34:17,42569.65,300,2644725
20221117,09:34:19,42573.65,475,2644725
20221117,09:34:21,42569.65,100,2644725
20221117,09:34:22,42568.95,25,2644725
20221117,09:34:24,42575.65,50,2644725
20221117,09:34:25,42575.15,225,2644725
20221117,09:34:27,42578.60,50,2644725
20221117,09:34:29,42577.10,100,2644725
20221117,09:34:30,42578.00,325,2644725
20221117,09:34:32,42570.75,125,2644725
20221117,09:34:34,42574.50,100,2644725
20221117,09:34:35,42572.95,125,2644725
20221117,09:34:37,42573.00,175,2644725
20221117,09:34:40,42573.05,75,2644725
20221117,09:34:42,42573.05,75,2644725
20221117,09:34:43,42574.95,125,2644725
20221117,09:34:45,42579.00,1025,2644725
20221117,09:34:47,42580.00,225,2644725
20221117,09:34:48,42580.00,175,2644725
20221117,09:34:50,42578.95,50,2644725
20221117,09:34:53,42573.95,125,2644725
20221117,09:34:55,42573.15,400,2644725
20221117,09:34:57,42577.80,675,2644725
20221117,09:34:58,42573.95,800,2644725
20221117,09:35:00,42577.75,75,2644725
20221117,09:35:02,42579.95,800,2644725
20221117,09:35:03,42589.65,1550,2644725
20221117,09:35:05,42591.00,1725,2644725
20221117,09:35:07,42585.65,850,2644725
20221117,09:35:08,42587.05,325,2644725
20221117,09:35:10,42581.45,1150,2644725
20221117,09:35:12,42585.55,175,2644725
20221117,09:35:13,42589.85,125,2644725
20221117,09:35:15,42591.30,250,2644725
20221117,09:35:17,42591.30,575,2644725
20221117,09:35:18,42582.45,200,2644725
20221117,09:35:20,42587.50,575,2644725
20221117,09:35:22,42587.15,250,2644725
20221117,09:35:23,42582.30,300,2644725
20221117,09:35:25,42585.05,225,2644725
20221117,09:35:27,42585.25,75,2644725
20221117,09:35:28,42576.95,500,2644725
20221117,09:35:30,42577.10,50,2644725
20221117,09:35:32,42575.85,25,2644725
20221117,09:35:35,42570.00,250,2644725
20221117,09:35:37,42570.00,50,2653550
20221117,09:35:38,42568.35,100,2653550
20221117,09:35:40,42574.75,75,2653550
20221117,09:35:41,42574.45,450,2653550
20221117,09:35:45,42574.75,125,2653550
20221117,09:35:46,42573.50,75,2653550
20221117,09:35:48,42573.65,50,2653550
20221117,09:35:50,42572.00,150,2653550
20221117,09:35:51,42575.00,125,2653550
20221117,09:35:53,42576.50,525,2653550
20221117,09:35:55,42577.75,250,2653550
20221117,09:35:56,42571.90,25,2653550
20221117,09:35:58,42575.60,75,2653550
20221117,09:35:59,42570.75,75,2653550
20221117,09:36:03,42572.15,150,2653550
20221117,09:36:04,42575.00,150,2653550
20221117,09:36:06,42575.15,200,2653550
20221117,09:36:08,42575.35,125,2653550
20221117,09:36:09,42575.00,350,2653550
20221117,09:36:11,42571.45,25,2653550
20221117,09:36:12,42570.00,150,2653550
20221117,09:36:14,42573.70,100,2653550
20221117,09:36:16,42567.60,225,2653550
20221117,09:36:17,42571.40,75,2653550
20221117,09:36:19,42571.45,75,2653550
20221117,09:36:20,42567.60,25,2653550
20221117,09:36:22,42568.20,50,2653550
20221117,09:36:23,42572.00,400,2653550
20221117,09:36:25,42570.30,200,2653550
20221117,09:36:26,42571.00,50,2653550
20221117,09:36:28,42571.25,100,2653550
20221117,09:36:31,42571.55,25,2653550
20221117,09:36:33,42570.00,275,2653550
20221117,09:36:34,42572.15,100,2653550
20221117,09:36:38,42575.60,400,2653550
20221117,09:36:39,42578.90,325,2653550
20221117,09:36:41,42588.00,275,2653550
20221117,09:36:42,42591.00,600,2653550
20221117,09:36:44,42589.85,450,2653550
20221117,09:36:46,42591.40,925,2653550
20221117,09:36:47,42592.00,25,2653550
20221117,09:36:49,42595.00,350,2653550
20221117,09:36:51,42592.55,75,2653550
20221117,09:36:52,42594.70,275,2653550
20221117,09:36:54,42596.00,300,2653550
20221117,09:36:56,42590.15,150,2653550
20221117,09:36:57,42588.85,75,2653550
20221117,09:36:59,42592.15,400,2653550
20221117,09:37:01,42595.00,150,2653550
20221117,09:37:02,42594.95,175,2653550
20221117,09:37:04,42592.65,75,2653550
20221117,09:37:06,42595.00,375,2653550
20221117,09:37:07,42592.70,100,2653550
20221117,09:37:09,42596.60,425,2653550
20221117,09:37:11,42596.80,150,2653550
20221117,09:37:12,42598.70,550,2653550
20221117,09:37:14,42598.70,150,2653550
20221117,09:37:16,42598.00,25,2653550
20221117,09:37:17,42592.90,850,2653550
20221117,09:37:19,42592.75,125,2653550
20221117,09:37:22,42590.00,400,2653550
20221117,09:37:24,42594.80,125,2653550
20221117,09:37:25,42590.15,100,2653550
20221117,09:37:27,42593.00,25,2653550
20221117,09:37:29,42593.00,50,2653550
20221117,09:37:30,42590.10,25,2653550
20221117,09:37:32,42590.05,75,2653550
20221117,09:37:34,42593.00,100,2653550
20221117,09:37:35,42593.00,225,2653550
20221117,09:37:37,42581.00,475,2653550
20221117,09:37:39,42583.75,450,2653550
20221117,09:37:40,42586.90,200,2653550
20221117,09:37:42,42582.65,75,2653550
20221117,09:37:44,42584.35,75,2653550
20221117,09:37:45,42590.00,25,2653550
20221117,09:37:47,42584.15,75,2653550
20221117,09:37:49,42590.00,25,2653550
20221117,09:37:50,42583.00,150,2653550
20221117,09:37:52,42583.75,100,2653550
20221117,09:37:54,42590.05,50,2653550
20221117,09:37:55,42590.20,150,2653550
20221117,09:37:57,42590.70,125,2653550
20221117,09:37:59,42589.85,200,2653550
20221117,09:38:00,42590.00,325,2653550
20221117,09:38:02,42590.00,100,2653550
20221117,09:38:03,42592.95,225,2653550
20221117,09:38:05,42588.85,150,2653550
20221117,09:38:07,42590.10,175,2653550
20221117,09:38:08,42589.85,75,2653550
20221117,09:38:12,42587.35,200,2653550
20221117,09:38:13,42593.00,200,2653550
20221117,09:38:15,42590.00,50,2653550
20221117,09:38:17,42593.55,25,2653550
20221117,09:38:18,42593.35,350,2653550
20221117,09:38:20,42598.00,300,2653550
20221117,09:38:22,42595.60,225,2653550
20221117,09:38:23,42592.95,25,2653550
20221117,09:38:25,42590.05,125,2653550
20221117,09:38:27,42589.85,25,2653550
20221117,09:38:28,42592.75,125,2653550
20221117,09:38:32,42592.75,175,2653550
20221117,09:38:33,42592.75,225,2659525
20221117,09:38:35,42592.75,50,2659525
20221117,09:38:38,42591.40,50,2659525
20221117,09:38:40,42591.70,100,2659525
20221117,09:38:42,42590.00,50,2659525
20221117,09:38:43,42590.00,50,2659525
20221117,09:38:45,42585.00,200,2659525
20221117,09:38:50,42589.15,50,2659525
20221117,09:38:51,42587.45,75,2659525
20221117,09:38:53,42590.00,50,2659525
20221117,09:38:55,42587.90,25,2659525
20221117,09:38:56,42588.05,125,2659525
20221117,09:39:00,42590.00,75,2659525
20221117,09:39:01,42589.95,450,2659525
20221117,09:39:03,42589.10,775,2659525
20221117,09:39:04,42579.45,1250,2659525
20221117,09:39:06,42581.35,25,2659525
20221117,09:39:08,42585.10,25,2659525
20221117,09:39:09,42587.40,50,2659525
20221117,09:39:11,42583.00,50,2659525
20221117,09:39:13,42585.05,50,2659525
20221117,09:39:14,42584.30,25,2659525
20221117,09:39:16,42584.30,25,2659525
20221117,09:39:18,42584.30,175,2659525
20221117,09:39:19,42587.55,100,2659525
20221117,09:39:21,42588.00,175,2659525
20221117,09:39:22,42588.00,100,2659525
20221117,09:39:24,42588.15,850,2659525
20221117,09:39:26,42583.85,75,2659525
20221117,09:39:27,42588.10,50,2659525
20221117,09:39:29,42581.50,25,2659525
20221117,09:39:32,42584.60,75,2659525
20221117,09:39:33,42584.95,75,2659525
20221117,09:39:35,42587.75,25,2659525
20221117,09:39:36,42582.85,75,2659525
20221117,09:39:38,42586.95,50,2659525
20221117,09:39:39,42588.25,125,2659525
20221117,09:39:41,42581.75,100,2659525
20221117,09:39:43,42581.00,75,2659525
20221117,09:39:44,42584.00,25,2659525
20221117,09:39:46,42584.00,150,2659525
20221117,09:39:49,42580.00,50,2659525
20221117,09:39:50,42584.00,50,2659525
20221117,09:39:52,42587.55,150,2659525
20221117,09:39:54,42584.15,50,2659525
20221117,09:39:55,42587.70,25,2659525
20221117,09:39:57,42584.00,75,2659525
20221117,09:40:00,42585.80,25,2659525
20221117,09:40:02,42585.35,25,2659525
20221117,09:40:03,42579.00,250,2659525
20221117,09:40:05,42580.45,250,2659525
20221117,09:40:07,42578.00,150,2659525
20221117,09:40:08,42578.90,50,2659525
20221117,09:40:10,42577.30,400,2659525
20221117,09:40:12,42577.45,50,2659525
20221117,09:40:13,42580.00,25,2659525
20221117,09:40:15,42584.00,25,2659525
20221117,09:40:17,42580.00,75,2659525
20221117,09:40:18,42584.10,775,2659525
20221117,09:40:20,42578.90,100,2659525
20221117,09:40:22,42582.05,100,2659525
20221117,09:40:23,42586.75,125,2659525
20221117,09:40:25,42586.70,100,2659525
20221117,09:40:27,42585.90,25,2659525
20221117,09:40:28,42587.95,100,2659525
20221117,09:40:30,42587.45,50,2659525
20221117,09:40:31,42588.00,125,2659525
20221117,09:40:33,42582.65,125,2659525
20221117,09:40:35,42581.95,50,2659525
20221117,09:40:36,42587.70,175,2659525
20221117,09:40:38,42589.00,125,2659525
20221117,09:40:40,42582.00,100,2659525
20221117,09:40:41,42587.65,25,2659525
20221117,09:40:43,42581.85,75,2659525
20221117,09:40:46,42582.05,125,2659525
20221117,09:40:48,42586.55,75,2659525
20221117,09:40:53,42586.55,75,2659525
20221117,09:40:55,42581.10,75,2659525
20221117,09:40:56,42580.55,50,2659525
20221117,09:41:03,42582.00,100,2659525
20221117,09:41:06,42580.00,100,2659525
20221117,09:41:08,42580.60,125,2659525
20221117,09:41:10,42581.00,150,2659525
20221117,09:41:11,42581.20,25,2659525
20221117,09:41:13,42581.20,100,2659525
20221117,09:41:15,42574.05,125,2659525
20221117,09:41:18,42576.90,100,2659525
20221117,09:41:20,42576.95,25,2659525
20221117,09:41:21,42575.10,25,2659525
20221117,09:41:23,42575.60,150,2659525
20221117,09:41:25,42576.85,75,2659525
20221117,09:41:28,42580.00,150,2659525
20221117,09:41:30,42575.05,75,2659525
20221117,09:41:31,42572.85,75,2659525
20221117,09:41:33,42573.25,175,2659525
20221117,09:41:35,42572.60,150,2661575
20221117,09:41:36,42572.20,75,2661575
20221117,09:41:38,42570.00,225,2661575
20221117,09:41:40,42570.05,100,2661575
20221117,09:41:41,42571.85,50,2661575
20221117,09:41:43,42573.70,75,2661575
20221117,09:41:44,42570.05,50,2661575
20221117,09:41:46,42573.75,50,2661575
20221117,09:41:48,42573.80,25,2661575
20221117,09:41:49,42577.80,350,2661575
20221117,09:41:58,42578.95,50,2661575
20221117,09:41:59,42579.05,525,2661575
20221117,09:42:03,42582.00,25,2661575
20221117,09:42:04,42581.05,50,2661575
20221117,09:42:06,42585.00,300,2661575
20221117,09:42:08,42585.00,25,2661575
20221117,09:42:09,42583.45,125,2661575
20221117,09:42:11,42580.50,75,2661575
20221117,09:42:13,42580.55,25,2661575
20221117,09:42:14,42585.45,350,2661575
20221117,09:42:16,42589.60,25,2661575
20221117,09:42:19,42585.35,400,2661575
20221117,09:42:21,42585.30,750,2661575
20221117,09:42:22,42590.50,225,2661575
20221117,09:42:24,42585.15,600,2661575
20221117,09:42:26,42583.60,100,2661575
20221117,09:42:27,42580.05,300,2661575
20221117,09:42:29,42580.00,400,2661575
20221117,09:42:31,42575.20,475,2661575
20221117,09:42:34,42580.00,800,2661575
20221117,09:42:35,42577.75,25,2661575
20221117,09:42:39,42577.60,2500,2661575
20221117,09:42:41,42579.20,75,2661575
20221117,09:42:42,42578.30,50,2661575
20221117,09:42:44,42582.55,75,2661575
20221117,09:42:45,42578.40,25,2661575
20221117,09:42:47,42585.00,300,2661575
20221117,09:42:49,42588.60,775,2661575
20221117,09:42:52,42585.15,125,2661575
20221117,09:42:53,42588.60,75,2661575
20221117,09:42:55,42583.60,75,2661575
20221117,09:42:58,42583.60,175,2661575
20221117,09:43:00,42582.40,375,2661575
20221117,09:43:01,42578.75,25,2661575
20221117,09:43:03,42575.00,100,2661575
20221117,09:43:05,42578.15,325,2661575
20221117,09:43:08,42571.00,175,2661575
20221117,09:43:10,42573.00,25,2661575
20221117,09:43:11,42573.00,25,2661575
20221117,09:43:13,42571.95,175,2661575
20221117,09:43:14,42573.35,125,2661575
20221117,09:43:16,42572.80,25,2661575
20221117,09:43:17,42576.50,50,2661575
20221117,09:43:19,42573.75,25,2661575
20221117,09:43:20,42574.05,50,2661575
20221117,09:43:22,42578.00,25,2661575
20221117,09:43:25,42577.45,200,2661575
20221117,09:43:27,42578.00,150,2661575
20221117,09:43:28,42576.50,100,2661575
20221117,09:43:30,42573.10,175,2661575
20221117,09:43:31,42573.25,50,2661575
20221117,09:43:36,42575.00,150,2661575
20221117,09:43:38,42575.00,25,2661575
20221117,09:43:39,42570.95,250,2661575
20221117,09:43:40,42570.95,50,2661575
20221117,09:43:42,42568.70,625,2661575
20221117,09:43:45,42574.35,100,2661575
20221117,09:43:47,42573.00,75,2661575
20221117,09:43:48,42575.00,100,2661575
20221117,09:43:50,42575.00,50,2661575
20221117,09:43:52,42570.65,50,2661575
20221117,09:43:53,42575.00,125,2661575
20221117,09:43:56,42573.00,475,2661575
20221117,09:43:58,42578.10,25,2661575
20221117,09:44:01,42574.00,175,2661575
20221117,09:44:04,42572.85,75,2661575
20221117,09:44:09,42578.10,50,2661575
20221117,09:44:11,42574.20,25,2661575
20221117,09:44:12,42576.40,125,2661575
20221117,09:44:14,42580.00,100,2661575
20221117,09:44:15,42577.45,150,2661575
20221117,09:44:17,42579.90,350,2661575
20221117,09:44:19,42583.65,175,2661575
20221117,09:44:25,42580.05,25,2661575
20221117,09:44:29,42583.45,75,2661575
20221117,09:44:31,42584.70,100,2661575
20221117,09:44:32,42585.00,25,2661575
20221117,09:44:39,42585.00,50,2668175
20221117,09:44:40,42580.95,50,2668175
20221117,09:44:42,42580.00,150,2668175
20221117,09:44:44,42580.00,25,2668175
20221117,09:44:45,42580.00,25,2668175
20221117,09:44:47,42578.15,25,2668175
20221117,09:44:52,42580.00,100,2668175
20221117,09:44:53,42580.00,25,2668175
20221117,09:44:55,42580.00,100,2668175
20221117,09:44:57,42575.00,500,2668175
20221117,09:44:58,42578.80,225,2668175
20221117,09:45:00,42570.00,500,2668175
20221117,09:45:02,42568.85,1225,2668175
20221117,09:45:03,42569.70,450,2668175
20221117,09:45:05,42569.00,50,2668175
20221117,09:45:07,42567.45,525,2668175
20221117,09:45:08,42569.00,300,2668175
20221117,09:45:10,42568.00,550,2668175
20221117,09:45:11,42569.00,825,2668175
20221117,09:45:13,42569.70,125,2668175
20221117,09:45:15,42565.00,1125,2668175
20221117,09:45:16,42566.55,100,2668175
20221117,09:45:18,42560.30,1125,2668175
20221117,09:45:20,42560.00,175,2668175
20221117,09:45:21,42557.15,375,2668175
20221117,09:45:23,42559.20,525,2668175
20221117,09:45:25,42559.30,300,2668175
20221117,09:45:26,42563.40,150,2668175
20221117,09:45:28,42555.65,275,2668175
20221117,09:45:30,42556.05,125,2668175
20221117,09:45:31,42556.00,150,2668175
20221117,09:45:33,42551.20,375,2668175
20221117,09:45:35,42555.35,300,2668175
20221117,09:45:36,42551.60,225,2668175
20221117,09:45:38,42556.15,475,2668175
20221117,09:45:39,42555.35,200,2668175
20221117,09:45:41,42551.10,975,2668175
20221117,09:45:43,42550.35,350,2668175
20221117,09:45:44,42551.35,175,2668175
20221117,09:45:46,42551.55,475,2668175
20221117,09:45:48,42553.15,350,2668175
20221117,09:45:49,42553.15,325,2668175
20221117,09:45:51,42557.65,2025,2668175
20221117,09:45:52,42557.15,250,2668175
20221117,09:45:54,42556.80,175,2668175
20221117,09:45:56,42556.10,600,2668175
20221117,09:45:57,42560.00,225,2668175
20221117,09:45:59,42556.85,1525,2668175
20221117,09:46:01,42555.35,250,2668175
20221117,09:46:02,42555.95,75,2668175
20221117,09:46:04,42551.70,300,2668175
20221117,09:46:06,42550.00,325,2668175
20221117,09:46:07,42551.35,325,2668175
20221117,09:46:09,42550.00,100,2668175
20221117,09:46:10,42549.00,1050,2668175
20221117,09:46:12,42545.00,200,2668175
20221117,09:46:14,42544.00,150,2668175
20221117,09:46:15,42544.00,75,2668175
20221117,09:46:17,42546.70,500,2668175
20221117,09:46:19,42545.25,225,2668175
20221117,09:46:20,42550.00,1250,2668175
20221117,09:46:22,42544.10,1000,2668175
20221117,09:46:24,42545.95,500,2668175
20221117,09:46:25,42546.20,100,2668175
20221117,09:46:27,42543.00,250,2668175
20221117,09:46:29,42547.85,275,2668175
20221117,09:46:30,42547.20,850,2668175
20221117,09:46:32,42547.05,525,2668175
20221117,09:46:34,42547.70,150,2668175
20221117,09:46:35,42550.00,400,2668175
20221117,09:46:37,42549.60,2825,2668175
20221117,09:46:39,42550.40,425,2668175
20221117,09:46:40,42549.20,100,2668175
20221117,09:46:42,42548.05,100,2668175
20221117,09:46:43,42547.30,225,2668175
20221117,09:46:45,42548.50,50,2668175
20221117,09:46:47,42547.35,75,2668175
20221117,09:46:48,42550.00,2375,2668175
20221117,09:46:50,42551.60,350,2668175
20221117,09:46:51,42551.05,225,2668175
20221117,09:46:53,42550.25,50,2668175
20221117,09:46:54,42548.85,275,2668175
20221117,09:46:56,42551.50,700,2668175
20221117,09:46:58,42551.10,150,2668175
20221117,09:46:59,42549.15,50,2668175
20221117,09:47:01,42550.25,250,2668175
20221117,09:47:02,42545.20,325,2668175
20221117,09:47:04,42547.85,25,2668175
20221117,09:47:06,42544.00,125,2668175
20221117,09:47:07,42547.65,350,2668175
20221117,09:47:09,42543.60,350,2668175
20221117,09:47:11,42545.25,150,2668175
20221117,09:47:12,42547.85,850,2668175
20221117,09:47:14,42546.05,100,2668175
20221117,09:47:15,42553.05,1725,2668175
20221117,09:47:17,42553.05,75,2668175
20221117,09:47:19,42548.05,575,2668175
20221117,09:47:20,42548.10,25,2668175
20221117,09:47:22,42550.10,225,2668175
20221117,09:47:24,42550.10,200,2668175
20221117,09:47:25,42550.95,225,2668175
20221117,09:47:27,42550.55,250,2668175
20221117,09:47:28,42549.95,150,2668175
20221117,09:47:30,42548.75,275,2668175
20221117,09:47:31,42550.95,125,2668175
20221117,09:47:33,42548.00,150,2668175
20221117,09:47:34,42551.10,200,2668175
20221117,09:47:36,42550.00,150,2670500
20221117,09:47:37,42551.00,125,2670500
20221117,09:47:39,42548.55,100,2670500
20221117,09:47:40,42548.65,75,2670500
20221117,09:47:42,42548.95,350,2670500
20221117,09:47:44,42550.00,275,2670500
20221117,09:47:45,42549.90,75,2670500
20221117,09:47:47,42548.10,225,2670500
20221117,09:47:48,42549.30,125,2670500
20221117,09:47:50,42549.75,25,2670500
20221117,09:47:51,42549.50,50,2670500
20221117,09:47:53,42548.00,225,2670500
20221117,09:47:54,42544.50,175,2670500
20221117,09:47:56,42544.40,25,2670500
20221117,09:47:57,42545.55,25,2670500
20221117,09:47:59,42544.45,25,2670500
20221117,09:48:00,42543.45,50,2670500
20221117,09:48:03,42537.25,650,2670500
20221117,09:48:05,42539.25,75,2670500
20221117,09:48:06,42539.75,100,2670500
20221117,09:48:08,42536.00,325,2670500
20221117,09:48:10,42542.00,350,2670500
20221117,09:48:11,42543.80,500,2670500
20221117,09:48:13,42548.50,250,2670500
20221117,09:48:14,42542.50,325,2670500
20221117,09:48:16,42545.00,100,2670500
20221117,09:48:18,42546.95,150,2670500
20221117,09:48:19,42548.50,100,2670500
20221117,09:48:21,42548.50,150,2670500
20221117,09:48:22,42550.00,325,2670500
20221117,09:48:24,42551.00,650,2670500
20221117,09:48:26,42555.00,375,2670500
20221117,09:48:27,42555.75,225,2670500
20221117,09:48:29,42558.70,150,2670500
20221117,09:48:30,42556.65,150,2670500
20221117,09:48:32,42556.35,75,2670500
20221117,09:48:34,42552.35,25,2670500
20221117,09:48:35,42557.15,300,2670500
20221117,09:48:37,42548.70,400,2670500
20221117,09:48:38,42548.75,25,2670500
20221117,09:48:40,42550.00,75,2670500
20221117,09:48:42,42552.00,425,2670500
20221117,09:48:45,42551.20,175,2670500
20221117,09:48:47,42556.35,50,2670500
20221117,09:48:48,42557.00,50,2670500
20221117,09:48:50,42558.00,100,2670500
20221117,09:48:51,42558.00,75,2670500
20221117,09:48:53,42558.90,175,2670500
20221117,09:48:55,42553.60,2150,2670500
20221117,09:48:56,42556.35,125,2670500
20221117,09:48:58,42553.45,50,2670500
20221117,09:49:00,42558.45,50,2670500
20221117,09:49:03,42556.35,25,2670500
20221117,09:49:04,42554.20,75,2670500
20221117,09:49:06,42553.35,150,2670500
20221117,09:49:08,42551.10,25,2670500
20221117,09:49:09,42552.00,25,2670500
20221117,09:49:11,42552.25,975,2670500
20221117,09:49:14,42550.00,200,2670500
20221117,09:49:17,42552.35,175,2670500
20221117,09:49:19,42553.00,900,2670500
20221117,09:49:20,42550.00,50,2670500
20221117,09:49:24,42549.95,225,2670500
20221117,09:49:25,42546.75,50,2670500
20221117,09:49:28,42546.00,50,2670500
20221117,09:49:30,42545.00,50,2670500
20221117,09:49:31,42545.00,25,2670500
20221117,09:49:33,42548.75,50,2670500
20221117,09:49:36,42545.05,100,2670500
20221117,09:49:39,42549.95,150,2670500
20221117,09:49:40,42549.95,25,2670500
20221117,09:49:42,42544.80,100,2670500
20221117,09:49:48,42548.20,50,2670500
20221117,09:49:50,42545.00,975,2670500
20221117,09:49:51,42545.00,1125,2670500
20221117,09:49:53,42544.15,200,2670500
20221117,09:49:55,42546.40,100,2670500
20221117,09:49:56,42548.90,25,2670500
20221117,09:49:58,42547.25,25,2670500
20221117,09:49:59,42549.95,1025,2670500
20221117,09:50:01,42549.95,350,2670500
20221117,09:50:02,42549.95,125,2670500
20221117,09:50:04,42550.00,175,2670500
20221117,09:50:06,42545.15,525,2670500
20221117,09:50:07,42549.75,75,2670500
20221117,09:50:12,42545.00,100,2670500
20221117,09:50:14,42545.00,25,2670500
20221117,09:50:15,42544.00,25,2670500
20221117,09:50:17,42537.00,1175,2670500
20221117,09:50:18,42536.55,75,2670500
20221117,09:50:20,42540.00,125,2670500
20221117,09:50:22,42536.15,200,2670500
20221117,09:50:23,42537.50,50,2670500
20221117,09:50:25,42539.30,25,2670500
20221117,09:50:28,42540.85,25,2670500
20221117,09:50:30,42539.00,425,2670500
20221117,09:50:31,42539.00,75,2670500
20221117,09:50:33,42537.50,375,2670500
20221117,09:50:34,42534.45,100,2670500
20221117,09:50:36,42537.40,150,2670500
20221117,09:50:37,42537.65,200,2669525
20221117,09:50:41,42537.50,50,2669525
20221117,09:50:42,42537.00,175,2669525
20221117,09:50:44,42535.00,50,2669525
20221117,09:50:47,42535.00,50,2669525
20221117,09:50:49,42536.55,75,2669525
20221117,09:50:50,42534.40,100,2669525
20221117,09:50:52,42533.50,25,2669525
20221117,09:50:54,42533.45,50,2669525
20221117,09:50:57,42532.55,150,2669525
20221117,09:50:58,42533.20,175,2669525
20221117,09:51:00,42534.30,1325,2669525
20221117,09:51:02,42537.65,175,2669525
20221117,09:51:03,42538.35,50,2669525
20221117,09:51:05,42539.30,1000,2669525
20221117,09:51:07,42542.70,300,2669525
20221117,09:51:08,42538.00,875,2669525
20221117,09:51:10,42538.35,125,2669525
20221117,09:51:11,42542.60,50,2669525
20221117,09:51:13,42538.35,100,2669525
20221117,09:51:15,42542.20,75,2669525
20221117,09:51:16,42541.85,75,2669525
20221117,09:51:18,42537.95,150,2669525
20221117,09:51:19,42536.80,25,2669525
20221117,09:51:21,42542.55,200,2669525
20221117,09:51:22,42538.55,325,2669525
20221117,09:51:24,42534.30,450,2669525
20221117,09:51:26,42531.05,125,2669525
20221117,09:51:27,42531.05,75,2669525
20221117,09:51:29,42531.05,100,2669525
20221117,09:51:31,42534.00,75,2669525
20221117,09:51:32,42533.95,50,2669525
20221117,09:51:34,42533.95,125,2669525
20221117,09:51:37,42540.30,25,2669525
20221117,09:51:39,42533.95,1325,2669525
20221117,09:51:40,42534.30,25,2669525
20221117,09:51:42,42538.25,75,2669525
20221117,09:51:43,42537.50,50,2669525
20221117,09:51:45,42539.05,25,2669525
20221117,09:51:47,42537.80,25,2669525
20221117,09:51:50,42539.05,25,2669525
20221117,09:51:51,42539.05,25,2669525
20221117,09:51:53,42537.75,75,2669525
20221117,09:51:56,42539.05,25,2669525
20221117,09:51:58,42540.00,250,2669525
20221117,09:51:59,42541.15,225,2669525
20221117,09:52:01,42541.10,25,2669525
20221117,09:52:02,42539.05,75,2669525
20221117,09:52:04,42537.10,25,2669525
20221117,09:52:07,42539.60,25,2669525
20221117,09:52:08,42541.75,25,2669525
20221117,09:52:10,42536.85,250,2669525
20221117,09:52:12,42541.75,200,2669525
20221117,09:52:13,42540.90,475,2669525
20221117,09:52:15,42541.75,25,2669525
20221117,09:52:16,42536.00,225,2669525
20221117,09:52:18,42538.00,25,2669525
20221117,09:52:19,42537.95,25,2669525
20221117,09:52:21,42538.65,50,2669525
20221117,09:52:26,42539.85,25,2669525
20221117,09:52:29,42544.95,75,2669525
20221117,09:52:30,42544.80,25,2669525
20221117,09:52:32,42544.80,25,2669525
20221117,09:52:34,42547.95,125,2669525
20221117,09:52:35,42544.65,125,2669525
20221117,09:52:37,42548.00,125,2669525
20221117,09:52:39,42546.60,25,2669525
20221117,09:52:40,42545.95,125,2669525
20221117,09:52:42,42550.00,75,2669525
20221117,09:52:45,42548.00,50,2669525
20221117,09:52:47,42549.90,300,2669525
20221117,09:52:48,42547.05,25,2669525
20221117,09:52:50,42547.20,50,2669525
20221117,09:52:52,42546.25,25,2669525
20221117,09:52:53,42548.90,250,2669525
20221117,09:52:55,42545.00,50,2669525
20221117,09:52:57,42547.05,75,2669525
20221117,09:52:58,42545.90,125,2669525
20221117,09:53:01,42541.05,50,2669525
20221117,09:53:05,42545.80,25,2669525
20221117,09:53:06,42543.00,25,2669525
20221117,09:53:08,42545.50,25,2669525
20221117,09:53:10,42545.55,25,2669525
20221117,09:53:13,42545.90,25,2669525
20221117,09:53:16,42546.05,100,2669525
20221117,09:53:18,42549.75,25,2669525
20221117,09:53:21,42549.95,100,2669525
20221117,09:53:22,42550.45,50,2669525
20221117,09:53:25,42550.35,25,2669525
20221117,09:53:27,42550.35,50,2669525
20221117,09:53:32,42552.00,100,2669525
20221117,09:53:34,42552.00,150,2669525
20221117,09:53:38,42553.40,50,2665375
20221117,09:53:40,42552.00,150,2665375
20221117,09:53:42,42553.30,100,2665375
20221117,09:53:43,42551.85,100,2665375
20221117,09:53:45,42551.05,25,2665375
20221117,09:53:47,42550.00,100,2665375
20221117,09:53:48,42548.00,25,2665375
20221117,09:53:50,42548.35,50,2665375
20221117,09:53:55,42545.80,25,2665375
20221117,09:53:58,42545.80,25,2665375
20221117,09:53:59,42545.75,50,2665375
20221117,09:54:01,42547.85,75,2665375
20221117,09:54:03,42543.95,150,2665375
20221117,09:54:04,42543.00,100,2665375
20221117,09:54:06,42545.95,225,2665375
20221117,09:54:07,42542.90,125,2665375
20221117,09:54:09,42546.75,25,2665375
20221117,09:54:10,42550.00,175,2665375
20221117,09:54:12,42553.75,75,2665375
20221117,09:54:13,42552.80,75,2665375
20221117,09:54:15,42547.45,50,2665375
20221117,09:54:16,42553.20,75,2665375
20221117,09:54:18,42553.80,25,2665375
20221117,09:54:19,42551.00,25,2665375
20221117,09:54:21,42552.80,25,2665375
20221117,09:54:22,42552.80,150,2665375
20221117,09:54:24,42552.80,175,2665375
20221117,09:54:25,42554.65,200,2665375
20221117,09:54:27,42551.40,25,2665375
20221117,09:54:28,42550.75,25,2665375
20221117,09:54:30,42553.35,25,2665375
20221117,09:54:33,42554.55,25,2665375
20221117,09:54:38,42554.20,25,2665375
20221117,09:54:39,42556.80,150,2665375
20221117,09:54:41,42560.00,75,2665375
20221117,09:54:42,42563.00,50,2665375
20221117,09:54:44,42564.00,200,2665375
20221117,09:54:46,42566.60,550,2665375
20221117,09:54:47,42559.75,125,2665375
20221117,09:54:49,42565.00,50,2665375
20221117,09:54:52,42559.55,175,2665375
20221117,09:54:53,42563.60,25,2665375
20221117,09:54:58,42565.00,50,2665375
20221117,09:55:03,42560.65,50,2665375
20221117,09:55:05,42562.85,50,2665375
20221117,09:55:06,42565.00,50,2665375
20221117,09:55:08,42565.00,150,2665375
20221117,09:55:09,42563.60,175,2665375
20221117,09:55:13,42561.40,75,2665375
20221117,09:55:14,42560.00,225,2665375
20221117,09:55:16,42564.30,75,2665375
20221117,09:55:17,42562.70,150,2665375
20221117,09:55:19,42562.50,25,2665375
20221117,09:55:20,42564.35,50,2665375
20221117,09:55:24,42563.10,75,2665375
20221117,09:55:25,42563.05,25,2665375
20221117,09:55:27,42562.00,100,2665375
20221117,09:55:30,42563.00,375,2665375
20221117,09:55:31,42567.00,550,2665375
20221117,09:55:33,42567.00,50,2665375
20221117,09:55:35,42568.10,525,2665375
20221117,09:55:36,42570.00,200,2665375
20221117,09:55:38,42570.00,200,2665375
20221117,09:55:39,42573.75,100,2665375
20221117,09:55:41,42575.00,300,2665375
20221117,09:55:43,42575.00,100,2665375
20221117,09:55:44,42574.00,50,2665375
20221117,09:55:46,42575.00,200,2665375
20221117,09:55:48,42578.60,250,2665375
20221117,09:55:49,42579.50,200,2665375
20221117,09:55:51,42578.35,200,2665375
20221117,09:55:53,42580.00,75,2665375
20221117,09:55:54,42575.00,225,2665375
20221117,09:55:56,42579.00,125,2665375
20221117,09:55:58,42578.70,750,2665375
20221117,09:55:59,42575.00,100,2665375
20221117,09:56:01,42579.90,100,2665375
20221117,09:56:03,42579.85,300,2665375
20221117,09:56:04,42575.55,75,2665375
20221117,09:56:06,42575.00,225,2665375
20221117,09:56:08,42574.00,625,2665375
20221117,09:56:09,42575.70,200,2665375
20221117,09:56:11,42572.05,100,2665375
20221117,09:56:13,42575.00,150,2665375
20221117,09:56:14,42576.55,150,2665375
20221117,09:56:16,42575.80,125,2665375
20221117,09:56:18,42572.25,300,2665375
20221117,09:56:19,42573.05,175,2665375
20221117,09:56:21,42565.05,75,2665375
20221117,09:56:23,42571.90,275,2665375
20221117,09:56:24,42572.45,125,2665375
20221117,09:56:26,42571.95,75,2665375
20221117,09:56:27,42571.25,50,2665375
20221117,09:56:29,42572.30,175,2665375
20221117,09:56:31,42573.00,175,2665375
20221117,09:56:32,42573.05,125,2665375
20221117,09:56:34,42573.00,25,2665375
20221117,09:56:36,42572.00,100,2665375
20221117,09:56:37,42574.25,150,2667875
20221117,09:56:39,42574.80,225,2667875
20221117,09:56:40,42571.80,100,2667875
20221117,09:56:42,42571.50,150,2667875
20221117,09:56:44,42572.20,425,2667875
20221117,09:56:45,42570.90,25,2667875
20221117,09:56:47,42572.25,50,2667875
20221117,09:56:49,42573.55,75,2667875
20221117,09:56:52,42573.55,25,2667875
20221117,09:56:53,42575.55,125,2667875
20221117,09:56:55,42575.00,75,2667875
20221117,09:56:57,42574.40,75,2667875
20221117,09:57:00,42572.75,25,2667875
20221117,09:57:02,42573.85,75,2667875
20221117,09:57:03,42572.75,150,2667875
20221117,09:57:05,42570.00,175,2667875
20221117,09:57:06,42574.70,25,2667875
20221117,09:57:10,42573.95,125,2667875
20221117,09:57:13,42571.45,50,2667875
20221117,09:57:15,42565.50,200,2667875
20221117,09:57:16,42565.00,75,2667875
20221117,09:57:19,42572.55,50,2667875
20221117,09:57:23,42573.75,50,2667875
20221117,09:57:24,42571.10,75,2667875
20221117,09:57:28,42577.15,50,2667875
20221117,09:57:31,42580.00,400,2667875
20221117,09:57:32,42580.25,75,2667875
20221117,09:57:34,42573.30,250,2667875
20221117,09:57:36,42577.90,50,2667875
20221117,09:57:37,42578.70,100,2667875
20221117,09:57:39,42579.80,275,2667875
20221117,09:57:41,42580.00,50,2667875
20221117,09:57:42,42580.60,50,2667875
20221117,09:57:44,42580.00,150,2667875
20221117,09:57:45,42582.00,25,2667875
20221117,09:57:47,42582.15,175,2667875
20221117,09:57:49,42583.50,250,2667875
20221117,09:57:50,42582.00,50,2667875
20221117,09:57:52,42583.55,150,2667875
20221117,09:57:53,42583.70,75,2667875
20221117,09:57:55,42582.20,250,2667875
20221117,09:57:57,42581.00,100,2667875
20221117,09:57:58,42580.65,50,2667875
20221117,09:58:00,42583.30,50,2667875
20221117,09:58:01,42583.20,25,2667875
20221117,09:58:03,42583.80,75,2667875
20221117,09:58:05,42583.05,50,2667875
20221117,09:58:06,42582.95,25,2667875
20221117,09:58:08,42583.30,25,2667875
20221117,09:58:10,42583.30,25,2667875
20221117,09:58:11,42584.80,100,2667875
20221117,09:58:13,42580.25,300,2667875
20221117,09:58:14,42585.00,125,2667875
20221117,09:58:18,42585.00,50,2667875
20221117,09:58:19,42585.00,150,2667875
20221117,09:58:21,42585.80,75,2667875
20221117,09:58:22,42585.05,475,2667875
20221117,09:58:24,42586.65,325,2667875
20221117,09:58:26,42586.35,600,2667875
20221117,09:58:27,42585.00,100,2667875
20221117,09:58:29,42585.65,100,2667875
20221117,09:58:31,42584.80,75,2667875
20221117,09:58:34,42585.95,50,2667875
20221117,09:58:35,42585.15,150,2667875
20221117,09:58:37,42584.05,50,2667875
20221117,09:58:39,42584.05,100,2667875
20221117,09:58:40,42586.05,175,2667875
20221117,09:58:42,42584.05,25,2667875
20221117,09:58:44,42586.00,25,2667875
20221117,09:58:45,42586.70,25,2667875
20221117,09:58:47,42586.55,25,2667875
20221117,09:58:50,42586.80,425,2667875
20221117,09:58:52,42590.00,600,2667875
20221117,09:58:53,42591.20,1275,2667875
20221117,09:58:55,42592.25,650,2667875
20221117,09:58:57,42593.95,100,2667875
20221117,09:58:58,42593.05,175,2667875
20221117,09:59:00,42592.40,75,2667875
20221117,09:59:02,42594.15,350,2667875
20221117,09:59:03,42594.30,175,2667875
20221117,09:59:05,42590.45,75,2667875
20221117,09:59:06,42592.20,200,2667875
20221117,09:59:08,42590.00,100,2667875
20221117,09:59:10,42591.05,25,2667875
20221117,09:59:11,42592.00,50,2667875
20221117,09:59:13,42594.00,75,2667875
20221117,09:59:14,42594.00,150,2667875
20221117,09:59:16,42593.75,50,2667875
20221117,09:59:18,42594.10,675,2667875
20221117,09:59:19,42591.50,350,2667875
20221117,09:59:21,42586.75,1450,2667875
20221117,09:59:22,42593.30,100,2667875
20221117,09:59:24,42589.95,50,2667875
20221117,09:59:26,42590.35,125,2667875
20221117,09:59:27,42589.75,25,2667875
20221117,09:59:29,42580.20,250,2667875
20221117,09:59:31,42582.60,25,2667875
20221117,09:59:32,42582.85,25,2667875
20221117,09:59:34,42586.70,125,2667875
20221117,09:59:36,42586.25,50,2667875
20221117,09:59:37,42587.25,50,2667875
20221117,09:59:39,42581.95,25,2670675
20221117,09:59:40,42587.25,375,2670675
20221117,09:59:44,42586.95,200,2670675
20221117,09:59:45,42587.00,50,2670675
20221117,09:59:47,42587.70,150,2670675
20221117,09:59:49,42585.85,100,2670675
20221117,09:59:50,42585.05,25,2670675
20221117,09:59:52,42584.30,225,2670675
20221117,09:59:53,42585.15,75,2670675
20221117,09:59:55,42584.15,25,2670675
20221117,09:59:57,42585.00,50,2670675
20221117,09:59:58,42582.00,75,2670675
20221117,10:00:00,42585.30,425,2670675
20221117,10:00:01,42585.85,550,2670675
20221117,10:00:03,42587.00,200,2670675
20221117,10:00:05,42588.45,100,2670675
20221117,10:00:06,42585.00,50,2670675
20221117,10:00:08,42587.55,125,2670675
20221117,10:00:09,42588.65,75,2670675
20221117,10:00:11,42588.70,400,2670675
20221117,10:00:12,42590.00,100,2670675
20221117,10:00:14,42587.75,250,2670675
20221117,10:00:16,42588.90,75,2670675
20221117,10:00:17,42590.00,100,2670675
20221117,10:00:19,42587.75,75,2670675
20221117,10:00:20,42590.00,100,2670675
20221117,10:00:22,42591.05,175,2670675
20221117,10:00:27,42588.05,25,2670675
20221117,10:00:29,42588.05,50,2670675
20221117,10:00:32,42588.90,25,2670675
20221117,10:00:35,42588.05,275,2670675
20221117,10:00:37,42588.05,50,2670675
20221117,10:00:39,42588.05,75,2670675
20221117,10:00:40,42588.05,100,2670675
20221117,10:00:42,42587.00,125,2670675
20221117,10:00:43,42585.55,100,2670675
20221117,10:00:45,42583.00,200,2670675
20221117,10:00:47,42585.05,25,2670675
20221117,10:00:50,42588.05,150,2670675
20221117,10:00:52,42583.05,75,2670675
20221117,10:00:53,42582.00,50,2670675
20221117,10:00:55,42582.30,350,2670675
20221117,10:00:57,42580.00,400,2670675
20221117,10:00:58,42576.15,100,2670675
20221117,10:01:00,42573.65,175,2670675
20221117,10:01:02,42574.20,25,2670675
20221117,10:01:05,42578.60,25,2670675
20221117,10:01:07,42575.95,25,2670675
20221117,10:01:08,42579.30,75,2670675
20221117,10:01:10,42580.00,275,2670675
20221117,10:01:13,42581.65,100,2670675
20221117,10:01:15,42575.85,325,2670675
20221117,10:01:16,42580.40,125,2670675
20221117,10:01:20,42580.10,75,2670675
20221117,10:01:21,42574.10,100,2670675
20221117,10:01:23,42579.25,25,2670675
20221117,10:01:25,42578.85,75,2670675
20221117,10:01:26,42578.50,50,2670675
20221117,10:01:28,42574.20,25,2670675
20221117,10:01:31,42573.20,25,2670675
20221117,10:01:34,42567.95,675,2670675
20221117,10:01:36,42567.40,100,2670675
20221117,10:01:38,42571.80,25,2670675
20221117,10:01:39,42574.45,250,2670675
20221117,10:01:41,42571.80,50,2670675
20221117,10:01:42,42571.80,25,2670675
20221117,10:01:45,42574.20,75,2670675
20221117,10:01:47,42572.30,25,2670675
20221117,10:01:50,42573.00,75,2670675
20221117,10:01:53,42570.00,125,2670675
20221117,10:01:55,42571.80,50,2670675
20221117,10:01:56,42571.85,25,2670675
20221117,10:01:59,42573.60,25,2670675
20221117,10:02:01,42575.15,225,2670675
20221117,10:02:04,42577.15,75,2670675
20221117,10:02:06,42581.95,75,2670675
20221117,10:02:09,42581.70,25,2670675
20221117,10:02:11,42576.10,125,2670675
20221117,10:02:14,42579.20,125,2670675
20221117,10:02:17,42577.25,75,2670675
20221117,10:02:20,42574.90,25,2670675
20221117,10:02:22,42573.60,50,2670675
20221117,10:02:24,42573.60,125,2670675
20221117,10:02:25,42570.00,250,2670675
20221117,10:02:27,42570.00,25,2670675
20221117,10:02:28,42574.45,25,2670675
20221117,10:02:30,42570.00,25,2670675
20221117,10:02:32,42571.45,75,2670675
20221117,10:02:33,42571.00,50,2670675
20221117,10:02:35,42570.00,25,2670675
20221117,10:02:40,42570.75,75,2672750
20221117,10:02:41,42567.15,275,2672750
20221117,10:02:43,42570.80,25,2672750
20221117,10:02:44,42569.15,25,2672750
20221117,10:02:46,42567.15,75,2672750
20221117,10:02:48,42565.00,100,2672750
20221117,10:02:51,42565.05,75,2672750
20221117,10:02:53,42567.15,125,2672750
20221117,10:02:59,42565.05,50,2672750
20221117,10:03:01,42567.45,175,2672750
20221117,10:03:02,42567.30,175,2672750
20221117,10:03:06,42565.00,200,2672750
20221117,10:03:09,42567.15,75,2672750
20221117,10:03:12,42567.85,50,2672750
20221117,10:03:13,42565.00,375,2672750
20221117,10:03:15,42561.05,75,2672750
20221117,10:03:17,42561.05,950,2672750
20221117,10:03:20,42566.00,75,2672750
20221117,10:03:23,42562.45,75,2672750
20221117,10:03:25,42561.70,75,2672750
20221117,10:03:31,42560.00,300,2672750
20221117,10:03:33,42560.20,100,2672750
20221117,10:03:34,42560.00,375,2672750
20221117,10:03:36,42560.00,150,2672750
20221117,10:03:38,42560.00,200,2672750
20221117,10:03:39,42560.90,25,2672750
20221117,10:03:41,42560.90,50,2672750
20221117,10:03:43,42561.65,25,2672750
20221117,10:03:44,42561.65,50,2672750
20221117,10:03:46,42560.00,900,2672750
20221117,10:03:47,42555.00,550,2672750
20221117,10:03:49,42552.75,150,2672750
20221117,10:03:51,42551.00,400,2672750
20221117,10:03:52,42552.55,50,2672750
20221117,10:03:54,42552.75,250,2672750
20221117,10:03:56,42552.65,75,2672750
20221117,10:03:57,42552.80,700,2672750
20221117,10:03:59,42550.00,325,2672750
20221117,10:04:00,42549.95,250,2672750
20221117,10:04:02,42546.80,50,2672750
20221117,10:04:04,42557.15,550,2672750
20221117,10:04:05,42555.25,75,2672750
20221117,10:04:07,42550.80,25,2672750
20221117,10:04:09,42551.00,325,2672750
20221117,10:04:10,42557.40,275,2672750
20221117,10:04:14,42559.35,50,2672750
20221117,10:04:15,42559.15,25,2672750
20221117,10:04:17,42555.35,25,2672750
20221117,10:04:20,42554.05,25,2672750
20221117,10:04:22,42553.45,25,2672750
20221117,10:04:23,42555.65,50,2672750
20221117,10:04:25,42556.95,25,2672750
20221117,10:04:27,42554.65,50,2672750
20221117,10:04:30,42555.00,675,2672750
20221117,10:04:31,42555.00,250,2672750
20221117,10:04:33,42556.15,125,2672750
20221117,10:04:36,42556.55,25,2672750
20221117,10:04:39,42558.00,100,2672750
20221117,10:04:41,42555.25,50,2672750
20221117,10:04:43,42557.95,125,2672750
20221117,10:04:52,42557.60,75,2672750
20221117,10:04:54,42555.00,50,2672750
20221117,10:04:56,42552.00,150,2672750
20221117,10:04:57,42546.80,150,2672750
20221117,10:04:59,42549.95,150,2672750
20221117,10:05:01,42545.85,125,2672750
20221117,10:05:02,42547.20,125,2672750
20221117,10:05:04,42547.45,300,2672750
20221117,10:05:05,42547.45,275,2672750
20221117,10:05:07,42546.70,350,2672750
20221117,10:05:08,42547.15,150,2672750
20221117,10:05:10,42546.60,300,2672750
20221117,10:05:12,42549.75,75,2672750
20221117,10:05:13,42545.60,225,2672750
20221117,10:05:15,42544.25,175,2672750
20221117,10:05:16,42549.50,300,2672750
20221117,10:05:18,42542.15,150,2672750
20221117,10:05:20,42542.15,75,2672750
20221117,10:05:21,42547.85,50,2672750
20221117,10:05:23,42548.40,425,2672750
20221117,10:05:25,42543.55,925,2672750
20221117,10:05:26,42548.40,25,2672750
20221117,10:05:29,42549.95,25,2672750
20221117,10:05:31,42544.60,50,2672750
20221117,10:05:36,42545.00,25,2672750
20221117,10:05:37,42548.30,25,2672750
20221117,10:05:39,42545.70,25,2672750
20221117,10:05:41,42546.25,25,2669675
20221117,10:05:44,42542.55,100,2669675
20221117,10:05:45,42542.25,50,2669675
20221117,10:05:47,42544.00,50,2669675
20221117,10:05:49,42545.90,125,2669675
20221117,10:05:50,42542.15,50,2669675
20221117,10:05:52,42544.00,25,2669675
20221117,10:05:55,42542.00,75,2669675
20221117,10:05:59,42542.00,1075,2669675
20221117,10:06:00,42538.00,1125,2669675
20221117,10:06:02,42534.00,150,2669675
20221117,10:06:04,42532.00,150,2669675
20221117,10:06:05,42531.05,200,2669675
20221117,10:06:09,42532.05,150,2669675
20221117,10:06:10,42535.20,25,2669675
20221117,10:06:12,42537.95,200,2669675
20221117,10:06:14,42535.20,225,2669675
20221117,10:06:15,42537.00,100,2669675
20221117,10:06:17,42538.05,125,2669675
20221117,10:06:19,42541.70,175,2669675
20221117,10:06:20,42539.00,100,2669675
20221117,10:06:22,42538.60,25,2669675
20221117,10:06:23,42544.20,100,2669675
20221117,10:06:25,42540.00,150,2669675
20221117,10:06:28,42537.55,50,2669675
20221117,10:06:30,42538.50,25,2669675
20221117,10:06:31,42543.10,50,2669675
20221117,10:06:33,42540.80,25,2669675
20221117,10:06:35,42543.10,50,2669675
20221117,10:06:36,42540.65,25,2669675
20221117,10:06:38,42543.90,50,2669675
20221117,10:06:41,42536.95,50,2669675
20221117,10:06:44,42540.85,100,2669675
20221117,10:06:46,42540.85,25,2669675
20221117,10:06:48,42540.85,50,2669675
20221117,10:06:49,42541.75,100,2669675
20221117,10:06:51,42538.50,25,2669675
20221117,10:06:56,42540.20,25,2669675
20221117,10:06:57,42539.20,25,2669675
20221117,10:07:00,42539.20,25,2669675
20221117,10:07:02,42540.00,100,2669675
20221117,10:07:05,42538.75,25,2669675
20221117,10:07:07,42535.20,125,2669675
20221117,10:07:08,42536.75,50,2669675
20221117,10:07:10,42535.20,75,2669675
20221117,10:07:12,42535.20,75,2669675
20221117,10:07:13,42535.90,100,2669675
20221117,10:07:15,42540.00,75,2669675
20221117,10:07:16,42537.40,50,2669675
20221117,10:07:18,42537.70,50,2669675
20221117,10:07:19,42537.50,25,2669675
20221117,10:07:21,42538.85,175,2669675
20221117,10:07:22,42540.85,175,2669675
20221117,10:07:25,42543.90,225,2669675
20221117,10:07:27,42542.05,100,2669675
20221117,10:07:29,42543.70,50,2669675
20221117,10:07:30,42550.00,50,2669675
20221117,10:07:32,42550.00,25,2669675
20221117,10:07:35,42550.00,50,2669675
20221117,10:07:38,42552.00,50,2669675
20221117,10:07:46,42555.00,50,2669675
20221117,10:07:48,42553.70,300,2669675
20221117,10:07:49,42557.35,25,2669675
20221117,10:07:51,42560.00,225,2669675
20221117,10:07:53,42556.05,100,2669675
20221117,10:07:54,42557.65,25,2669675
20221117,10:07:59,42555.50,25,2669675
20221117,10:08:02,42550.00,150,2669675
20221117,10:08:04,42549.25,25,2669675
20221117,10:08:06,42546.25,125,2669675
20221117,10:08:09,42544.10,25,2669675
20221117,10:08:10,42540.00,425,2669675
20221117,10:08:12,42537.00,25,2669675
20221117,10:08:14,42538.00,125,2669675
20221117,10:08:18,42538.50,125,2669675
20221117,10:08:20,42538.95,25,2669675
20221117,10:08:23,42539.05,25,2669675
20221117,10:08:25,42535.20,200,2669675
20221117,10:08:26,42535.20,225,2669675
20221117,10:08:28,42534.40,250,2669675
20221117,10:08:29,42533.15,125,2669675
20221117,10:08:31,42534.40,175,2669675
20221117,10:08:34,42535.20,175,2669675
20221117,10:08:36,42535.20,25,2669675
20221117,10:08:37,42535.90,75,2669675
20221117,10:08:39,42535.45,50,2669675
20221117,10:08:40,42537.60,75,2668150
20221117,10:08:42,42536.70,50,2668150
20221117,10:08:44,42538.00,25,2668150
20221117,10:08:45,42535.90,25,2668150
20221117,10:08:47,42540.00,75,2668150
20221117,10:08:49,42537.45,100,2668150
20221117,10:08:50,42540.00,25,2668150
20221117,10:08:52,42537.20,50,2668150
20221117,10:08:53,42536.75,25,2668150
20221117,10:08:55,42538.00,50,2668150
20221117,10:08:56,42538.00,50,2668150
20221117,10:09:01,42539.20,150,2668150
20221117,10:09:03,42537.00,25,2668150
20221117,10:09:04,42535.45,275,2668150
20221117,10:09:06,42535.90,75,2668150
20221117,10:09:08,42538.00,125,2668150
20221117,10:09:09,42536.90,25,2668150
20221117,10:09:11,42536.40,25,2668150
20221117,10:09:12,42538.25,325,2668150
20221117,10:09:14,42542.50,950,2668150
20221117,10:09:16,42541.75,25,2668150
20221117,10:09:17,42542.40,200,2668150
20221117,10:09:19,42541.70,125,2668150
20221117,10:09:24,42542.75,25,2668150
20221117,10:09:26,42546.20,125,2668150
20221117,10:09:27,42546.20,200,2668150
20221117,10:09:29,42546.70,25,2668150
20221117,10:09:31,42545.65,75,2668150
20221117,10:09:32,42544.50,150,2668150
20221117,10:09:34,42542.80,175,2668150
20221117,10:09:36,42542.65,25,2668150
20221117,10:09:37,42543.00,75,2668150
20221117,10:09:39,42548.00,100,2668150
20221117,10:09:41,42544.35,75,2668150
20221117,10:09:44,42544.40,25,2668150
20221117,10:09:45,42542.75,25,2668150
20221117,10:09:48,42545.00,25,2668150
20221117,10:09:50,42543.10,150,2668150
20221117,10:09:53,42543.05,100,2668150
20221117,10:09:55,42543.05,25,2668150
20221117,10:09:56,42542.45,25,2668150
20221117,10:09:58,42542.30,25,2668150
20221117,10:09:59,42539.40,100,2668150
20221117,10:10:01,42538.55,25,2668150
20221117,10:10:02,42536.90,150,2668150
20221117,10:10:04,42536.75,75,2668150
20221117,10:10:09,42538.55,25,2668150
20221117,10:10:10,42538.55,50,2668150
20221117,10:10:12,42535.60,25,2668150
20221117,10:10:13,42535.65,200,2668150
20221117,10:10:15,42536.75,25,2668150
20221117,10:10:16,42537.65,125,2668150
20221117,10:10:18,42535.75,50,2668150
20221117,10:10:21,42536.55,50,2668150
20221117,10:10:23,42535.70,225,2668150
20221117,10:10:27,42535.55,75,2668150
20221117,10:10:30,42535.75,50,2668150
20221117,10:10:32,42535.55,25,2668150
20221117,10:10:33,42535.45,50,2668150
20221117,10:10:35,42535.40,25,2668150
20221117,10:10:36,42535.30,50,2668150
20221117,10:10:38,42536.00,275,2668150
20221117,10:10:39,42535.35,75,2668150
20221117,10:10:41,42539.50,75,2668150
20221117,10:10:42,42536.25,125,2668150
20221117,10:10:44,42537.00,125,2668150
20221117,10:10:46,42536.95,25,2668150
20221117,10:10:47,42542.00,1025,2668150
20221117,10:10:49,42540.90,175,2668150
20221117,10:10:51,42539.60,50,2668150
20221117,10:10:52,42542.60,25,2668150
20221117,10:10:57,42540.10,75,2668150
20221117,10:10:59,42541.50,25,2668150
20221117,10:11:00,42542.65,50,2668150
20221117,10:11:04,42543.05,50,2668150
20221117,10:11:05,42539.90,25,2668150
20221117,10:11:07,42538.95,25,2668150
20221117,10:11:10,42543.05,50,2668150
20221117,10:11:12,42543.10,75,2668150
20221117,10:11:13,42544.95,75,2668150
20221117,10:11:15,42546.00,200,2668150
20221117,10:11:17,42548.50,50,2668150
20221117,10:11:18,42549.35,125,2668150
20221117,10:11:20,42549.80,75,2668150
20221117,10:11:22,42549.80,25,2668150
20221117,10:11:25,42545.95,150,2668150
20221117,10:11:27,42546.00,25,2668150
20221117,10:11:28,42546.00,100,2668150
20221117,10:11:30,42546.00,50,2668150
20221117,10:11:38,42546.00,25,2668150
20221117,10:11:43,42544.55,50,2666575
20221117,10:11:46,42548.80,25,2666575
20221117,10:11:49,42541.00,50,2666575
20221117,10:11:51,42543.95,25,2666575
20221117,10:11:56,42542.00,25,2666575
20221117,10:11:57,42542.75,25,2666575
20221117,10:12:02,42543.00,50,2666575
20221117,10:12:07,42542.95,50,2666575
20221117,10:12:09,42543.00,25,2666575
20221117,10:12:10,42541.70,125,2666575
20221117,10:12:13,42547.55,25,2666575
20221117,10:12:15,42541.00,25,2666575
20221117,10:12:20,42548.35,50,2666575
20221117,10:12:21,42541.85,25,2666575
20221117,10:12:24,42541.50,50,2666575
20221117,10:12:28,42546.95,150,2666575
20221117,10:12:29,42545.50,350,2666575
20221117,10:12:31,42544.30,450,2666575
20221117,10:12:33,42539.25,450,2666575
20221117,10:12:34,42544.95,325,2666575
20221117,10:12:36,42545.75,150,2666575
20221117,10:12:37,42546.75,175,2666575
20221117,10:12:42,42547.50,300,2666575
20221117,10:12:45,42543.35,25,2666575
20221117,10:12:47,42547.50,25,2666575
20221117,10:12:49,42543.35,25,2666575
20221117,10:12:50,42547.50,50,2666575
20221117,10:12:52,42542.10,75,2666575
20221117,10:12:54,42542.45,275,2666575
20221117,10:12:57,42543.70,100,2666575
20221117,10:13:02,42547.00,25,2666575
20221117,10:13:03,42546.20,75,2666575
20221117,10:13:10,42544.95,50,2666575
20221117,10:13:11,42542.25,25,2666575
20221117,10:13:14,42542.10,25,2666575
20221117,10:13:16,42542.25,25,2666575
20221117,10:13:17,42540.00,550,2666575
20221117,10:13:19,42540.00,25,2666575
20221117,10:13:21,42542.00,25,2666575
20221117,10:13:22,42540.00,50,2666575
20221117,10:13:25,42541.95,75,2666575
20221117,10:13:27,42541.95,25,2666575
20221117,10:13:29,42538.65,75,2666575
20221117,10:13:30,42541.40,25,2666575
20221117,10:13:33,42538.05,50,2666575
20221117,10:13:36,42539.55,25,2666575
20221117,10:13:38,42537.05,25,2666575
20221117,10:13:40,42540.00,25,2666575
20221117,10:13:46,42541.55,50,2666575
20221117,10:13:49,42538.65,50,2666575
20221117,10:13:51,42538.05,25,2666575
20221117,10:13:54,42539.40,150,2666575
20221117,10:13:56,42534.55,775,2666575
20221117,10:13:58,42532.95,700,2666575
20221117,10:13:59,42529.95,2925,2666575
20221117,10:14:01,42532.00,250,2666575
20221117,10:14:02,42530.00,1250,2666575
20221117,10:14:04,42529.65,125,2666575
20221117,10:14:06,42529.00,50,2666575
20221117,10:14:07,42529.95,275,2666575
20221117,10:14:09,42531.00,300,2666575
20221117,10:14:10,42529.00,175,2666575
20221117,10:14:12,42529.15,225,2666575
20221117,10:14:13,42527.00,925,2666575
20221117,10:14:15,42521.10,1025,2666575
20221117,10:14:17,42521.10,150,2666575
20221117,10:14:18,42521.05,200,2666575
20221117,10:14:20,42521.10,125,2666575
20221117,10:14:22,42521.10,25,2666575
20221117,10:14:23,42523.85,125,2666575
20221117,10:14:25,42521.10,325,2666575
20221117,10:14:26,42521.10,50,2666575
20221117,10:14:28,42523.95,225,2666575
20221117,10:14:31,42523.75,300,2666575
20221117,10:14:33,42524.10,100,2666575
20221117,10:14:34,42529.20,50,2666575
20221117,10:14:36,42531.85,400,2666575
20221117,10:14:38,42526.40,100,2666575
20221117,10:14:39,42525.90,25,2666575
20221117,10:14:41,42523.10,100,2664850
20221117,10:14:43,42525.85,25,2664850
20221117,10:14:44,42525.85,100,2664850
20221117,10:14:46,42525.95,50,2664850
20221117,10:14:48,42526.50,25,2664850
20221117,10:14:49,42527.60,100,2664850
20221117,10:14:51,42525.30,150,2664850
20221117,10:14:52,42528.90,600,2664850
20221117,10:14:57,42527.65,125,2664850
20221117,10:14:59,42530.00,125,2664850
20221117,10:15:00,42527.10,50,2664850
20221117,10:15:02,42525.85,250,2664850
20221117,10:15:03,42525.10,225,2664850
20221117,10:15:05,42525.80,100,2664850
20221117,10:15:07,42522.70,5125,2664850
20221117,10:15:08,42524.05,175,2664850
20221117,10:15:10,42525.10,50,2664850
20221117,10:15:12,42525.15,50,2664850
20221117,10:15:16,42526.95,225,2664850
20221117,10:15:18,42526.00,25,2664850
20221117,10:15:20,42532.15,375,2664850
20221117,10:15:21,42532.50,25,2664850
20221117,10:15:23,42531.10,25,2664850
20221117,10:15:28,42532.00,25,2664850
20221117,10:15:31,42533.90,2550,2664850
20221117,10:15:32,42539.90,25,2664850
20221117,10:15:34,42539.60,25,2664850
20221117,10:15:37,42537.15,300,2664850
20221117,10:15:41,42536.70,25,2664850
20221117,10:15:42,42537.20,75,2664850
20221117,10:15:44,42546.90,175,2664850
20221117,10:15:47,42545.00,50,2664850
20221117,10:15:49,42542.30,25,2664850
20221117,10:15:51,42544.35,250,2664850
20221117,10:15:53,42546.30,375,2664850
20221117,10:15:54,42542.00,25,2664850
20221117,10:15:56,42540.00,25,2664850
20221117,10:15:57,42542.00,350,2664850
20221117,10:15:59,42540.00,25,2664850
20221117,10:16:01,42542.00,25,2664850
20221117,10:16:02,42542.00,25,2664850
20221117,10:16:05,42546.25,525,2664850
20221117,10:16:07,42546.00,200,2664850
20221117,10:16:09,42546.50,25,2664850
20221117,10:16:10,42546.90,25,2664850
20221117,10:16:12,42541.05,50,2664850
20221117,10:16:17,42547.00,125,2664850
20221117,10:16:19,42547.90,275,2664850
20221117,10:16:20,42542.75,75,2664850
20221117,10:16:22,42542.55,25,2664850
20221117,10:16:23,42542.15,75,2664850
20221117,10:16:25,42547.50,75,2664850
20221117,10:16:27,42548.95,50,2664850
20221117,10:16:31,42549.00,75,2664850
20221117,10:16:33,42548.95,25,2664850
20221117,10:16:34,42549.85,25,2664850
20221117,10:16:37,42548.95,25,2664850
20221117,10:16:40,42550.00,325,2664850
20221117,10:16:42,42554.35,150,2664850
20221117,10:16:44,42554.95,325,2664850
20221117,10:16:45,42548.20,50,2664850
20221117,10:16:47,42546.75,150,2664850
20221117,10:16:48,42546.80,50,2664850
20221117,10:16:50,42550.00,25,2664850
20221117,10:16:52,42550.00,50,2664850
20221117,10:16:53,42547.20,50,2664850
20221117,10:16:57,42546.75,100,2664850
20221117,10:16:58,42542.35,125,2664850
20221117,10:17:01,42546.75,50,2664850
20221117,10:17:05,42543.85,100,2664850
20221117,10:17:06,42543.00,25,2664850
20221117,10:17:08,42541.00,50,2664850
20221117,10:17:13,42541.05,100,2664850
20221117,10:17:15,42540.00,50,2664850
20221117,10:17:16,42544.40,25,2664850
20221117,10:17:18,42541.00,50,2664850
20221117,10:17:19,42541.00,50,2664850
20221117,10:17:23,42537.75,125,2664850
20221117,10:17:24,42542.90,50,2664850
20221117,10:17:27,42546.40,50,2664850
20221117,10:17:30,42538.45,75,2664850
20221117,10:17:34,42543.60,25,2664850
20221117,10:17:39,42540.00,25,2664850
20221117,10:17:44,42542.95,25,2659250
20221117,10:17:55,42540.35,25,2659250
20221117,10:17:58,42540.00,375,2659250
20221117,10:18:01,42537.40,125,2659250
20221117,10:18:03,42535.15,50,2659250
20221117,10:18:05,42535.05,150,2659250
20221117,10:18:06,42533.60,50,2659250
20221117,10:18:08,42533.60,25,2659250
20221117,10:18:12,42539.55,125,2659250
20221117,10:18:16,42540.90,100,2659250
20221117,10:18:19,42537.30,150,2659250
20221117,10:18:20,42539.55,150,2659250
20221117,10:18:23,42538.55,25,2659250
20221117,10:18:29,42540.10,50,2659250
20221117,10:18:31,42540.00,950,2659250
20221117,10:18:34,42544.40,50,2659250
20221117,10:18:39,42547.95,150,2659250
20221117,10:18:40,42544.40,25,2659250
20221117,10:18:42,42545.60,50,2659250
20221117,10:18:43,42543.25,950,2659250
20221117,10:18:47,42538.00,100,2659250
20221117,10:18:48,42536.05,200,2659250
20221117,10:18:51,42535.00,25,2659250
20221117,10:18:53,42538.80,50,2659250
20221117,10:18:55,42535.00,25,2659250
20221117,10:18:56,42539.55,275,2659250
20221117,10:18:58,42534.10,25,2659250
20221117,10:19:02,42534.30,50,2659250
20221117,10:19:04,42533.60,25,2659250
20221117,10:19:05,42534.00,50,2659250
20221117,10:19:10,42533.95,50,2659250
20221117,10:19:12,42532.55,75,2659250
20221117,10:19:13,42532.90,50,2659250
20221117,10:19:16,42532.50,450,2659250
20221117,10:19:19,42532.30,25,2659250
20221117,10:19:23,42532.00,25,2659250
20221117,10:19:24,42530.00,1050,2659250
20221117,10:19:26,42532.05,25,2659250
20221117,10:19:30,42529.60,50,2659250
20221117,10:19:33,42527.15,25,2659250
20221117,10:19:35,42527.15,125,2659250
20221117,10:19:38,42526.95,50,2659250
20221117,10:19:40,42526.40,100,2659250
20221117,10:19:41,42529.00,75,2659250
20221117,10:19:43,42525.55,100,2659250
20221117,10:19:46,42526.25,75,2659250
20221117,10:19:48,42529.00,75,2659250
20221117,10:19:49,42526.15,75,2659250
20221117,10:19:51,42528.90,125,2659250
20221117,10:19:56,42526.60,50,2659250
20221117,10:19:59,42526.00,100,2659250
20221117,10:20:01,42525.00,250,2659250
20221117,10:20:02,42522.00,125,2659250
20221117,10:20:04,42526.45,975,2659250
20221117,10:20:06,42524.80,25,2659250
20221117,10:20:07,42525.45,75,2659250
20221117,10:20:09,42525.40,25,2659250
20221117,10:20:10,42525.50,50,2659250
20221117,10:20:14,42526.85,75,2659250
20221117,10:20:16,42527.00,25,2659250
20221117,10:20:17,42526.40,75,2659250
20221117,10:20:19,42528.40,150,2659250
20221117,10:20:21,42525.50,275,2659250
20221117,10:20:22,42525.05,25,2659250
20221117,10:20:24,42534.60,1025,2659250
20221117,10:20:25,42530.60,25,2659250
20221117,10:20:27,42537.20,125,2659250
20221117,10:20:34,42530.00,50,2659250
20221117,10:20:35,42530.20,125,2659250
20221117,10:20:37,42530.15,125,2659250
20221117,10:20:38,42534.35,200,2659250
20221117,10:20:40,42529.95,50,2659250
20221117,10:20:49,42531.30,75,2659475
20221117,10:20:50,42529.70,75,2659475
20221117,10:20:52,42530.60,175,2659475
20221117,10:20:54,42529.95,50,2659475
20221117,10:20:55,42530.45,25,2659475
20221117,10:20:58,42529.95,75,2659475
20221117,10:21:00,42526.10,75,2659475
20221117,10:21:01,42530.20,575,2659475
20221117,10:21:03,42534.35,50,2659475
20221117,10:21:05,42534.30,25,2659475
20221117,10:21:06,42534.30,25,2659475
20221117,10:21:09,42535.00,175,2659475
20221117,10:21:11,42535.00,25,2659475
20221117,10:21:13,42537.10,50,2659475
20221117,10:21:14,42536.95,50,2659475
20221117,10:21:16,42536.60,50,2659475
20221117,10:21:17,42536.30,300,2659475
20221117,10:21:19,42537.20,100,2659475
20221117,10:21:21,42535.55,25,2659475
20221117,10:21:24,42533.75,50,2659475
20221117,10:21:29,42536.30,100,2659475
20221117,10:21:35,42534.30,25,2659475
20221117,10:21:36,42536.25,100,2659475
20221117,10:21:38,42532.35,25,2659475
20221117,10:21:40,42530.80,75,2659475
20221117,10:21:41,42528.00,75,2659475
20221117,10:21:43,42530.60,225,2659475
20221117,10:21:45,42529.90,100,2659475
20221117,10:21:46,42525.60,75,2659475
20221117,10:21:50,42536.00,950,2659475
20221117,10:21:53,42526.25,175,2659475
20221117,10:21:55,42526.80,75,2659475
20221117,10:21:58,42527.00,50,2659475
20221117,10:22:00,42529.75,50,2659475
20221117,10:22:01,42525.35,25,2659475
20221117,10:22:04,42530.65,25,2659475
20221117,10:22:11,42525.00,500,2659475
20221117,10:22:13,42524.00,25,2659475
20221117,10:22:14,42523.00,125,2659475
20221117,10:22:16,42525.90,100,2659475
20221117,10:22:18,42522.50,750,2659475
20221117,10:22:19,42521.00,25,2659475
20221117,10:22:21,42521.10,250,2659475
20221117,10:22:23,42521.10,200,2659475
20221117,10:22:24,42522.40,125,2659475
20221117,10:22:26,42521.15,25,2659475
20221117,10:22:28,42521.15,50,2659475
20221117,10:22:29,42521.00,75,2659475
20221117,10:22:31,42521.00,75,2659475
20221117,10:22:32,42521.00,125,2659475
20221117,10:22:34,42521.00,150,2659475
20221117,10:22:35,42522.40,100,2659475
20221117,10:22:37,42520.80,525,2659475
20221117,10:22:39,42529.60,225,2659475
20221117,10:22:40,42524.00,50,2659475
20221117,10:22:42,42523.55,175,2659475
20221117,10:22:45,42522.00,25,2659475
20221117,10:22:47,42520.25,50,2659475
20221117,10:22:50,42520.20,75,2659475
20221117,10:22:51,42520.50,150,2659475
20221117,10:22:53,42519.50,1750,2659475
20221117,10:22:55,42520.40,50,2659475
20221117,10:22:56,42522.95,25,2659475
20221117,10:22:58,42522.95,150,2659475
20221117,10:23:01,42519.60,50,2659475
20221117,10:23:03,42519.65,50,2659475
20221117,10:23:04,42519.70,50,2659475
20221117,10:23:07,42530.75,125,2659475
20221117,10:23:11,42520.30,25,2659475
20221117,10:23:12,42521.15,550,2659475
20221117,10:23:14,42522.65,50,2659475
20221117,10:23:16,42521.05,150,2659475
20221117,10:23:17,42522.85,25,2659475
20221117,10:23:19,42522.00,25,2659475
20221117,10:23:24,42523.95,50,2659475
20221117,10:23:28,42520.00,100,2659475
20221117,10:23:30,42518.60,75,2659475
20221117,10:23:32,42518.60,75,2659475
20221117,10:23:33,42518.20,25,2659475
20221117,10:23:35,42519.60,175,2659475
20221117,10:23:36,42520.35,100,2659475
20221117,10:23:38,42520.35,75,2659475
20221117,10:23:39,42518.40,275,2659475
20221117,10:23:41,42518.80,150,2659475
20221117,10:23:42,42518.85,25,2659475
20221117,10:23:44,42518.50,400,2658750
20221117,10:23:47,42519.55,50,2658750
20221117,10:23:48,42519.50,250,2658750
20221117,10:23:50,42522.85,25,2658750
20221117,10:23:51,42521.35,175,2658750
20221117,10:23:53,42522.80,25,2658750
20221117,10:23:54,42525.00,125,2658750
20221117,10:23:56,42523.65,25,2658750
20221117,10:23:58,42526.00,175,2658750
20221117,10:23:59,42527.50,25,2658750
20221117,10:24:01,42523.35,100,2658750
20221117,10:24:02,42522.05,500,2658750
20221117,10:24:04,42522.40,50,2658750
20221117,10:24:05,42524.80,175,2658750
20221117,10:24:07,42521.65,125,2658750
20221117,10:24:08,42520.70,125,2658750
20221117,10:24:12,42520.60,25,2658750
20221117,10:24:13,42520.50,50,2658750
20221117,10:24:15,42523.00,25,2658750
20221117,10:24:16,42521.15,50,2658750
20221117,10:24:18,42521.35,50,2658750
20221117,10:24:20,42525.00,225,2658750
20221117,10:24:21,42528.05,75,2658750
20221117,10:24:23,42524.00,50,2658750
20221117,10:24:24,42524.00,25,2658750
20221117,10:24:26,42524.80,50,2658750
20221117,10:24:28,42520.15,75,2658750
20221117,10:24:29,42523.95,50,2658750
20221117,10:24:35,42521.00,100,2658750
20221117,10:24:37,42520.00,150,2658750
20221117,10:24:38,42520.00,450,2658750
20221117,10:24:40,42520.00,25,2658750
20221117,10:24:41,42519.00,250,2658750
20221117,10:24:43,42519.00,25,2658750
20221117,10:24:46,42518.35,25,2658750
20221117,10:24:47,42519.00,50,2658750
20221117,10:24:49,42518.30,200,2658750
20221117,10:24:51,42520.00,25,2658750
20221117,10:24:52,42519.00,250,2658750
20221117,10:24:55,42519.40,25,2658750
20221117,10:24:57,42520.90,175,2658750
20221117,10:24:59,42523.95,25,2658750
20221117,10:25:00,42521.05,25,2658750
20221117,10:25:02,42521.05,25,2658750
20221117,10:25:07,42521.00,25,2658750
20221117,10:25:10,42519.00,50,2658750
20221117,10:25:11,42521.00,300,2658750
20221117,10:25:13,42521.75,100,2658750
20221117,10:25:16,42523.95,100,2658750
20221117,10:25:17,42525.00,425,2658750
20221117,10:25:19,42523.85,75,2658750
20221117,10:25:21,42525.00,25,2658750
20221117,10:25:22,42524.85,25,2658750
20221117,10:25:27,42521.15,50,2658750
20221117,10:25:29,42519.70,75,2658750
20221117,10:25:30,42519.80,25,2658750
20221117,10:25:32,42519.75,25,2658750
20221117,10:25:33,42519.70,150,2658750
20221117,10:25:36,42519.45,125,2658750
20221117,10:25:43,42519.65,25,2658750
20221117,10:25:50,42521.70,25,2658750
20221117,10:25:51,42519.50,25,2658750
20221117,10:25:53,42519.50,25,2658750
20221117,10:25:54,42522.65,200,2658750
20221117,10:25:56,42522.65,25,2658750
20221117,10:25:57,42519.45,275,2658750
20221117,10:26:03,42519.80,50,2658750
20221117,10:26:05,42519.75,150,2658750
20221117,10:26:06,42519.95,225,2658750
20221117,10:26:08,42519.90,125,2658750
20221117,10:26:09,42520.35,250,2658750
20221117,10:26:11,42520.00,475,2658750
20221117,10:26:12,42520.00,25,2658750
20221117,10:26:17,42519.95,50,2658750
20221117,10:26:19,42518.75,200,2658750
20221117,10:26:20,42518.90,25,2658750
20221117,10:26:22,42520.30,325,2658750
20221117,10:26:23,42520.40,100,2658750
20221117,10:26:25,42522.15,50,2658750
20221117,10:26:28,42523.75,25,2658750
20221117,10:26:31,42520.00,200,2658750
20221117,10:26:33,42520.80,75,2658750
20221117,10:26:34,42520.55,50,2658750
20221117,10:26:36,42522.00,25,2658750
20221117,10:26:37,42522.60,25,2658750
20221117,10:26:39,42523.85,1300,2658750
20221117,10:26:44,42523.75,25,2656325
20221117,10:26:47,42522.50,25,2656325
20221117,10:26:49,42522.40,25,2656325
20221117,10:26:50,42522.40,25,2656325
20221117,10:26:52,42522.40,25,2656325
20221117,10:26:54,42524.80,200,2656325
20221117,10:26:59,42522.15,100,2656325
20221117,10:27:00,42521.30,75,2656325
20221117,10:27:02,42522.00,25,2656325
20221117,10:27:04,42521.05,150,2656325
20221117,10:27:05,42522.00,200,2656325
20221117,10:27:07,42524.00,725,2656325
20221117,10:27:10,42521.85,25,2656325
20221117,10:27:12,42524.00,25,2656325
20221117,10:27:17,42524.80,25,2656325
20221117,10:27:18,42524.40,25,2656325
20221117,10:27:20,42524.80,25,2656325
20221117,10:27:22,42524.80,100,2656325
20221117,10:27:23,42527.10,275,2656325
20221117,10:27:25,42530.00,50,2656325
20221117,10:27:28,42530.00,25,2656325
20221117,10:27:32,42529.80,25,2656325
20221117,10:27:33,42532.00,250,2656325
20221117,10:27:35,42535.00,50,2656325
20221117,10:27:37,42539.95,175,2656325
20221117,10:27:38,42540.00,75,2656325
20221117,10:27:40,42540.00,25,2656325
20221117,10:27:41,42541.60,1200,2656325
20221117,10:27:43,42541.15,25,2656325
20221117,10:27:46,42535.15,125,2656325
20221117,10:27:48,42537.15,75,2656325
20221117,10:27:52,42535.00,25,2656325
20221117,10:27:54,42535.00,50,2656325
20221117,10:27:56,42533.15,75,2656325
20221117,10:27:59,42537.10,50,2656325
20221117,10:28:01,42535.00,25,2656325
20221117,10:28:04,42535.00,25,2656325
20221117,10:28:05,42537.95,525,2656325
20221117,10:28:07,42533.25,125,2656325
20221117,10:28:10,42533.15,25,2656325
20221117,10:28:15,42535.10,25,2656325
20221117,10:28:16,42538.75,25,2656325
20221117,10:28:18,42539.55,50,2656325
20221117,10:28:20,42540.00,150,2656325
20221117,10:28:21,42540.80,100,2656325
20221117,10:28:23,42532.00,350,2656325
20221117,10:28:25,42535.00,50,2656325
20221117,10:28:28,42533.00,150,2656325
20221117,10:28:29,42531.00,25,2656325
20221117,10:28:36,42535.10,25,2656325
20221117,10:28:38,42530.75,50,2656325
20221117,10:28:39,42535.00,25,2656325
20221117,10:28:44,42535.20,25,2656325
20221117,10:28:46,42536.90,50,2656325
20221117,10:28:47,42535.20,100,2656325
20221117,10:28:49,42536.90,25,2656325
20221117,10:28:50,42531.00,25,2656325
20221117,10:28:52,42530.10,500,2656325
20221117,10:28:53,42530.10,50,2656325
20221117,10:28:55,42531.55,25,2656325
20221117,10:28:56,42531.60,25,2656325
20221117,10:28:58,42531.05,100,2656325
20221117,10:29:01,42531.55,25,2656325
20221117,10:29:03,42533.00,50,2656325
20221117,10:29:05,42530.75,100,2656325
20221117,10:29:06,42530.35,50,2656325
20221117,10:29:08,42530.00,25,2656325
20221117,10:29:17,42530.20,50,2656325
20221117,10:29:19,42530.20,25,2656325
20221117,10:29:22,42532.30,25,2656325
20221117,10:29:27,42530.20,25,2656325
20221117,10:29:28,42529.80,75,2656325
20221117,10:29:30,42529.00,125,2656325
20221117,10:29:34,42530.20,125,2656325
20221117,10:29:37,42530.55,200,2656325
20221117,10:29:40,42530.20,25,2656325
20221117,10:29:43,42529.95,25,2655700
20221117,10:29:46,42530.00,75,2655700
20221117,10:29:47,42529.95,25,2655700
20221117,10:29:50,42530.00,175,2655700
20221117,10:29:57,42530.20,25,2655700
20221117,10:29:58,42530.40,150,2655700
20221117,10:30:00,42530.35,250,2655700
20221117,10:30:01,42532.70,25,2655700
20221117,10:30:03,42532.30,350,2655700
20221117,10:30:04,42535.00,100,2655700
20221117,10:30:06,42532.70,25,2655700
20221117,10:30:08,42534.25,50,2655700
20221117,10:30:12,42542.00,100,2655700
20221117,10:30:14,42542.00,25,2655700
20221117,10:30:17,42540.20,175,2655700
20221117,10:30:19,42542.00,50,2655700
20221117,10:30:20,42538.10,75,2655700
20221117,10:30:22,42543.00,300,2655700
20221117,10:30:23,42541.55,25,2655700
20221117,10:30:25,42541.10,75,2655700
20221117,10:30:27,42535.20,175,2655700
20221117,10:30:28,42532.90,50,2655700
20221117,10:30:32,42530.35,125,2655700
20221117,10:30:36,42530.35,75,2655700
20221117,10:30:38,42530.20,100,2655700
20221117,10:30:46,42535.00,25,2655700
20221117,10:30:49,42535.20,150,2655700
20221117,10:30:56,42538.75,425,2655700
20221117,10:31:02,42531.55,225,2655700
20221117,10:31:04,42535.55,50,2655700
20221117,10:31:17,42532.75,25,2655700
20221117,10:31:19,42535.05,125,2655700
20221117,10:31:21,42540.00,50,2655700
20221117,10:31:27,42539.35,175,2655700
20221117,10:31:29,42532.35,50,2655700
20221117,10:31:32,42532.55,75,2655700
20221117,10:31:34,42537.55,50,2655700
20221117,10:31:36,42538.20,25,2655700
20221117,10:31:39,42541.55,25,2655700
20221117,10:31:40,42542.40,25,2655700
20221117,10:31:44,42543.40,25,2655700
20221117,10:31:45,42543.40,25,2655700
20221117,10:31:47,42543.40,50,2655700
20221117,10:31:48,42543.70,50,2655700
20221117,10:31:50,42543.55,150,2655700
20221117,10:31:53,42542.90,50,2655700
20221117,10:31:55,42543.25,25,2655700
20221117,10:31:58,42545.00,25,2655700
20221117,10:31:59,42545.00,25,2655700
20221117,10:32:01,42544.65,75,2655700
20221117,10:32:03,42545.00,75,2655700
20221117,10:32:04,42544.20,25,2655700
20221117,10:32:07,42544.90,25,2655700
20221117,10:32:09,42545.00,50,2655700
20221117,10:32:10,42541.15,100,2655700
20221117,10:32:14,42540.00,200,2655700
20221117,10:32:15,42545.00,1000,2655700
20221117,10:32:18,42544.80,75,2655700
20221117,10:32:23,42541.00,25,2655700
20221117,10:32:26,42543.55,75,2655700
20221117,10:32:28,42543.60,100,2655700
20221117,10:32:29,42542.20,50,2655700
20221117,10:32:31,42538.00,125,2655700
20221117,10:32:37,42536.00,50,2655700
20221117,10:32:40,42542.45,25,2655700
20221117,10:32:47,42540.70,25,2657050
20221117,10:32:50,42536.35,25,2657050
20221117,10:32:55,42536.00,50,2657050
20221117,10:32:56,42538.30,125,2657050
20221117,10:32:58,42536.05,100,2657050
20221117,10:33:03,42531.00,25,2657050
20221117,10:33:06,42531.00,25,2657050
20221117,10:33:08,42525.55,475,2657050
20221117,10:33:11,42525.30,50,2657050
20221117,10:33:13,42525.00,50,2657050
20221117,10:33:14,42525.00,25,2657050
20221117,10:33:16,42520.05,450,2657050
20221117,10:33:18,42520.05,75,2657050
20221117,10:33:19,42520.20,175,2657050
20221117,10:33:22,42521.35,75,2657050
20221117,10:33:28,42520.00,775,2657050
20221117,10:33:29,42520.00,75,2657050
20221117,10:33:31,42521.95,100,2657050
20221117,10:33:32,42521.05,625,2657050
20221117,10:33:34,42524.20,350,2657050
20221117,10:33:36,42521.60,25,2657050
20221117,10:33:42,42524.20,25,2657050
20221117,10:33:44,42524.20,100,2657050
20221117,10:33:45,42524.20,150,2657050
20221117,10:33:47,42525.55,25,2657050
20221117,10:33:49,42529.25,100,2657050
20221117,10:33:50,42529.25,50,2657050
20221117,10:33:54,42534.00,550,2657050
20221117,10:33:55,42530.60,50,2657050
20221117,10:33:57,42531.65,150,2657050
20221117,10:34:00,42531.65,25,2657050
20221117,10:34:03,42524.55,25,2657050
20221117,10:34:05,42523.30,75,2657050
20221117,10:34:10,42526.95,25,2657050
20221117,10:34:23,42520.65,900,2657050
20221117,10:34:24,42520.60,100,2657050
20221117,10:34:26,42523.30,50,2657050
20221117,10:34:27,42526.50,25,2657050
20221117,10:34:29,42523.30,100,2657050
20221117,10:34:30,42523.30,75,2657050
20221117,10:34:32,42521.45,25,2657050
20221117,10:34:34,42521.00,225,2657050
20221117,10:34:35,42521.80,550,2657050
20221117,10:34:37,42521.55,50,2657050
20221117,10:34:43,42520.85,100,2657050
20221117,10:34:48,42521.70,50,2657050
20221117,10:34:49,42520.00,25,2657050
20221117,10:34:51,42521.15,25,2657050
20221117,10:34:53,42521.70,25,2657050
20221117,10:34:57,42520.00,125,2657050
20221117,10:34:59,42518.00,1025,2657050
20221117,10:35:01,42517.15,175,2657050
20221117,10:35:02,42517.20,100,2657050
20221117,10:35:04,42517.15,100,2657050
20221117,10:35:06,42517.15,25,2657050
20221117,10:35:07,42517.15,75,2657050
20221117,10:35:09,42517.00,125,2657050
20221117,10:35:11,42518.95,25,2657050
20221117,10:35:15,42519.20,175,2657050
20221117,10:35:19,42521.70,175,2657050
20221117,10:35:22,42521.00,225,2657050
20221117,10:35:25,42523.35,50,2657050
20221117,10:35:27,42521.00,25,2657050
20221117,10:35:30,42519.50,25,2657050
20221117,10:35:32,42520.40,50,2657050
20221117,10:35:33,42520.70,50,2657050
20221117,10:35:35,42520.40,75,2657050
20221117,10:35:37,42518.00,75,2657050
20221117,10:35:38,42517.20,50,2657050
20221117,10:35:41,42521.20,50,2657050
20221117,10:35:43,42518.10,25,2657050
20221117,10:35:45,42521.90,25,2656675
20221117,10:35:50,42517.00,75,2656675
20221117,10:35:51,42517.30,25,2656675
20221117,10:35:53,42519.80,50,2656675
20221117,10:35:55,42520.00,50,2656675
20221117,10:35:56,42519.95,75,2656675
20221117,10:35:58,42518.60,50,2656675
20221117,10:36:05,42520.00,50,2656675
20221117,10:36:08,42518.00,25,2656675
20221117,10:36:13,42515.65,1125,2656675
20221117,10:36:14,42516.40,75,2656675
20221117,10:36:18,42518.00,50,2656675
20221117,10:36:19,42518.00,25,2656675
20221117,10:36:21,42518.15,25,2656675
20221117,10:36:22,42519.95,250,2656675
20221117,10:36:27,42516.10,25,2656675
20221117,10:36:29,42520.00,100,2656675
20221117,10:36:31,42516.15,450,2656675
20221117,10:36:32,42516.40,925,2656675
20221117,10:36:34,42520.00,450,2656675
20221117,10:36:37,42517.15,75,2656675
20221117,10:36:40,42517.10,75,2656675
20221117,10:36:42,42520.00,50,2656675
20221117,10:36:43,42517.90,275,2656675
20221117,10:36:45,42517.90,25,2656675
20221117,10:36:47,42517.00,75,2656675
20221117,10:36:51,42519.95,125,2656675
20221117,10:36:55,42519.95,25,2656675
20221117,10:36:56,42519.95,125,2656675
20221117,10:36:59,42516.15,25,2656675
20221117,10:37:01,42514.35,900,2656675
20221117,10:37:02,42512.25,100,2656675
20221117,10:37:04,42512.00,200,2656675
20221117,10:37:06,42510.00,2375,2656675
20221117,10:37:07,42508.20,125,2656675
