20221117,09:15:00,42685.90,1,461400
20221117,09:15:00,42685.85,125,461400
20221117,09:15:01,42675.00,50,461400
20221117,09:15:03,42675.00,25,461400
20221117,09:15:05,42673.75,75,461400
20221117,09:15:07,42673.75,100,461400
20221117,09:15:09,42694.00,25,461400
20221117,09:15:10,42702.40,100,461400
20221117,09:15:11,42714.35,75,461400
20221117,09:15:12,42714.00,25,461400
20221117,09:15:14,42696.70,125,461400
20221117,09:15:15,42695.20,325,461400
20221117,09:15:18,42706.00,50,461400
20221117,09:15:20,42708.10,50,461400
20221117,09:15:21,42711.95,25,461400
20221117,09:15:22,42699.85,25,461400
20221117,09:15:23,42713.40,50,461400
20221117,09:15:26,42722.60,75,461400
20221117,09:15:27,42715.00,25,461400
20221117,09:15:29,42727.20,75,461400
20221117,09:15:32,42732.25,50,461400
20221117,09:15:33,42733.80,25,461400
20221117,09:15:34,42733.80,25,461400
20221117,09:15:36,42722.40,50,461400
20221117,09:15:37,42717.45,400,461400
20221117,09:15:40,42726.30,100,461400
20221117,09:15:41,42720.30,175,461400
20221117,09:15:43,42718.45,200,461400
20221117,09:15:44,42721.65,25,461400
20221117,09:15:51,42721.65,125,461400
20221117,09:15:53,42721.65,25,461400
20221117,09:15:56,42734.15,200,461400
20221117,09:15:59,42736.85,50,461400
20221117,09:16:03,42736.85,25,461400
20221117,09:16:05,42723.25,50,461400
20221117,09:16:08,42734.40,25,461400
20221117,09:16:09,42723.00,100,461400
20221117,09:16:11,42723.00,50,461400
20221117,09:16:12,42721.65,75,461400
20221117,09:16:15,42726.40,25,461400
20221117,09:16:19,42723.30,50,461400
20221117,09:16:23,42723.30,50,461400
20221117,09:16:25,42725.00,50,461400
20221117,09:16:26,42725.20,75,461400
20221117,09:16:28,42727.85,25,461400
20221117,09:16:29,42725.20,25,461400
20221117,09:16:32,42725.30,50,461400
20221117,09:16:37,42725.30,50,461400
20221117,09:16:43,42726.00,25,461400
20221117,09:16:45,42725.20,100,461400
20221117,09:16:46,42723.50,75,461400
20221117,09:16:48,42724.65,25,461400
20221117,09:16:51,42715.25,50,461400
20221117,09:16:53,42716.40,50,461400
20221117,09:16:56,42712.15,100,461400
20221117,09:16:59,42708.65,50,461400
20221117,09:17:03,42705.00,25,461400
20221117,09:17:10,42707.05,50,461400
20221117,09:17:11,42710.15,125,461400
20221117,09:17:14,42725.00,25,461400
20221117,09:17:19,42721.10,50,461400
20221117,09:17:25,42728.20,25,461400
20221117,09:17:30,42730.60,50,461400
20221117,09:17:31,42725.05,25,461400
20221117,09:17:33,42725.00,125,461400
20221117,09:17:34,42725.00,25,461400
20221117,09:17:36,42724.45,525,461400
20221117,09:17:39,42723.60,50,461400
20221117,09:17:42,42718.05,550,462750
20221117,09:17:51,42722.30,25,462750
20221117,09:17:54,42725.10,25,462750
20221117,09:18:02,42721.35,75,462750
20221117,09:18:03,42728.60,100,462750
20221117,09:18:05,42725.00,100,462750
20221117,09:18:06,42724.50,25,462750
20221117,09:18:13,42723.45,25,462750
20221117,09:18:17,42724.05,25,462750
20221117,09:18:19,42720.00,50,462750
20221117,09:18:20,42722.15,75,462750
20221117,09:18:21,42720.00,25,462750
20221117,09:18:32,42721.05,25,462750
20221117,09:18:33,42721.30,50,462750
20221117,09:18:35,42718.05,25,462750
20221117,09:18:44,42725.80,100,462750
20221117,09:18:45,42721.10,75,462750
20221117,09:18:53,42720.00,125,462750
20221117,09:18:55,42715.00,25,462750
20221117,09:18:56,42721.15,25,462750
20221117,09:18:58,42715.00,25,462750
20221117,09:19:07,42721.15,25,462750
20221117,09:19:13,42721.25,50,462750
20221117,09:19:14,42722.00,50,462750
20221117,09:19:16,42719.50,75,462750
20221117,09:19:20,42720.00,50,462750
20221117,09:19:27,42725.80,50,462750
20221117,09:19:34,42725.80,25,462750
20221117,09:19:37,42725.80,25,462750
20221117,09:19:45,42723.05,25,462750
20221117,09:19:47,42725.80,225,462750
20221117,09:19:48,42735.00,500,462750
20221117,09:19:52,42728.25,25,462750
20221117,09:20:13,42731.80,25,462750
20221117,09:20:19,42740.90,675,462750
20221117,09:20:22,42740.90,50,462750
20221117,09:20:25,42735.00,50,462750
20221117,09:20:29,42732.95,75,462750
20221117,09:20:40,42735.00,25,462750
20221117,09:20:44,42739.00,25,463900
20221117,09:20:45,42745.75,50,463900
20221117,09:20:47,42750.00,300,463900
20221117,09:20:50,42750.00,25,463900
20221117,09:20:52,42738.10,175,463900
20221117,09:20:55,42735.00,25,463900
20221117,09:21:02,42745.15,75,463900
20221117,09:21:03,42742.10,25,463900
20221117,09:21:10,42739.05,25,463900
20221117,09:21:18,42745.00,25,463900
20221117,09:21:21,42742.10,25,463900
20221117,09:21:24,42746.00,25,463900
20221117,09:21:27,42746.20,25,463900
20221117,09:21:29,42749.90,75,463900
20221117,09:21:34,42747.85,25,463900
20221117,09:21:37,42741.15,25,463900
20221117,09:21:42,42746.00,25,463900
20221117,09:21:49,42754.15,100,463900
20221117,09:21:59,42754.15,50,463900
20221117,09:22:07,42748.00,100,463900
20221117,09:22:22,42751.20,25,463900
20221117,09:22:27,42748.15,50,463900
20221117,09:22:28,42748.00,125,463900
20221117,09:22:45,42748.05,200,463900
20221117,09:22:48,42750.75,25,463900
20221117,09:22:50,42758.00,25,463900
20221117,09:22:51,42769.75,100,463900
20221117,09:22:58,42766.50,100,463900
20221117,09:23:03,42769.75,25,463900
20221117,09:23:08,42766.00,25,463900
20221117,09:23:10,42766.60,25,463900
20221117,09:23:15,42768.85,50,463900
20221117,09:23:16,42761.40,25,463900
20221117,09:23:19,42766.30,75,463900
20221117,09:23:58,42759.60,25,464425
20221117,09:24:00,42755.90,75,464425
20221117,09:24:02,42754.95,25,464425
20221117,09:24:03,42750.05,150,464425
20221117,09:24:10,42750.00,125,464425
20221117,09:24:11,42747.90,25,464425
20221117,09:24:13,42745.95,75,464425
20221117,09:24:34,42737.35,25,464425
20221117,09:24:37,42737.60,25,464425
20221117,09:24:39,42738.05,25,464425
20221117,09:24:41,42736.90,100,464425
20221117,09:24:47,42737.70,25,464425
20221117,09:24:54,42737.90,25,464425
20221117,09:25:07,42739.25,100,464425
20221117,09:25:10,42731.00,25,464425
20221117,09:25:14,42735.90,50,464425
20221117,09:25:17,42728.25,25,464425
20221117,09:25:30,42730.00,375,464425
20221117,09:25:37,42735.00,50,464425
20221117,09:25:38,42735.00,50,464425
20221117,09:25:40,42732.65,25,464425
20221117,09:25:50,42733.80,25,464425
20221117,09:25:55,42741.00,75,464425
20221117,09:26:09,42734.95,50,464425
20221117,09:26:22,42734.00,200,464425
20221117,09:26:24,42734.35,125,464425
20221117,09:26:35,42734.50,25,464425
20221117,09:26:37,42727.00,50,464425
20221117,09:26:40,42732.00,25,464425
20221117,09:26:48,42726.55,225,464600
20221117,09:26:59,42730.00,50,464600
20221117,09:27:01,42736.30,75,464600
20221117,09:27:09,42730.00,25,464600
20221117,09:27:26,42737.40,75,464600
20221117,09:27:53,42726.95,75,464600
20221117,09:27:58,42728.25,25,464600
20221117,09:28:13,42730.00,25,464600
20221117,09:28:15,42732.05,50,464600
20221117,09:28:34,42736.45,50,464600
20221117,09:28:41,42740.00,75,464600
20221117,09:29:12,42744.65,75,464600
20221117,09:29:13,42743.35,25,464600
20221117,09:29:15,42749.00,25,464600
20221117,09:29:19,42741.95,25,464600
20221117,09:29:23,42740.15,75,464600
20221117,09:29:24,42739.45,25,464600
20221117,09:29:34,42736.40,150,464600
20221117,09:29:39,42739.45,25,464975
20221117,09:29:52,42739.45,25,464975
20221117,09:29:53,42735.00,25,464975
20221117,09:29:57,42741.10,50,464975
20221117,09:30:08,42748.20,75,464975
20221117,09:30:12,42744.95,25,464975
20221117,09:30:17,42740.00,50,464975
20221117,09:30:25,42742.00,50,464975
20221117,09:30:26,42740.90,50,464975
20221117,09:30:31,42744.00,75,464975
20221117,09:30:44,42739.00,25,464975
20221117,09:30:47,42735.00,50,464975
20221117,09:30:52,42737.00,25,464975
20221117,09:30:56,42735.00,25,464975
20221117,09:30:58,42735.00,50,464975
20221117,09:30:59,42735.00,75,464975
20221117,09:31:03,42730.00,25,464975
20221117,09:31:09,42730.00,25,464975
20221117,09:31:17,42730.00,50,464975
20221117,09:31:18,42733.00,625,464975
20221117,09:31:20,42733.60,25,464975
20221117,09:31:25,42733.50,25,464975
20221117,09:31:26,42733.00,25,464975
20221117,09:31:49,42734.05,25,464975
20221117,09:31:52,42727.55,100,464975
20221117,09:31:54,42726.85,50,464975
20221117,09:32:00,42727.00,150,464975
20221117,09:32:05,42735.00,25,464975
20221117,09:32:11,42737.50,25,464975
20221117,09:32:16,42733.00,25,464975
20221117,09:32:18,42740.00,25,464975
20221117,09:32:21,42746.70,25,464975
20221117,09:32:23,42738.10,25,464975
20221117,09:32:38,42739.00,25,464975
20221117,09:32:41,42739.00,25,465775
20221117,09:32:47,42748.40,250,465775
20221117,09:32:49,42738.85,25,465775
20221117,09:32:51,42738.60,25,465775
20221117,09:33:02,42745.75,25,465775
20221117,09:33:07,42750.00,125,465775
20221117,09:33:09,42750.00,200,465775
20221117,09:33:10,42758.70,25,465775
20221117,09:33:12,42755.20,25,465775
20221117,09:33:30,42755.20,25,465775
20221117,09:33:32,42760.80,125,465775
20221117,09:33:33,42775.00,225,465775
20221117,09:33:35,42779.95,25,465775
20221117,09:33:37,42779.95,25,465775
20221117,09:33:38,42766.70,125,465775
20221117,09:33:40,42776.65,25,465775
20221117,09:33:51,42775.85,50,465775
20221117,09:33:56,42775.85,25,465775
20221117,09:33:59,42776.35,25,465775
20221117,09:34:01,42775.90,25,465775
20221117,09:34:03,42775.85,200,465775
20221117,09:34:04,42775.85,25,465775
20221117,09:34:06,42775.00,125,465775
20221117,09:34:08,42771.85,50,465775
20221117,09:34:13,42770.05,50,465775
20221117,09:34:19,42771.00,25,465775
20221117,09:34:24,42771.85,25,465775
20221117,09:34:29,42775.70,225,465775
20221117,09:34:32,42768.95,25,465775
20221117,09:34:34,42770.75,25,465775
20221117,09:34:35,42774.80,75,465775
20221117,09:34:40,42773.85,50,465775
20221117,09:34:47,42771.00,25,465775
20221117,09:34:49,42770.50,25,465775
20221117,09:34:54,42770.65,25,465775
20221117,09:34:55,42775.00,25,465775
20221117,09:34:57,42770.55,25,465775
20221117,09:34:58,42775.00,75,465775
20221117,09:35:00,42775.00,25,465775
20221117,09:35:03,42780.00,500,465775
20221117,09:35:05,42785.00,325,465775
20221117,09:35:07,42785.00,75,465775
20221117,09:35:10,42783.45,25,465775
20221117,09:35:12,42780.85,50,465775
20221117,09:35:13,42785.00,50,465775
20221117,09:35:15,42785.00,25,465775
20221117,09:35:17,42784.65,100,465775
20221117,09:35:22,42783.00,25,465775
20221117,09:35:23,42775.00,25,465775
20221117,09:35:27,42774.50,75,465775
20221117,09:35:28,42772.15,100,465775
20221117,09:35:30,42770.50,25,465775
20221117,09:35:42,42770.00,25,467200
20221117,09:35:45,42770.00,25,467200
20221117,09:35:50,42768.55,25,467200
20221117,09:35:51,42768.60,25,467200
20221117,09:35:53,42772.00,50,467200
20221117,09:36:06,42770.00,150,467200
20221117,09:36:08,42773.80,25,467200
20221117,09:36:13,42770.25,50,467200
20221117,09:36:14,42770.25,150,467200
20221117,09:36:28,42771.95,25,467200
20221117,09:36:30,42768.20,25,467200
20221117,09:36:36,42770.25,25,467200
20221117,09:36:39,42777.00,50,467200
20221117,09:36:41,42780.00,25,467200
20221117,09:36:43,42785.00,75,467200
20221117,09:36:44,42790.85,600,467200
20221117,09:36:46,42786.65,100,467200
20221117,09:36:49,42786.85,200,467200
20221117,09:36:53,42790.55,300,467200
20221117,09:36:54,42786.85,125,467200
20221117,09:36:56,42791.60,175,467200
20221117,09:36:58,42784.00,200,467200
20221117,09:37:03,42787.55,25,467200
20221117,09:37:04,42785.20,300,467200
20221117,09:37:06,42785.25,25,467200
20221117,09:37:11,42793.65,125,467200
20221117,09:37:12,42793.65,25,467200
20221117,09:37:14,42792.85,425,467200
20221117,09:37:16,42789.10,200,467200
20221117,09:37:17,42790.00,50,467200
20221117,09:37:19,42788.05,175,467200
20221117,09:37:24,42789.00,25,467200
20221117,09:37:32,42790.00,25,467200
20221117,09:37:35,42784.95,325,467200
20221117,09:37:40,42780.00,50,467200
20221117,09:37:42,42777.70,25,467200
20221117,09:37:45,42782.35,100,467200
20221117,09:37:50,42785.10,50,467200
20221117,09:37:52,42782.45,25,467200
20221117,09:37:54,42786.85,25,467200
20221117,09:37:57,42787.45,125,467200
20221117,09:37:59,42786.10,175,467200
20221117,09:38:05,42789.95,100,467200
20221117,09:38:09,42786.95,25,467200
20221117,09:38:17,42790.00,50,467200
20221117,09:38:20,42789.10,25,467200
20221117,09:38:22,42793.80,350,467200
20221117,09:38:25,42793.80,125,467200
20221117,09:38:27,42788.85,700,467200
20221117,09:38:32,42788.90,75,467200
20221117,09:38:33,42788.85,750,467200
20221117,09:38:38,42788.50,25,467200
20221117,09:38:42,42787.85,25,472400
20221117,09:38:45,42785.60,375,472400
20221117,09:38:48,42783.00,25,472400
20221117,09:39:01,42782.75,525,472400
20221117,09:39:05,42783.40,75,472400
20221117,09:39:14,42780.70,50,472400
20221117,09:39:21,42783.00,25,472400
20221117,09:39:35,42785.30,100,472400
20221117,09:39:39,42785.20,500,472400
20221117,09:39:41,42785.70,25,472400
20221117,09:39:47,42781.15,25,472400
20221117,09:39:49,42781.15,50,472400
20221117,09:39:51,42781.15,25,472400
20221117,09:39:54,42782.15,25,472400
20221117,09:39:56,42782.10,50,472400
20221117,09:39:59,42782.10,25,472400
20221117,09:40:02,42780.05,175,472400
20221117,09:40:04,42780.00,50,472400
20221117,09:40:05,42778.75,25,472400
20221117,09:40:07,42777.05,50,472400
20221117,09:40:15,42777.60,75,472400
20221117,09:40:20,42777.55,50,472400
20221117,09:40:25,42777.90,50,472400
20221117,09:40:33,42783.85,150,472400
20221117,09:40:35,42783.85,50,472400
20221117,09:40:38,42783.85,75,472400
20221117,09:40:42,42783.80,50,472400
20221117,09:40:43,42783.80,25,472400
20221117,09:40:55,42784.95,25,472400
20221117,09:41:05,42783.80,125,472400
20221117,09:41:06,42780.00,200,472400
20221117,09:41:15,42778.05,25,472400
20221117,09:41:16,42778.05,25,472400
20221117,09:41:18,42778.00,25,472400
20221117,09:41:21,42780.00,25,472400
20221117,09:41:25,42782.55,25,472400
20221117,09:41:31,42777.50,25,472400
20221117,09:41:35,42775.05,25,472400
20221117,09:41:40,42775.00,100,472400
20221117,09:41:58,42779.95,75,475275
20221117,09:41:59,42777.35,50,475275
20221117,09:42:09,42780.80,100,475275
20221117,09:42:11,42782.10,25,475275
20221117,09:42:18,42782.10,100,475275
20221117,09:42:29,42782.15,100,475275
20221117,09:42:31,42782.10,50,475275
20221117,09:43:00,42782.00,225,475275
20221117,09:43:02,42779.80,25,475275
20221117,09:43:19,42772.95,25,475275
20221117,09:43:21,42772.90,75,475275
20221117,09:43:25,42773.30,125,475275
20221117,09:43:42,42773.35,100,475275
20221117,09:43:48,42772.00,25,475275
20221117,09:43:50,42773.35,25,475275
20221117,09:44:04,42773.35,25,475275
20221117,09:44:17,42776.00,250,475275
20221117,09:44:26,42780.50,25,475275
20221117,09:44:29,42781.60,25,475275
20221117,09:44:31,42781.00,150,475275
20221117,09:44:44,42780.90,25,476050
20221117,09:44:53,42780.85,25,476050
20221117,09:44:57,42775.10,150,476050
20221117,09:45:00,42772.20,25,476050
20221117,09:45:02,42772.25,25,476050
20221117,09:45:03,42772.25,25,476050
20221117,09:45:07,42772.20,100,476050
20221117,09:45:08,42772.20,50,476050
20221117,09:45:13,42772.20,125,476050
20221117,09:45:15,42762.05,125,476050
20221117,09:45:20,42760.00,50,476050
20221117,09:45:28,42751.60,900,476050
20221117,09:45:30,42762.10,75,476050
20221117,09:45:33,42760.00,50,476050
20221117,09:45:43,42752.30,50,476050
20221117,09:45:46,42753.55,75,476050
20221117,09:45:48,42752.55,100,476050
20221117,09:45:51,42759.25,25,476050
20221117,09:45:56,42754.45,175,476050
20221117,09:45:57,42760.10,225,476050
20221117,09:45:59,42759.85,75,476050
20221117,09:46:04,42746.35,900,476050
20221117,09:46:06,42747.75,75,476050
20221117,09:46:07,42755.00,25,476050
20221117,09:46:11,42747.15,25,476050
20221117,09:46:12,42743.05,75,476050
20221117,09:46:16,42740.15,150,476050
20221117,09:46:17,42742.00,125,476050
20221117,09:46:19,42741.00,50,476050
20221117,09:46:26,42743.00,25,476050
20221117,09:46:27,42742.85,25,476050
20221117,09:46:29,42742.85,50,476050
20221117,09:46:31,42742.85,50,476050
20221117,09:46:34,42741.05,100,476050
20221117,09:46:37,42742.05,650,476050
20221117,09:46:44,42745.35,25,476050
20221117,09:46:51,42747.75,225,476050
20221117,09:46:53,42745.35,50,476050
20221117,09:46:58,42749.00,25,476050
20221117,09:47:03,42745.05,25,476050
20221117,09:47:06,42745.05,75,476050
20221117,09:47:11,42742.90,25,476050
20221117,09:47:14,42744.05,25,476050
20221117,09:47:16,42750.00,100,476050
20221117,09:47:17,42746.80,25,476050
20221117,09:47:24,42744.45,25,476050
20221117,09:47:27,42746.05,75,476050
20221117,09:47:36,42744.45,25,476050
20221117,09:47:37,42744.10,25,476050
20221117,09:47:44,42744.00,25,479025
20221117,09:47:45,42743.55,25,479025
20221117,09:47:47,42744.00,50,479025
20221117,09:47:48,42744.05,25,479025
20221117,09:47:53,42744.45,25,479025
20221117,09:47:56,42742.85,50,479025
20221117,09:48:13,42742.85,50,479025
20221117,09:48:22,42746.65,25,479025
20221117,09:48:24,42746.65,50,479025
20221117,09:48:26,42750.00,350,479025
20221117,09:48:27,42752.05,25,479025
20221117,09:48:37,42755.00,25,479025
20221117,09:48:39,42755.00,25,479025
20221117,09:48:40,42755.00,75,479025
20221117,09:48:53,42755.00,25,479025
20221117,09:48:55,42752.05,25,479025
20221117,09:48:58,42755.00,25,479025
20221117,09:49:08,42752.05,100,479025
20221117,09:49:16,42752.05,25,479025
20221117,09:49:19,42752.05,25,479025
20221117,09:49:24,42750.00,225,479025
20221117,09:49:28,42750.00,75,479025
20221117,09:49:33,42750.00,250,479025
20221117,09:49:38,42745.25,25,479025
20221117,09:49:41,42745.25,25,479025
20221117,09:49:56,42745.00,125,479025
20221117,09:50:01,42746.15,50,479025
20221117,09:50:03,42746.10,25,479025
20221117,09:50:04,42746.10,50,479025
20221117,09:50:14,42743.00,350,479025
20221117,09:50:17,42740.05,25,479025
20221117,09:50:19,42740.05,50,479025
20221117,09:50:23,42740.00,150,479025
20221117,09:50:36,42735.05,25,479025
20221117,09:50:41,42739.70,25,479025
20221117,09:50:50,42735.00,25,479900
20221117,09:50:54,42737.80,50,479900
20221117,09:50:58,42732.20,25,479900
20221117,09:51:03,42738.55,50,479900
20221117,09:51:05,42740.00,225,479900
20221117,09:51:23,42740.00,100,479900
20221117,09:51:24,42735.15,25,479900
20221117,09:51:48,42735.05,25,479900
20221117,09:51:51,42736.00,25,479900
20221117,09:52:13,42736.10,25,479900
20221117,09:52:24,42736.10,25,479900
20221117,09:52:34,42740.00,125,479900
20221117,09:52:35,42741.05,25,479900
20221117,09:52:44,42743.05,25,479900
20221117,09:52:47,42747.95,100,479900
20221117,09:52:50,42743.00,25,479900
20221117,09:52:55,42747.85,25,479900
20221117,09:52:57,42748.15,25,479900
20221117,09:53:02,42743.00,25,479900
20221117,09:53:03,42743.00,75,479900
20221117,09:53:11,42740.70,25,479900
20221117,09:53:29,42749.35,25,479900
20221117,09:53:30,42752.05,25,479900
20221117,09:53:48,42748.10,50,480225
20221117,09:53:59,42748.10,75,480225
20221117,09:54:03,42743.55,25,480225
20221117,09:54:13,42751.30,25,480225
20221117,09:54:15,42751.30,25,480225
20221117,09:54:27,42752.05,25,480225
20221117,09:54:28,42755.15,25,480225
20221117,09:54:41,42759.00,25,480225
20221117,09:54:52,42761.80,25,480225
20221117,09:54:55,42761.65,25,480225
20221117,09:55:05,42763.95,175,480225
20221117,09:55:09,42761.85,25,480225
20221117,09:55:13,42761.80,100,480225
20221117,09:55:32,42765.00,50,480225
20221117,09:55:35,42765.00,25,480225
20221117,09:55:36,42766.20,50,480225
20221117,09:55:38,42769.00,25,480225
20221117,09:55:40,42774.60,75,480225
20221117,09:55:41,42775.00,25,480225
20221117,09:55:46,42776.05,25,480225
20221117,09:55:53,42778.85,200,480225
20221117,09:55:54,42778.85,75,480225
20221117,09:56:01,42777.50,25,480225
20221117,09:56:08,42775.05,200,480225
20221117,09:56:09,42775.00,25,480225
20221117,09:56:18,42772.40,100,480225
20221117,09:56:19,42770.05,25,480225
20221117,09:56:28,42770.15,100,480225
20221117,09:56:34,42772.00,25,480225
20221117,09:56:37,42771.00,25,480225
20221117,09:56:47,42771.05,25,481400
20221117,09:57:00,42771.30,50,481400
20221117,09:57:08,42776.45,75,481400
20221117,09:57:10,42774.00,200,481400
20221117,09:57:11,42771.05,25,481400
20221117,09:57:15,42771.00,50,481400
20221117,09:57:21,42772.05,25,481400
20221117,09:57:24,42771.00,25,481400
20221117,09:57:29,42775.00,50,481400
20221117,09:57:41,42780.00,25,481400
20221117,09:58:00,42778.80,50,481400
20221117,09:58:10,42778.75,100,481400
20221117,09:58:13,42781.40,50,481400
20221117,09:58:14,42782.20,25,481400
20221117,09:58:16,42783.85,25,481400
20221117,09:58:18,42783.25,25,481400
20221117,09:58:27,42784.00,25,481400
20221117,09:58:31,42784.00,25,481400
20221117,09:58:34,42783.55,100,481400
20221117,09:58:44,42783.60,25,481400
20221117,09:58:45,42783.55,50,481400
20221117,09:58:50,42785.50,50,481400
20221117,09:58:54,42785.70,25,481400
20221117,09:58:55,42790.00,250,481400
20221117,09:58:57,42790.00,75,481400
20221117,09:58:58,42790.45,50,481400
20221117,09:59:08,42790.25,50,481400
20221117,09:59:11,42793.15,325,481400
20221117,09:59:16,42790.85,50,481400
20221117,09:59:18,42790.90,50,481400
20221117,09:59:19,42790.25,125,481400
20221117,09:59:23,42787.40,25,481400
20221117,09:59:28,42787.50,125,481400
20221117,09:59:36,42781.85,25,481400
20221117,09:59:37,42782.80,50,481400
20221117,09:59:39,42782.80,50,481400
20221117,09:59:41,42782.95,25,481400
20221117,09:59:42,42782.90,25,481400
20221117,10:00:01,42783.00,25,482575
20221117,10:00:09,42788.30,50,482575
20221117,10:00:11,42787.90,25,482575
20221117,10:00:13,42789.45,25,482575
20221117,10:00:17,42789.00,25,482575
20221117,10:00:19,42784.80,25,482575
20221117,10:00:24,42786.45,100,482575
20221117,10:00:27,42790.55,50,482575
20221117,10:00:29,42789.60,50,482575
20221117,10:00:39,42790.00,75,482575
20221117,10:00:42,42787.90,175,482575
20221117,10:00:49,42787.90,25,482575
20221117,10:00:53,42785.10,125,482575
20221117,10:00:55,42780.10,175,482575
20221117,10:00:57,42780.95,25,482575
20221117,10:01:00,42780.00,175,482575
20221117,10:01:03,42780.00,25,482575
20221117,10:01:08,42780.15,25,482575
20221117,10:01:13,42780.20,50,482575
20221117,10:01:23,42780.00,175,482575
20221117,10:01:28,42776.15,25,482575
20221117,10:01:33,42776.00,50,482575
20221117,10:01:42,42768.15,25,482575
20221117,10:02:03,42776.00,25,482575
20221117,10:02:04,42776.00,50,482575
20221117,10:02:16,42772.85,25,482575
20221117,10:02:20,42772.85,75,482575
20221117,10:02:41,42772.85,200,482575
20221117,10:02:46,42765.00,25,483550
20221117,10:03:01,42762.05,25,483550
20221117,10:03:15,42762.05,75,483550
20221117,10:03:18,42762.05,75,483550
20221117,10:03:31,42760.05,100,483550
20221117,10:03:36,42760.00,75,483550
20221117,10:03:46,42760.00,50,483550
20221117,10:03:57,42760.00,250,483550
20221117,10:04:02,42750.05,25,483550
20221117,10:04:10,42755.90,50,483550
20221117,10:04:15,42750.40,125,483550
20221117,10:04:56,42752.05,75,483550
20221117,10:04:57,42752.00,25,483550
20221117,10:05:01,42752.00,25,483550
20221117,10:05:07,42752.00,50,483550
20221117,10:05:15,42750.00,225,483550
20221117,10:05:17,42750.00,50,483550
20221117,10:05:23,42750.00,300,483550
20221117,10:05:25,42746.05,25,483550
20221117,10:05:26,42746.05,25,483550
20221117,10:05:41,42745.00,25,483550
20221117,10:06:00,42740.00,150,483950
20221117,10:06:05,42735.00,25,483950
20221117,10:06:35,42750.40,900,483950
20221117,10:06:36,42745.60,25,483950
20221117,10:06:49,42737.25,25,483950
20221117,10:06:53,42740.00,50,483950
20221117,10:06:59,42740.00,25,483950
20221117,10:07:10,42737.15,75,483950
20221117,10:07:21,42740.60,25,483950
20221117,10:07:26,42740.00,25,483950
20221117,10:07:30,42745.00,75,483950
20221117,10:07:32,42745.00,225,483950
20221117,10:07:41,42752.00,25,483950
20221117,10:07:54,42756.10,75,483950
20221117,10:07:56,42757.10,225,483950
20221117,10:07:59,42755.00,275,483950
20221117,10:08:02,42749.10,175,483950
20221117,10:08:15,42744.60,25,483950
20221117,10:08:28,42740.60,25,483950
20221117,10:08:45,42739.15,25,483950
20221117,10:09:03,42734.15,250,483675
20221117,10:09:08,42739.15,50,483675
20221117,10:09:23,42748.00,25,483675
20221117,10:09:29,42750.00,25,483675
20221117,10:09:36,42748.00,25,483675
20221117,10:10:03,42741.15,25,483675
20221117,10:10:47,42741.00,25,483675
20221117,10:10:51,42741.00,25,483675
20221117,10:10:54,42741.00,25,483675
20221117,10:11:01,42741.00,25,483675
20221117,10:11:14,42742.30,75,483675
20221117,10:11:17,42750.00,25,483675
20221117,10:11:25,42750.00,50,483675
20221117,10:11:33,42750.00,25,483675
20221117,10:11:35,42749.55,25,483675
20221117,10:11:48,42745.35,25,483550
20221117,10:11:49,42745.35,100,483550
20221117,10:11:57,42745.85,100,483550
20221117,10:12:13,42748.70,25,483550
20221117,10:12:17,42750.55,25,483550
20221117,10:12:20,42742.45,25,483550
20221117,10:13:03,42744.00,25,483550
20221117,10:13:18,42740.05,100,483550
20221117,10:13:19,42740.05,25,483550
20221117,10:13:38,42740.05,25,483550
20221117,10:13:46,42740.05,25,483550
20221117,10:13:51,42740.05,50,483550
20221117,10:13:53,42740.30,150,483550
20221117,10:13:54,42738.55,25,483550
20221117,10:13:56,42736.00,25,483550
20221117,10:13:58,42734.55,25,483550
20221117,10:13:59,42732.00,50,483550
20221117,10:14:06,42731.30,50,483550
20221117,10:14:14,42730.00,200,483550
20221117,10:14:15,42730.00,50,483550
20221117,10:14:18,42725.00,75,483550
20221117,10:14:28,42721.90,50,483550
20221117,10:14:31,42726.90,50,483550
20221117,10:14:36,42731.00,300,483550
20221117,10:14:53,42728.00,25,483550
20221117,10:15:05,42727.35,50,484100
20221117,10:15:08,42723.60,25,484100
20221117,10:15:33,42740.00,25,484100
20221117,10:15:43,42743.60,50,484100
20221117,10:15:54,42743.40,25,484100
20221117,10:15:59,42746.85,50,484100
20221117,10:16:20,42748.80,25,484100
20221117,10:16:22,42749.50,25,484100
20221117,10:16:30,42745.25,50,484100
20221117,10:16:37,42750.00,25,484100
20221117,10:16:40,42750.00,25,484100
20221117,10:16:44,42752.55,50,484100
20221117,10:16:45,42752.65,25,484100
20221117,10:16:47,42752.60,100,484100
20221117,10:16:49,42752.80,175,484100
20221117,10:16:57,42750.00,100,484100
20221117,10:16:58,42744.25,25,484100
20221117,10:17:03,42748.70,50,484100
20221117,10:17:13,42748.70,25,484100
20221117,10:17:31,42747.85,25,484100
20221117,10:18:01,42745.05,25,484700
20221117,10:18:03,42742.50,125,484700
20221117,10:18:06,42740.00,25,484700
20221117,10:18:30,42748.90,50,484700
20221117,10:18:45,42744.40,25,484700
20221117,10:19:07,42740.85,25,484700
20221117,10:19:15,42737.00,25,484700
20221117,10:19:38,42731.00,25,484700
20221117,10:19:41,42731.20,25,484700
20221117,10:19:53,42731.20,25,484700
20221117,10:20:01,42728.25,25,484700
20221117,10:20:24,42730.00,25,484700
20221117,10:20:29,42729.70,25,484700
20221117,10:20:52,42730.50,100,484950
20221117,10:20:57,42735.35,25,484950
20221117,10:20:59,42730.00,100,484950
20221117,10:21:10,42736.55,75,484950
20221117,10:21:13,42735.70,25,484950
20221117,10:21:35,42739.05,25,484950
20221117,10:21:40,42737.35,25,484950
20221117,10:21:41,42733.60,25,484950
20221117,10:21:43,42733.60,100,484950
20221117,10:21:46,42735.15,25,484950
20221117,10:22:05,42733.95,25,484950
20221117,10:22:11,42730.00,50,484950
20221117,10:22:13,42730.00,50,484950
20221117,10:22:14,42730.15,50,484950
20221117,10:22:18,42725.00,25,484950
20221117,10:22:19,42725.00,25,484950
20221117,10:22:24,42721.40,25,484950
20221117,10:22:36,42722.50,75,484950
20221117,10:22:39,42727.25,25,484950
20221117,10:22:42,42732.25,25,484950
20221117,10:23:01,42721.00,100,484950
20221117,10:23:18,42725.95,25,484950
20221117,10:23:19,42725.00,25,484950
20221117,10:23:21,42725.00,50,484950
20221117,10:23:38,42725.00,25,484950
20221117,10:24:01,42725.00,50,485425
20221117,10:24:09,42725.00,25,485425
20221117,10:24:13,42725.00,25,485425
20221117,10:24:18,42725.05,25,485425
20221117,10:24:28,42725.00,50,485425
20221117,10:24:34,42725.25,25,485425
20221117,10:24:40,42725.00,50,485425
20221117,10:24:42,42725.00,25,485425
20221117,10:24:43,42725.00,25,485425
20221117,10:24:45,42725.00,25,485425
20221117,10:24:46,42725.00,75,485425
20221117,10:24:52,42725.00,25,485425
20221117,10:24:56,42725.00,25,485425
20221117,10:24:57,42723.25,25,485425
20221117,10:25:07,42722.65,25,485425
20221117,10:25:11,42723.20,25,485425
20221117,10:25:16,42725.00,25,485425
20221117,10:25:26,42722.05,100,485425
20221117,10:25:54,42722.00,50,485425
20221117,10:26:19,42724.20,25,485425
20221117,10:26:22,42725.00,25,485425
20221117,10:26:28,42723.05,25,485425
20221117,10:26:44,42723.00,50,485425
20221117,10:27:12,42725.00,25,485350
20221117,10:27:20,42725.00,25,485350
20221117,10:27:42,42743.70,25,485350
20221117,10:27:51,42738.70,25,485350
20221117,10:27:54,42738.70,50,485350
20221117,10:27:56,42738.65,25,485350
20221117,10:27:57,42740.25,100,485350
20221117,10:28:01,42735.30,25,485350
20221117,10:28:13,42736.20,75,485350
20221117,10:28:21,42736.20,25,485350
20221117,10:28:23,42735.40,25,485350
20221117,10:28:25,42735.95,25,485350
20221117,10:28:44,42735.95,25,485350
20221117,10:28:54,42735.95,50,485350
20221117,10:29:16,42733.25,25,485350
20221117,10:29:17,42733.20,50,485350
20221117,10:29:28,42735.65,25,485350
20221117,10:29:57,42738.05,100,485575
20221117,10:30:03,42739.80,25,485575
20221117,10:30:13,42744.50,25,485575
20221117,10:30:17,42745.65,25,485575
20221117,10:30:19,42742.10,25,485575
20221117,10:30:21,42745.45,25,485575
20221117,10:30:25,42742.25,100,485575
20221117,10:30:32,42737.15,75,485575
20221117,10:30:38,42737.15,25,485575
20221117,10:30:46,42731.55,25,485575
20221117,10:31:17,42740.50,25,485575
20221117,10:31:29,42738.65,25,485575
20221117,10:31:55,42740.00,25,485575
20221117,10:32:11,42742.45,25,485575
20221117,10:32:19,42742.50,25,485575
20221117,10:32:23,42745.10,75,485575
20221117,10:32:25,42745.10,25,485575
20221117,10:32:29,42745.00,50,485575
20221117,10:32:33,42740.20,25,485575
20221117,10:32:55,42740.20,25,485975
20221117,10:33:03,42735.10,25,485975
20221117,10:33:08,42730.55,25,485975
20221117,10:33:13,42733.00,25,485975
20221117,10:33:16,42729.35,225,485975
20221117,10:33:28,42722.65,100,485975
20221117,10:33:29,42722.10,100,485975
20221117,10:33:34,42725.90,25,485975
20221117,10:33:42,42724.15,25,485975
20221117,10:33:47,42729.00,25,485975
20221117,10:33:49,42731.30,900,485975
20221117,10:34:04,42727.55,50,485975
20221117,10:34:05,42727.55,50,485975
20221117,10:34:07,42723.50,125,485975
20221117,10:34:08,42722.10,100,485975
20221117,10:34:27,42722.00,100,485975
20221117,10:34:34,42722.00,100,485975
20221117,10:34:53,42722.00,100,485975
20221117,10:34:56,42720.50,75,485975
20221117,10:34:58,42720.00,300,485975
20221117,10:34:59,42720.00,25,485975
20221117,10:35:07,42721.65,25,485975
20221117,10:35:14,42720.00,25,485975
20221117,10:35:27,42720.00,150,485975
20221117,10:35:29,42717.70,175,485975
20221117,10:35:50,42716.00,25,485975
20221117,10:36:06,42717.70,25,485075
20221117,10:36:26,42720.00,25,485075
20221117,10:36:37,42717.05,25,485075
20221117,10:36:53,42715.25,100,485075
20221117,10:36:58,42715.25,25,485075
20221117,10:36:59,42715.25,125,485075
20221117,10:37:03,42715.25,50,485075
20221117,10:37:06,42714.35,150,485075
20221117,10:37:09,42711.00,25,485075
20221117,10:37:11,42710.05,25,485075
20221117,10:37:12,42710.05,50,485075
20221117,10:37:14,42715.00,50,485075
20221117,10:37:16,42714.00,25,485075
20221117,10:37:17,42714.30,25,485075
20221117,10:37:19,42714.30,25,485075
20221117,10:37:25,42711.95,25,485075
20221117,10:37:31,42715.00,25,485075
20221117,10:37:33,42716.00,25,485075
20221117,10:37:35,42716.05,25,485075
20221117,10:37:38,42722.65,125,485075
20221117,10:37:42,42722.65,50,485075
20221117,10:37:56,42718.10,25,485075
20221117,10:38:24,42720.15,50,485075
20221117,10:38:28,42720.15,50,485075
20221117,10:38:31,42720.05,50,485075
20221117,10:38:34,42720.05,50,485075
20221117,10:38:44,42720.05,25,485075
20221117,10:38:45,42726.00,25,485075
20221117,10:38:54,42727.65,25,485000
20221117,10:38:57,42727.65,25,485000
20221117,10:39:13,42730.85,25,485000
20221117,10:39:18,42730.85,75,485000
20221117,10:40:13,42729.00,25,485000
20221117,10:40:42,42729.00,25,485000
20221117,10:40:47,42729.00,25,485000
20221117,10:40:58,42734.05,25,485000
20221117,10:41:57,42734.45,100,485100
20221117,10:41:59,42734.05,125,485100
20221117,10:42:01,42735.40,75,485100
20221117,10:42:02,42735.35,50,485100
20221117,10:42:29,42735.00,25,485100
20221117,10:42:45,42735.00,75,485100
20221117,10:43:27,42732.00,25,485100
20221117,10:43:41,42735.00,25,485100
20221117,10:43:42,42735.00,50,485100
20221117,10:43:48,42735.00,25,485100
20221117,10:43:59,42741.95,50,485100
20221117,10:44:02,42734.35,25,485100
20221117,10:45:13,42734.35,25,485250
20221117,10:45:19,42734.35,25,485250
20221117,10:45:20,42734.35,25,485250
20221117,10:45:32,42734.60,50,485250
20221117,10:45:40,42735.00,25,485250
20221117,10:45:46,42724.30,600,485250
20221117,10:45:47,42733.35,100,485250
20221117,10:46:12,42724.50,50,485250
20221117,10:46:26,42725.20,50,485250
20221117,10:48:16,42725.20,25,485450
20221117,10:48:33,42753.85,75,485450
20221117,10:48:38,42757.00,25,485450
20221117,10:48:40,42757.95,25,485450
20221117,10:48:46,42750.00,50,485450
20221117,10:48:56,42755.85,25,485450
20221117,10:49:03,42755.85,50,485450
20221117,10:49:09,42753.20,25,485450
20221117,10:49:27,42753.20,50,485450
20221117,10:49:29,42753.20,125,485450
20221117,10:50:02,42750.00,75,485450
20221117,10:50:03,42750.00,25,485450
20221117,10:50:05,42751.00,25,485450
20221117,10:50:11,42752.00,25,485450
20221117,10:50:23,42752.00,25,485450
20221117,10:50:31,42753.20,25,485450
20221117,10:50:34,42752.80,100,485450
20221117,10:50:36,42751.00,150,485450
20221117,10:50:38,42751.00,25,485450
20221117,10:50:47,42741.30,100,485450
20221117,10:50:51,42740.20,25,485450
20221117,10:50:54,42746.95,25,485975
20221117,10:50:57,42747.00,25,485975
20221117,10:51:47,42742.20,25,485975
20221117,10:52:25,42749.95,25,485975
20221117,10:52:55,42750.65,50,485975
20221117,10:53:07,42742.55,25,485975
20221117,10:53:10,42742.55,50,485975
20221117,10:53:58,42748.00,25,486025
20221117,10:54:00,42750.30,25,486025
20221117,10:54:57,42755.00,25,486025
20221117,10:55:00,42757.95,25,486025
20221117,10:55:15,42759.00,25,486025
20221117,10:55:17,42760.00,25,486025
20221117,10:55:30,42760.05,25,486025
20221117,10:55:32,42760.00,25,486025
20221117,10:55:37,42762.95,25,486025
20221117,10:55:40,42760.00,25,486025
20221117,10:55:56,42763.80,25,486025
20221117,10:56:04,42760.70,25,486025
20221117,10:56:12,42760.00,25,486025
20221117,10:56:41,42758.80,50,486025
20221117,10:56:57,42745.55,75,486025
20221117,10:57:53,42745.55,25,486025
20221117,10:58:18,42737.60,75,486025
20221117,10:58:27,42744.00,50,486025
20221117,10:58:35,42740.80,25,486025
20221117,10:58:36,42735.00,25,486025
20221117,10:58:41,42739.00,25,486025
20221117,10:59:19,42730.00,25,486025
20221117,10:59:32,42728.45,25,486025
20221117,10:59:59,42727.00,25,486025
20221117,11:00:08,42727.00,50,486075
20221117,11:00:25,42728.00,50,486075
20221117,11:00:38,42730.00,25,486075
20221117,11:01:24,42732.25,25,486075
20221117,11:01:32,42731.45,50,486075
20221117,11:01:42,42729.85,25,486075
20221117,11:01:52,42723.00,25,486075
20221117,11:01:56,42723.00,25,486075
20221117,11:02:06,42723.00,25,486075
20221117,11:02:08,42720.00,50,486075
20221117,11:02:13,42720.00,25,486075
20221117,11:02:21,42720.00,75,486075
20221117,11:02:38,42720.00,250,486075
20221117,11:02:41,42718.10,50,486075
20221117,11:02:54,42717.60,50,486075
20221117,11:03:17,42717.00,25,485900
20221117,11:03:30,42716.75,50,485900
20221117,11:03:53,42710.20,100,485900
20221117,11:04:05,42712.50,25,485900
20221117,11:04:06,42717.00,25,485900
20221117,11:04:42,42717.00,25,485900
20221117,11:04:58,42720.00,25,485900
20221117,11:05:11,42720.00,50,485900
20221117,11:05:16,42724.15,25,485900
20221117,11:05:20,42716.90,50,485900
20221117,11:05:52,42725.00,25,485900
20221117,11:06:23,42726.50,25,485900
20221117,11:06:38,42726.50,75,485900
20221117,11:06:44,42723.35,25,485900
20221117,11:06:50,42715.20,25,485900
20221117,11:07:24,42715.00,175,485900
20221117,11:07:40,42720.00,100,485900
20221117,11:07:48,42723.90,25,485900
20221117,11:07:51,42724.10,25,485900
20221117,11:08:09,42726.05,125,485900
20221117,11:08:23,42722.60,25,485900
20221117,11:08:34,42720.25,25,485900
20221117,11:08:57,42720.25,25,486050
20221117,11:09:01,42720.15,25,486050
20221117,11:09:04,42720.00,25,486050
20221117,11:09:09,42721.90,125,486050
20221117,11:09:25,42721.90,150,486050
20221117,11:09:33,42722.00,25,486050
20221117,11:09:59,42716.00,25,486050
20221117,11:10:11,42720.00,50,486050
20221117,11:10:18,42720.00,75,486050
20221117,11:10:26,42720.00,75,486050
20221117,11:10:36,42720.00,25,486050
20221117,11:10:51,42727.45,125,486050
20221117,11:11:24,42728.00,50,486050
20221117,11:11:33,42728.00,25,486050
20221117,11:11:39,42733.55,25,486050
20221117,11:12:06,42740.00,50,486300
20221117,11:12:17,42736.45,25,486300
20221117,11:12:36,42736.45,25,486300
20221117,11:12:41,42736.90,125,486300
20221117,11:12:42,42735.00,75,486300
20221117,11:12:45,42735.00,75,486300
20221117,11:12:48,42735.00,25,486300
20221117,11:13:07,42735.00,25,486300
20221117,11:13:09,42740.00,25,486300
20221117,11:13:15,42740.00,25,486300
20221117,11:13:26,42740.00,25,486300
20221117,11:13:36,42735.10,25,486300
20221117,11:13:38,42735.00,25,486300
20221117,11:13:39,42737.25,100,486300
20221117,11:13:47,42732.00,25,486300
20221117,11:14:02,42725.10,25,486300
20221117,11:14:08,42725.10,25,486300
20221117,11:14:15,42717.55,100,486300
20221117,11:14:31,42726.10,25,486300
20221117,11:14:34,42720.00,75,486300
20221117,11:14:53,42720.00,25,486300
20221117,11:15:04,42720.05,25,486600
20221117,11:15:32,42720.15,25,486600
20221117,11:15:43,42721.80,25,486600
20221117,11:16:33,42720.00,50,486600
20221117,11:16:43,42716.15,25,486600
20221117,11:16:48,42718.65,25,486600
20221117,11:16:54,42715.00,25,486600
20221117,11:17:09,42715.00,25,486600
20221117,11:17:12,42715.05,175,486600
20221117,11:17:15,42715.00,25,486600
20221117,11:17:20,42714.30,100,486600
20221117,11:17:27,42710.15,25,486600
20221117,11:17:29,42715.60,200,486600
20221117,11:17:45,42711.00,25,486600
20221117,11:18:07,42711.00,25,486800
20221117,11:18:13,42708.05,175,486800
20221117,11:18:24,42710.00,25,486800
20221117,11:18:27,42714.80,25,486800
20221117,11:18:28,42715.00,25,486800
20221117,11:18:38,42720.55,50,486800
20221117,11:18:40,42720.60,50,486800
20221117,11:18:46,42720.75,100,486800
20221117,11:18:51,42723.10,100,486800
20221117,11:18:56,42718.65,25,486800
20221117,11:18:57,42720.75,100,486800
20221117,11:19:02,42720.55,25,486800
20221117,11:19:05,42720.75,150,486800
20221117,11:19:07,42720.75,100,486800
20221117,11:19:10,42720.55,25,486800
20221117,11:19:12,42720.75,100,486800
20221117,11:19:15,42720.00,25,486800
20221117,11:19:21,42723.85,25,486800
20221117,11:19:31,42723.20,125,486800
20221117,11:19:37,42721.00,25,486800
20221117,11:19:39,42720.00,75,486800
20221117,11:19:40,42719.95,25,486800
20221117,11:19:47,42710.70,50,486800
20221117,11:20:05,42710.00,25,486800
20221117,11:20:15,42709.70,25,486800
20221117,11:20:31,42715.00,50,486800
20221117,11:20:53,42715.00,25,486800
20221117,11:21:02,42719.05,25,487475
20221117,11:21:13,42719.00,50,487475
20221117,11:21:15,42720.45,25,487475
20221117,11:21:18,42719.00,50,487475
20221117,11:21:29,42714.80,250,487475
20221117,11:21:31,42710.00,200,487475
20221117,11:21:32,42710.00,425,487475
20221117,11:21:37,42710.00,125,487475
20221117,11:21:49,42714.95,25,487475
20221117,11:21:52,42714.10,25,487475
20221117,11:21:59,42710.00,175,487475
20221117,11:22:17,42710.00,25,487475
20221117,11:22:22,42707.35,75,487475
20221117,11:22:41,42707.00,25,487475
20221117,11:23:02,42710.80,25,487475
20221117,11:23:19,42720.45,25,487475
20221117,11:23:20,42714.00,25,487475
20221117,11:23:38,42720.45,25,487475
20221117,11:23:41,42717.00,50,487475
20221117,11:23:47,42720.45,25,487475
20221117,11:23:55,42724.00,25,487475
20221117,11:24:08,42720.00,25,487700
20221117,11:24:13,42720.00,25,487700
20221117,11:24:33,42720.00,25,487700
20221117,11:24:34,42720.00,25,487700
20221117,11:24:53,42715.00,25,487700
20221117,11:25:13,42723.05,25,487700
20221117,11:25:30,42718.00,25,487700
20221117,11:25:34,42718.00,25,487700
20221117,11:26:22,42718.00,25,487700
20221117,11:26:37,42716.45,25,487700
20221117,11:26:58,42714.05,25,487700
20221117,11:27:08,42714.00,25,487850
20221117,11:27:15,42714.00,25,487850
20221117,11:27:17,42718.60,75,487850
20221117,11:28:24,42718.60,25,487850
20221117,11:28:44,42710.00,250,487850
20221117,11:28:46,42710.00,200,487850
20221117,11:28:53,42710.00,100,487850
20221117,11:28:56,42705.00,325,487850
20221117,11:28:58,42701.00,75,487850
20221117,11:28:59,42700.00,1600,487850
20221117,11:29:01,42700.00,625,487850
20221117,11:29:03,42700.05,725,487850
20221117,11:29:06,42699.00,25,487850
20221117,11:29:14,42693.90,125,487850
20221117,11:29:21,42693.90,75,487850
20221117,11:29:22,42690.00,275,487850
20221117,11:29:24,42690.00,25,487850
20221117,11:29:27,42690.80,75,487850
20221117,11:29:36,42695.95,125,487850
20221117,11:29:47,42695.80,75,487850
20221117,11:30:00,42696.45,25,487850
20221117,11:30:05,42703.80,25,491150
20221117,11:30:12,42707.10,275,491150
20221117,11:30:13,42705.60,25,491150
20221117,11:30:24,42695.05,75,491150
20221117,11:30:26,42700.00,25,491150
20221117,11:30:28,42700.15,50,491150
20221117,11:30:29,42700.00,25,491150
20221117,11:30:36,42696.30,25,491150
20221117,11:30:37,42700.00,25,491150
20221117,11:30:41,42698.25,100,491150
20221117,11:30:44,42704.00,50,491150
20221117,11:30:46,42704.00,25,491150
20221117,11:31:37,42709.00,25,491150
20221117,11:31:40,42714.00,125,491150
20221117,11:31:47,42714.00,25,491150
20221117,11:31:48,42717.15,50,491150
20221117,11:32:06,42720.00,75,491150
20221117,11:32:13,42718.15,25,491150
20221117,11:32:29,42718.05,50,491150
20221117,11:32:39,42716.80,50,491150
20221117,11:32:44,42719.95,25,491150
20221117,11:33:02,42718.05,25,491150
20221117,11:33:15,42726.00,25,491300
20221117,11:33:17,42725.90,50,491300
20221117,11:33:18,42726.15,25,491300
20221117,11:33:23,42724.80,25,491300
20221117,11:33:34,42724.80,25,491300
20221117,11:33:49,42728.35,25,491300
20221117,11:34:02,42731.15,25,491300
20221117,11:34:09,42730.20,50,491300
20221117,11:34:15,42730.25,100,491300
20221117,11:34:23,42730.25,25,491300
20221117,11:34:25,42730.25,75,491300
20221117,11:34:38,42730.25,25,491300
20221117,11:34:54,42730.25,25,491300
20221117,11:35:00,42737.25,325,491300
20221117,11:35:05,42737.25,50,491300
20221117,11:35:13,42735.10,75,491300
20221117,11:35:17,42735.25,25,491300
20221117,11:35:30,42738.60,25,491300
20221117,11:35:41,42738.55,25,491300
20221117,11:35:45,42738.60,25,491300
20221117,11:35:50,42736.20,25,491300
20221117,11:35:53,42736.95,25,491300
20221117,11:36:03,42738.55,25,491475
20221117,11:36:04,42738.55,50,491475
20221117,11:36:08,42740.00,125,491475
20221117,11:36:09,42749.20,50,491475
20221117,11:36:22,42748.50,25,491475
20221117,11:36:24,42748.85,25,491475
20221117,11:36:26,42749.10,25,491475
20221117,11:36:27,42748.05,75,491475
20221117,11:36:29,42747.60,25,491475
20221117,11:36:31,42745.00,25,491475
20221117,11:36:32,42736.55,25,491475
20221117,11:36:34,42744.40,25,491475
20221117,11:37:11,42741.65,25,491475
20221117,11:37:26,42730.25,50,491475
20221117,11:37:46,42733.50,50,491475
20221117,11:37:47,42733.85,25,491475
20221117,11:37:54,42736.90,50,491475
20221117,11:37:55,42730.75,50,491475
20221117,11:37:57,42736.10,25,491475
20221117,11:37:58,42735.90,25,491475
20221117,11:38:03,42735.90,50,491475
20221117,11:38:24,42740.80,25,491475
20221117,11:38:40,42740.45,25,491475
20221117,11:39:00,42730.50,25,491475
20221117,11:39:16,42730.90,25,491375
20221117,11:39:44,42737.95,75,491375
20221117,11:39:50,42731.00,25,491375
20221117,11:39:56,42730.90,25,491375
20221117,11:40:09,42730.90,50,491375
20221117,11:40:36,42731.05,25,491375
20221117,11:40:39,42731.05,25,491375
20221117,11:40:50,42734.65,25,491375
20221117,11:41:10,42736.30,50,491375
20221117,11:41:41,42738.45,25,491375
20221117,11:42:13,42731.00,625,491425
20221117,11:42:21,42731.00,100,491425
20221117,11:42:24,42733.15,50,491425
20221117,11:42:28,42732.90,25,491425
20221117,11:43:01,42731.85,25,491425
20221117,11:43:20,42737.40,50,491425
20221117,11:44:21,42739.60,75,491425
20221117,11:44:22,42740.00,25,491425
20221117,11:44:54,42734.90,25,491425
20221117,11:45:01,42738.70,25,491425
20221117,11:45:02,42744.85,100,491425
20221117,11:45:07,42739.65,25,491400
20221117,11:45:12,42745.00,50,491400
20221117,11:45:27,42745.00,75,491400
20221117,11:45:32,42750.00,325,491400
20221117,11:45:35,42751.80,75,491400
20221117,11:45:38,42743.20,100,491400
20221117,11:45:40,42747.40,25,491400
20221117,11:45:57,42748.00,350,491400
20221117,11:45:59,42748.00,150,491400
20221117,11:46:14,42740.00,25,491400
20221117,11:46:26,42740.00,25,491400
20221117,11:46:27,42736.05,25,491400
20221117,11:46:41,42735.40,100,491400
20221117,11:46:55,42737.00,25,491400
20221117,11:47:12,42745.60,25,491400
20221117,11:47:21,42748.55,25,491400
20221117,11:47:29,42740.00,25,491400
20221117,11:47:52,42735.30,25,491400
20221117,11:47:59,42740.00,50,491400
20221117,11:48:00,42739.95,100,491400
20221117,11:48:20,42742.80,25,492000
20221117,11:48:37,42741.20,250,492000
20221117,11:48:39,42741.35,150,492000
20221117,11:48:40,42741.35,25,492000
20221117,11:48:48,42742.00,25,492000
20221117,11:48:57,42733.70,25,492000
20221117,11:49:07,42743.25,175,492000
20221117,11:49:13,42734.15,25,492000
20221117,11:49:23,42740.05,25,492000
20221117,11:49:28,42737.10,25,492000
20221117,11:49:44,42745.00,25,492000
20221117,11:49:51,42750.00,75,492000
20221117,11:50:01,42755.00,50,492000
20221117,11:50:30,42754.50,25,492000
20221117,11:50:31,42756.00,100,492000
20221117,11:50:33,42750.20,50,492000
20221117,11:50:34,42750.00,25,492000
20221117,11:50:36,42750.30,25,492000
20221117,11:50:43,42754.50,50,492000
20221117,11:50:44,42750.00,100,492000
20221117,11:50:46,42752.15,75,492000
20221117,11:51:12,42753.90,200,492500
20221117,11:51:13,42753.15,200,492500
20221117,11:51:45,42746.15,50,492500
20221117,11:52:11,42753.00,25,492500
20221117,11:52:13,42758.75,100,492500
20221117,11:52:14,42758.45,25,492500
20221117,11:52:16,42760.00,25,492500
20221117,11:52:26,42760.70,25,492500
20221117,11:52:38,42759.45,75,492500
20221117,11:53:50,42750.00,25,492500
20221117,11:53:55,42750.00,25,492500
20221117,11:54:03,42744.25,50,492500
20221117,11:54:19,42749.95,25,492800
20221117,11:54:32,42750.00,25,492800
20221117,11:54:34,42750.00,25,492800
20221117,11:54:36,42750.00,50,492800
20221117,11:55:46,42750.00,25,492800
20221117,11:55:58,42745.65,25,492800
20221117,11:56:43,42745.45,25,492800
20221117,11:56:45,42752.95,50,492800
20221117,11:57:00,42748.00,100,492800
20221117,11:57:13,42746.10,25,492800
20221117,11:57:40,42751.00,25,492800
20221117,11:58:09,42750.00,25,492800
20221117,11:58:14,42746.90,50,492800
20221117,11:58:17,42752.70,100,492800
20221117,11:58:28,42752.00,25,492800
20221117,11:58:36,42749.70,25,492800
20221117,11:58:38,42745.15,25,492800
20221117,11:58:45,42751.70,50,492800
20221117,11:58:47,42746.90,75,492800
20221117,11:59:04,42746.00,50,492800
20221117,11:59:08,42743.50,25,492800
20221117,11:59:09,42740.00,50,492800
20221117,11:59:11,42739.00,25,492800
20221117,11:59:25,42738.95,25,492800
20221117,11:59:39,42730.45,25,492800
20221117,11:59:46,42741.35,25,492800
20221117,12:00:00,42734.85,25,492800
20221117,12:00:08,42733.15,25,492800
20221117,12:00:25,42730.05,25,493000
20221117,12:00:31,42730.00,25,493000
20221117,12:00:39,42735.80,100,493000
20221117,12:00:59,42730.05,25,493000
20221117,12:01:11,42730.00,25,493000
20221117,12:01:49,42726.35,25,493000
20221117,12:01:51,42727.00,25,493000
20221117,12:02:07,42724.05,50,493000
20221117,12:02:25,42730.00,100,493000
20221117,12:02:29,42734.45,125,493000
20221117,12:03:11,42734.45,25,493150
20221117,12:03:15,42736.05,25,493150
20221117,12:03:47,42736.05,25,493150
20221117,12:04:41,42736.05,25,493150
20221117,12:05:09,42737.10,25,493150
20221117,12:05:21,42740.00,25,493150
20221117,12:05:35,42741.05,25,493150
20221117,12:05:37,42741.05,25,493150
20221117,12:06:25,42747.00,25,493200
20221117,12:06:30,42745.00,25,493200
20221117,12:06:32,42747.00,75,493200
20221117,12:06:35,42745.75,25,493200
20221117,12:06:51,42749.90,25,493200
20221117,12:06:56,42741.90,25,493200
20221117,12:07:52,42747.60,50,493200
20221117,12:08:08,42741.90,50,493200
20221117,12:08:09,42741.90,25,493200
20221117,12:08:11,42741.90,25,493200
20221117,12:08:55,42748.35,75,493200
20221117,12:09:06,42740.00,50,493200
20221117,12:09:13,42743.95,25,493350
20221117,12:09:24,42740.00,50,493350
20221117,12:09:26,42740.00,25,493350
20221117,12:09:45,42740.00,25,493350
20221117,12:09:50,42740.00,25,493350
20221117,12:10:49,42745.00,50,493350
20221117,12:10:58,42750.00,25,493350
20221117,12:11:11,42743.45,25,493350
20221117,12:12:10,42742.55,25,493350
20221117,12:12:12,42742.55,50,493350
20221117,12:12:13,42739.55,50,493350
20221117,12:12:29,42734.75,25,493350
20221117,12:14:35,42730.00,50,493350
20221117,12:14:36,42726.25,25,493350
20221117,12:14:48,42730.00,25,493350
20221117,12:14:51,42730.75,25,493350
20221117,12:14:52,42731.05,250,493350
20221117,12:14:54,42734.00,25,493350
20221117,12:15:27,42726.25,25,493350
20221117,12:15:52,42738.00,75,493500
20221117,12:16:10,42739.15,75,493500
20221117,12:16:59,42735.00,50,493500
20221117,12:17:03,42735.55,50,493500
20221117,12:17:06,42735.05,50,493500
20221117,12:17:08,42733.15,150,493500
20221117,12:17:14,42739.00,50,493500
20221117,12:17:35,42757.90,275,493500
20221117,12:17:37,42765.00,125,493500
20221117,12:17:39,42765.00,50,493500
20221117,12:17:42,42769.75,275,493500
20221117,12:17:44,42771.10,50,493500
20221117,12:17:47,42766.00,50,493500
20221117,12:17:59,42767.60,50,493500
20221117,12:18:02,42766.00,25,493500
20221117,12:18:04,42763.15,25,493500
20221117,12:18:08,42764.15,25,493500
20221117,12:18:12,42764.00,75,493625
20221117,12:18:18,42769.95,25,493625
20221117,12:18:27,42763.50,50,493625
20221117,12:18:44,42756.00,50,493625
20221117,12:19:05,42756.00,25,493625
20221117,12:19:23,42763.20,25,493625
20221117,12:19:39,42763.35,75,493625
20221117,12:19:50,42766.60,25,493625
20221117,12:19:58,42763.20,50,493625
20221117,12:20:08,42766.60,25,493625
20221117,12:20:11,42760.05,25,493625
20221117,12:20:13,42754.05,75,493625
20221117,12:20:16,42762.00,75,493625
20221117,12:20:18,42762.00,75,493625
20221117,12:20:21,42762.00,25,493625
20221117,12:20:26,42763.05,25,493625
20221117,12:20:35,42765.00,25,493625
20221117,12:20:43,42766.35,75,493625
20221117,12:20:59,42762.00,25,493625
20221117,12:21:05,42762.00,75,493625
20221117,12:21:08,42760.00,25,493625
20221117,12:21:14,42765.95,25,494225
20221117,12:21:22,42766.00,125,494225
20221117,12:21:45,42755.10,25,494225
20221117,12:21:48,42754.80,100,494225
20221117,12:22:24,42757.00,25,494225
20221117,12:22:26,42757.00,50,494225
20221117,12:22:35,42752.05,25,494225
20221117,12:24:23,42757.00,25,494325
20221117,12:24:24,42758.45,25,494325
20221117,12:25:19,42750.00,100,494325
20221117,12:25:33,42750.00,25,494325
20221117,12:26:11,42754.55,100,494325
20221117,12:26:26,42749.15,25,494325
20221117,12:26:29,42749.00,75,494325
20221117,12:27:54,42748.05,25,494400
20221117,12:28:02,42749.00,25,494400
20221117,12:28:05,42752.00,25,494400
20221117,12:28:33,42753.60,100,494400
20221117,12:29:17,42753.20,300,494400
20221117,12:30:58,42757.00,100,494325
20221117,12:31:00,42759.00,25,494325
20221117,12:31:07,42765.00,25,494325
20221117,12:31:08,42770.00,25,494325
20221117,12:31:15,42772.00,375,494325
20221117,12:31:25,42766.80,25,494325
20221117,12:31:47,42775.00,50,494325
20221117,12:31:49,42775.00,25,494325
20221117,12:31:50,42777.05,250,494325
20221117,12:32:23,42780.00,50,494325
20221117,12:32:25,42775.30,25,494325
20221117,12:32:47,42780.00,75,494325
20221117,12:33:18,42776.45,25,494325
20221117,12:33:30,42780.00,25,494425
20221117,12:33:35,42776.95,25,494425
20221117,12:33:37,42776.30,25,494425
20221117,12:33:56,42775.15,25,494425
20221117,12:33:59,42775.05,25,494425
20221117,12:34:03,42775.15,25,494425
20221117,12:34:04,42779.90,25,494425
20221117,12:34:14,42780.00,50,494425
20221117,12:34:33,42780.00,50,494425
20221117,12:34:42,42779.00,100,494425
20221117,12:34:44,42775.00,25,494425
20221117,12:34:53,42771.10,25,494425
20221117,12:35:52,42774.15,25,494425
20221117,12:35:59,42778.10,25,494425
20221117,12:36:20,42778.00,25,494475
20221117,12:36:31,42779.60,25,494475
20221117,12:36:36,42779.60,25,494475
20221117,12:37:28,42780.00,100,494475
20221117,12:37:56,42776.35,25,494475
20221117,12:38:08,42780.00,25,494475
20221117,12:38:10,42781.00,650,494475
20221117,12:38:19,42783.45,25,494475
20221117,12:38:30,42785.05,150,494475
20221117,12:38:35,42786.00,300,494475
20221117,12:38:37,42786.00,25,494475
20221117,12:38:38,42786.00,25,494475
20221117,12:38:41,42785.10,25,494475
20221117,12:38:45,42786.00,50,494475
20221117,12:38:58,42785.05,25,494475
20221117,12:39:28,42788.15,175,494950
20221117,12:39:37,42789.00,25,494950
20221117,12:39:57,42787.15,100,494950
20221117,12:40:03,42789.00,25,494950
20221117,12:40:06,42789.00,25,494950
20221117,12:40:17,42787.85,50,494950
20221117,12:40:40,42787.80,25,494950
20221117,12:40:44,42787.70,50,494950
20221117,12:40:47,42785.00,475,494950
20221117,12:40:49,42780.75,25,494950
20221117,12:40:50,42786.20,75,494950
20221117,12:40:52,42786.85,25,494950
20221117,12:41:30,42783.90,25,494950
20221117,12:41:39,42788.00,50,494950
20221117,12:41:47,42783.65,150,494950
20221117,12:42:08,42783.50,25,494950
20221117,12:42:15,42783.00,25,495575
20221117,12:42:54,42779.40,25,495575
20221117,12:42:56,42779.40,25,495575
20221117,12:42:57,42780.25,25,495575
20221117,12:43:22,42783.00,25,495575
20221117,12:43:48,42779.40,25,495575
20221117,12:43:53,42779.35,25,495575
20221117,12:43:56,42782.00,25,495575
20221117,12:44:03,42785.00,25,495575
20221117,12:44:04,42785.00,50,495575
20221117,12:44:14,42784.55,50,495575
20221117,12:44:15,42786.80,50,495575
20221117,12:44:17,42793.00,175,495575
20221117,12:44:25,42792.95,25,495575
20221117,12:44:33,42794.70,50,495575
20221117,12:44:44,42794.70,25,495575
20221117,12:44:47,42795.05,100,495575
20221117,12:44:49,42795.00,75,495575
20221117,12:44:50,42795.05,25,495575
20221117,12:44:55,42797.00,25,495575
20221117,12:45:00,42797.25,25,495575
20221117,12:45:05,42798.00,50,495575
20221117,12:45:07,42799.00,25,495575
20221117,12:45:10,42799.00,25,495575
20221117,12:45:13,42798.60,25,495575
20221117,12:45:18,42795.95,75,496050
20221117,12:45:20,42795.20,25,496050
20221117,12:45:43,42795.00,50,496050
20221117,12:45:52,42795.00,200,496050
20221117,12:45:58,42792.55,75,496050
20221117,12:46:02,42792.75,50,496050
20221117,12:46:05,42792.75,25,496050
20221117,12:46:08,42795.00,50,496050
20221117,12:46:11,42796.90,25,496050
20221117,12:46:14,42795.65,25,496050
20221117,12:46:17,42792.75,500,496050
20221117,12:46:24,42792.75,25,496050
20221117,12:46:33,42792.75,25,496050
20221117,12:46:39,42795.00,25,496050
20221117,12:46:44,42795.00,50,496050
20221117,12:46:52,42795.00,150,496050
20221117,12:46:59,42790.05,25,496050
20221117,12:47:06,42791.00,25,496050
20221117,12:47:07,42790.05,25,496050
20221117,12:47:11,42790.80,25,496050
20221117,12:47:16,42791.40,25,496050
20221117,12:47:19,42796.70,200,496050
20221117,12:47:24,42785.50,525,496050
20221117,12:47:29,42785.50,25,496050
20221117,12:47:36,42791.95,25,496050
20221117,12:47:49,42790.95,50,496050
20221117,12:47:56,42790.95,25,496050
20221117,12:48:12,42790.95,75,496050
20221117,12:48:16,42790.95,25,497175
20221117,12:48:17,42790.95,25,497175
20221117,12:48:20,42790.95,50,497175
20221117,12:48:24,42786.55,225,497175
20221117,12:48:46,42790.00,50,497175
20221117,12:48:47,42790.20,25,497175
20221117,12:48:52,42790.15,50,497175
20221117,12:49:00,42790.15,75,497175
20221117,12:49:02,42790.15,25,497175
20221117,12:49:04,42790.15,25,497175
20221117,12:49:05,42785.00,25,497175
20221117,12:49:12,42778.45,50,497175
20221117,12:49:19,42775.50,25,497175
20221117,12:49:33,42782.95,200,497175
20221117,12:49:50,42782.35,25,497175
20221117,12:49:54,42789.95,25,497175
20221117,12:50:03,42789.95,25,497175
20221117,12:50:37,42791.00,25,497175
20221117,12:50:38,42793.00,25,497175
20221117,12:50:51,42791.60,25,497175
20221117,12:50:54,42793.00,25,497175
20221117,12:50:58,42791.40,50,497175
20221117,12:50:59,42795.00,100,497175
20221117,12:51:03,42795.00,25,497175
20221117,12:51:04,42795.00,25,497175
20221117,12:51:08,42795.00,25,497175
20221117,12:51:24,42795.00,25,498050
20221117,12:51:26,42795.95,75,498050
20221117,12:51:27,42796.60,100,498050
20221117,12:51:29,42795.10,125,498050
20221117,12:51:34,42795.00,25,498050
20221117,12:51:37,42788.80,450,498050
20221117,12:51:42,42789.95,25,498050
20221117,12:52:23,42792.00,75,498050
20221117,12:52:30,42790.00,25,498050
20221117,12:52:41,42794.00,175,498050
20221117,12:53:29,42789.95,25,498050
20221117,12:53:33,42785.45,50,498050
20221117,12:53:42,42785.30,175,498050
20221117,12:53:46,42785.50,100,498050
20221117,12:53:54,42790.00,75,498050
20221117,12:53:57,42790.00,50,498050
20221117,12:54:04,42792.90,50,498050
20221117,12:54:08,42790.00,75,498050
20221117,12:54:20,42784.80,25,499000
20221117,12:54:23,42786.00,25,499000
20221117,12:54:30,42786.40,125,499000
20221117,12:55:03,42785.40,125,499000
20221117,12:55:07,42787.80,200,499000
20221117,12:55:18,42780.05,25,499000
20221117,12:55:31,42788.95,50,499000
20221117,12:55:49,42785.00,25,499000
20221117,12:56:02,42785.25,25,499000
20221117,12:56:03,42785.25,50,499000
20221117,12:56:05,42785.25,25,499000
20221117,12:56:07,42780.00,100,499000
20221117,12:56:20,42785.00,25,499000
20221117,12:56:24,42780.55,25,499000
20221117,12:56:31,42789.70,500,499000
20221117,12:56:34,42785.15,25,499000
20221117,12:56:36,42785.15,75,499000
20221117,12:56:49,42785.15,25,499000
20221117,12:56:52,42785.15,75,499000
20221117,12:56:55,42784.60,25,499000
20221117,12:57:07,42780.95,25,499000
20221117,12:57:10,42784.60,25,499000
20221117,12:57:17,42785.30,25,499625
20221117,12:57:28,42786.10,50,499625
20221117,12:57:37,42790.00,50,499625
20221117,12:57:39,42790.05,25,499625
20221117,12:57:42,42790.00,100,499625
20221117,12:57:56,42796.90,175,499625
20221117,12:57:58,42795.75,100,499625
20221117,12:58:09,42799.00,175,499625
20221117,12:58:13,42795.55,50,499625
20221117,12:58:20,42799.95,75,499625
20221117,12:58:21,42799.95,50,499625
20221117,12:58:29,42800.00,400,499625
20221117,12:58:49,42805.00,50,499625
20221117,12:58:53,42808.00,25,499625
20221117,12:59:02,42808.00,25,499625
20221117,12:59:07,42802.95,100,499625
20221117,12:59:12,42809.00,200,499625
20221117,12:59:17,42809.00,50,499625
20221117,12:59:19,42808.00,25,499625
20221117,12:59:27,42808.00,25,499625
20221117,12:59:30,42812.60,200,499625
20221117,12:59:32,42812.85,50,499625
20221117,12:59:33,42812.85,50,499625
20221117,12:59:35,42814.00,75,499625
20221117,12:59:43,42814.00,400,499625
20221117,12:59:45,42806.15,25,499625
20221117,12:59:51,42810.00,25,499625
20221117,12:59:54,42810.20,25,499625
20221117,12:59:56,42809.90,50,499625
20221117,13:00:01,42811.25,175,499625
20221117,13:00:04,42813.50,25,499625
20221117,13:00:06,42811.20,25,499625
20221117,13:00:07,42811.20,25,499625
20221117,13:00:14,42801.90,900,499625
20221117,13:00:20,42811.35,25,501450
20221117,13:00:35,42811.80,25,501450
20221117,13:00:36,42811.55,75,501450
20221117,13:00:41,42811.55,125,501450
20221117,13:00:49,42806.45,50,501450
20221117,13:00:53,42807.65,25,501450
20221117,13:00:54,42807.00,25,501450
20221117,13:00:56,42805.00,25,501450
20221117,13:01:03,42806.45,200,501450
20221117,13:01:06,42801.00,50,501450
20221117,13:01:08,42800.00,450,501450
20221117,13:01:09,42800.80,100,501450
20221117,13:01:14,42797.45,75,501450
20221117,13:01:34,42798.45,50,501450
20221117,13:01:47,42789.45,25,501450
20221117,13:01:50,42792.80,25,501450
20221117,13:01:55,42798.45,25,501450
20221117,13:01:59,42800.00,25,501450
20221117,13:02:09,42803.10,100,501450
20221117,13:02:19,42801.85,25,501450
20221117,13:02:22,42802.95,25,501450
20221117,13:02:25,42801.90,50,501450
20221117,13:02:37,42802.95,50,501450
20221117,13:02:48,42802.95,25,501450
20221117,13:03:18,42803.00,75,501450
20221117,13:03:20,42803.00,175,502475
20221117,13:03:30,42803.45,25,502475
20221117,13:03:56,42794.05,25,502475
20221117,13:04:10,42794.05,25,502475
20221117,13:04:12,42800.00,75,502475
20221117,13:04:24,42803.00,25,502475
20221117,13:04:39,42803.00,100,502475
20221117,13:04:52,42803.00,25,502475
20221117,13:04:57,42800.80,25,502475
20221117,13:04:59,42803.00,25,502475
20221117,13:05:05,42805.00,25,502475
20221117,13:05:07,42805.00,50,502475
20221117,13:05:13,42805.45,25,502475
20221117,13:05:15,42810.00,100,502475
20221117,13:05:17,42810.00,25,502475
20221117,13:05:45,42810.00,50,502475
20221117,13:05:48,42810.45,100,502475
20221117,13:05:52,42810.35,50,502475
20221117,13:05:53,42810.35,125,502475
20221117,13:06:00,42809.85,25,502475
20221117,13:06:21,42810.00,25,499875
20221117,13:06:23,42809.85,50,499875
20221117,13:06:28,42803.95,25,499875
20221117,13:07:15,42805.65,25,499875
20221117,13:07:32,42806.00,50,499875
20221117,13:07:44,42808.85,25,499875
20221117,13:08:05,42804.35,25,499875
20221117,13:08:11,42804.35,25,499875
20221117,13:09:00,42799.00,25,499875
20221117,13:09:10,42800.85,50,499875
20221117,13:09:19,42804.35,25,500025
20221117,13:09:24,42805.00,25,500025
20221117,13:09:29,42800.85,25,500025
20221117,13:09:34,42802.80,25,500025
20221117,13:10:21,42798.95,25,500025
20221117,13:10:22,42802.80,25,500025
20221117,13:11:10,42794.65,75,500025
20221117,13:11:18,42794.65,25,500025
20221117,13:11:42,42791.70,25,500025
20221117,13:11:48,42795.45,50,500025
20221117,13:11:50,42795.25,50,500025
20221117,13:11:58,42794.05,25,500025
20221117,13:12:06,42793.95,25,500025
20221117,13:12:18,42795.55,25,500025
20221117,13:12:27,42795.50,100,500250
20221117,13:12:29,42795.50,25,500250
20221117,13:12:31,42795.75,650,500250
20221117,13:13:27,42798.60,25,500250
20221117,13:13:51,42797.30,25,500250
20221117,13:14:01,42795.20,50,500250
20221117,13:14:16,42797.60,50,500250
20221117,13:14:19,42795.65,25,500250
20221117,13:14:37,42798.10,75,500250
20221117,13:14:43,42798.60,50,500250
20221117,13:14:54,42800.00,125,500250
20221117,13:15:01,42803.40,25,500250
20221117,13:15:02,42809.60,25,500250
20221117,13:15:28,42804.65,100,500750
20221117,13:15:33,42798.85,25,500750
20221117,13:16:11,42789.00,75,500750
20221117,13:16:21,42789.90,25,500750
20221117,13:16:32,42789.90,25,500750
20221117,13:16:56,42789.25,50,500750
20221117,13:16:57,42799.60,900,500750
20221117,13:16:59,42790.00,25,500750
20221117,13:17:10,42801.75,25,500750
20221117,13:17:39,42794.50,25,500750
20221117,13:18:03,42798.65,75,500750
20221117,13:18:21,42800.85,100,500625
20221117,13:18:44,42793.25,25,500625
20221117,13:18:50,42801.00,25,500625
20221117,13:19:02,42801.20,25,500625
20221117,13:19:13,42801.50,25,500625
20221117,13:19:47,42806.45,50,500625
20221117,13:19:57,42810.00,25,500625
20221117,13:20:00,42810.95,100,500625
20221117,13:20:15,42815.00,25,500625
20221117,13:20:18,42815.00,25,500625
20221117,13:20:20,42815.45,50,500625
20221117,13:20:21,42818.00,50,500625
20221117,13:20:31,42819.00,25,500625
20221117,13:20:36,42819.70,25,500625
20221117,13:20:48,42819.70,25,500625
20221117,13:21:18,42814.95,25,500625
20221117,13:21:21,42810.35,25,500625
20221117,13:21:38,42808.70,50,500975
20221117,13:21:41,42808.70,75,500975
20221117,13:21:43,42808.70,25,500975
20221117,13:21:44,42810.00,25,500975
20221117,13:21:46,42810.00,25,500975
20221117,13:21:48,42810.85,50,500975
20221117,13:21:53,42815.00,25,500975
20221117,13:21:56,42814.30,50,500975
20221117,13:22:01,42820.00,25,500975
20221117,13:22:09,42820.00,100,500975
20221117,13:22:11,42820.00,50,500975
20221117,13:22:12,42820.00,25,500975
20221117,13:22:16,42820.60,25,500975
20221117,13:22:19,42820.60,25,500975
20221117,13:22:25,42820.00,25,500975
20221117,13:22:27,42820.10,75,500975
20221117,13:22:28,42820.70,25,500975
20221117,13:22:32,42820.70,25,500975
20221117,13:22:41,42820.70,100,500975
20221117,13:22:49,42821.20,25,500975
20221117,13:22:58,42824.00,25,500975
20221117,13:23:00,42824.00,25,500975
20221117,13:23:01,42823.65,25,500975
20221117,13:23:08,42819.10,200,500975
20221117,13:23:13,42819.10,25,500975
20221117,13:23:14,42819.05,25,500975
20221117,13:23:31,42819.00,25,500975
20221117,13:23:33,42816.70,25,500975
20221117,13:23:38,42819.05,25,500975
20221117,13:23:47,42820.70,75,500975
20221117,13:23:53,42817.00,25,500975
20221117,13:24:00,42817.00,25,500975
20221117,13:24:14,42815.85,25,500975
20221117,13:24:21,42815.85,25,500975
20221117,13:24:38,42812.60,25,500975
20221117,13:24:40,42816.25,25,502050
20221117,13:24:55,42815.00,25,502050
20221117,13:24:57,42815.00,25,502050
20221117,13:25:01,42813.10,25,502050
20221117,13:25:04,42817.00,25,502050
20221117,13:25:12,42815.15,25,502050
20221117,13:25:13,42815.10,50,502050
20221117,13:25:23,42817.00,25,502050
20221117,13:25:28,42812.30,25,502050
20221117,13:25:29,42817.00,25,502050
20221117,13:25:31,42817.00,25,502050
20221117,13:25:32,42815.00,25,502050
20221117,13:25:34,42812.40,50,502050
20221117,13:25:35,42811.95,25,502050
20221117,13:25:46,42811.30,25,502050
20221117,13:25:49,42811.50,50,502050
20221117,13:25:54,42812.00,25,502050
20221117,13:25:55,42810.00,75,502050
20221117,13:25:59,42807.05,25,502050
20221117,13:26:02,42807.00,25,502050
20221117,13:26:08,42805.00,25,502050
20221117,13:26:24,42801.30,25,502050
20221117,13:26:26,42801.55,25,502050
20221117,13:26:31,42805.00,25,502050
20221117,13:26:34,42801.40,25,502050
20221117,13:26:35,42801.60,25,502050
20221117,13:27:08,42805.45,25,502050
20221117,13:27:17,42808.00,25,502050
20221117,13:27:35,42808.85,25,502425
20221117,13:27:41,42808.95,25,502425
20221117,13:27:57,42814.00,25,502425
20221117,13:27:58,42811.35,25,502425
20221117,13:28:03,42814.40,25,502425
20221117,13:28:08,42815.55,25,502425
20221117,13:28:10,42815.60,25,502425
20221117,13:28:18,42817.00,25,502425
20221117,13:28:20,42820.05,125,502425
20221117,13:28:21,42823.00,200,502425
20221117,13:28:23,42826.00,300,502425
20221117,13:28:25,42829.00,150,502425
20221117,13:28:26,42830.00,25,502425
20221117,13:28:28,42830.00,125,502425
20221117,13:28:36,42832.40,700,502425
20221117,13:28:39,42836.00,75,502425
20221117,13:28:41,42836.00,150,502425
20221117,13:28:43,42837.00,25,502425
20221117,13:28:44,42837.00,25,502425
20221117,13:28:46,42833.25,250,502425
20221117,13:28:49,42832.20,50,502425
20221117,13:28:51,42831.95,200,502425
20221117,13:29:04,42831.00,75,502425
20221117,13:29:13,42824.25,50,502425
20221117,13:29:21,42822.50,50,502425
20221117,13:29:28,42818.75,25,502425
20221117,13:29:30,42819.65,75,502425
20221117,13:29:31,42820.65,50,502425
20221117,13:29:33,42818.90,75,502425
20221117,13:29:36,42820.00,25,502425
20221117,13:29:38,42818.85,25,502425
20221117,13:29:45,42821.85,50,502425
20221117,13:29:48,42819.05,25,502425
20221117,13:29:53,42819.05,50,502425
20221117,13:29:56,42820.00,50,502425
20221117,13:30:07,42822.80,200,502425
20221117,13:30:09,42819.95,25,502425
20221117,13:30:11,42819.65,25,502425
20221117,13:30:15,42819.65,25,502425
20221117,13:30:25,42818.05,100,503475
20221117,13:30:30,42819.30,50,503475
20221117,13:30:34,42819.30,25,503475
20221117,13:30:36,42818.55,25,503475
20221117,13:30:39,42820.00,50,503475
20221117,13:30:41,42823.30,100,503475
20221117,13:30:52,42826.00,25,503475
20221117,13:30:54,42824.35,25,503475
20221117,13:30:57,42824.65,25,503475
20221117,13:30:58,42828.35,25,503475
20221117,13:31:03,42823.10,25,503475
20221117,13:31:05,42823.05,50,503475
20221117,13:31:11,42824.65,25,503475
20221117,13:31:14,42818.05,75,503475
20221117,13:31:16,42818.05,50,503475
20221117,13:31:17,42818.00,50,503475
20221117,13:31:21,42818.05,50,503475
20221117,13:31:22,42815.55,75,503475
20221117,13:31:24,42813.85,150,503475
20221117,13:31:32,42816.20,75,503475
20221117,13:31:34,42815.70,100,503475
20221117,13:31:50,42823.90,225,503475
20221117,13:32:05,42817.95,25,503475
20221117,13:32:10,42820.95,50,503475
20221117,13:32:15,42820.95,25,503475
20221117,13:32:26,42825.50,50,503475
20221117,13:32:29,42819.75,75,503475
20221117,13:32:32,42828.10,50,503475
20221117,13:32:34,42825.50,125,503475
20221117,13:32:35,42819.35,75,503475
20221117,13:32:37,42818.45,75,503475
20221117,13:32:39,42817.75,75,503475
20221117,13:32:55,42815.00,25,503475
20221117,13:32:57,42813.85,100,503475
20221117,13:33:08,42813.85,25,503475
20221117,13:33:15,42815.00,25,503475
20221117,13:33:27,42814.95,125,504625
20221117,13:33:28,42814.00,100,504625
20221117,13:33:30,42814.00,75,504625
20221117,13:33:33,42813.45,75,504625
20221117,13:33:43,42813.10,75,504625
20221117,13:33:44,42813.10,50,504625
20221117,13:33:46,42812.95,100,504625
20221117,13:33:48,42810.00,300,504625
20221117,13:33:54,42814.85,50,504625
20221117,13:33:59,42810.25,1050,504625
20221117,13:34:05,42825.10,925,504625
20221117,13:34:07,42813.85,75,504625
20221117,13:34:08,42811.70,175,504625
20221117,13:34:10,42822.60,900,504625
20221117,13:34:13,42824.15,900,504625
20221117,13:34:15,42826.80,900,504625
20221117,13:34:18,42828.85,900,504625
20221117,13:34:20,42827.60,900,504625
20221117,13:34:23,42829.25,900,504625
20221117,13:34:24,42829.35,950,504625
20221117,13:34:56,42820.00,50,504625
20221117,13:35:08,42818.15,25,504625
20221117,13:35:14,42818.15,25,504625
20221117,13:35:17,42818.85,25,504625
20221117,13:35:33,42820.70,25,504625
20221117,13:35:40,42822.00,25,504625
20221117,13:35:45,42822.00,50,504625
20221117,13:35:50,42825.00,75,504625
20221117,13:35:53,42827.00,50,504625
20221117,13:35:54,42827.00,25,504625
20221117,13:35:56,42829.90,25,504625
20221117,13:35:58,42829.90,25,504625
20221117,13:36:03,42829.50,175,504625
20221117,13:36:08,42830.00,150,504625
20221117,13:36:09,42829.55,50,504625
20221117,13:36:14,42829.55,50,504625
20221117,13:36:16,42828.40,25,504625
20221117,13:36:17,42830.35,25,504625
20221117,13:36:21,42830.90,25,504625
20221117,13:36:22,42829.60,100,504625
20221117,13:36:26,42827.75,75,512575
20221117,13:36:38,42824.65,25,512575
20221117,13:36:40,42826.05,25,512575
20221117,13:36:51,42828.40,25,512575
20221117,13:37:03,42828.40,75,512575
20221117,13:37:09,42827.00,75,512575
20221117,13:37:17,42827.00,25,512575
20221117,13:37:19,42822.75,300,512575
20221117,13:37:22,42827.00,25,512575
20221117,13:37:24,42827.00,150,512575
20221117,13:37:30,42825.90,50,512575
20221117,13:37:32,42825.90,25,512575
20221117,13:37:39,42828.70,75,512575
20221117,13:37:47,42834.00,100,512575
20221117,13:37:48,42828.40,50,512575
20221117,13:37:50,42832.95,325,512575
20221117,13:37:52,42833.00,175,512575
20221117,13:37:55,42840.00,250,512575
20221117,13:37:58,42835.20,50,512575
20221117,13:38:00,42835.45,50,512575
20221117,13:38:02,42839.70,50,512575
20221117,13:38:07,42840.00,25,512575
20221117,13:38:08,42840.00,50,512575
20221117,13:38:17,42835.00,250,512575
20221117,13:38:30,42831.00,100,512575
20221117,13:38:33,42837.70,350,512575
20221117,13:38:37,42830.10,25,512575
20221117,13:38:38,42833.00,25,512575
20221117,13:38:40,42835.00,75,512575
20221117,13:38:43,42835.00,50,512575
20221117,13:38:45,42837.70,25,512575
20221117,13:38:48,42831.50,25,512575
20221117,13:38:50,42831.50,50,512575
20221117,13:38:51,42831.50,25,512575
20221117,13:38:53,42831.10,25,512575
20221117,13:38:56,42838.05,100,512575
20221117,13:38:58,42836.80,25,512575
20221117,13:39:06,42834.60,100,512575
20221117,13:39:11,42834.60,50,512575
20221117,13:39:18,42840.00,100,512575
20221117,13:39:22,42831.00,100,512575
20221117,13:39:30,42828.25,100,514950
20221117,13:39:45,42831.00,100,514950
20221117,13:39:47,42840.00,100,514950
20221117,13:39:48,42832.95,25,514950
20221117,13:39:51,42832.50,25,514950
20221117,13:39:56,42832.65,125,514950
20221117,13:39:59,42835.35,25,514950
20221117,13:40:03,42832.60,50,514950
20221117,13:40:04,42833.50,25,514950
20221117,13:40:06,42840.00,100,514950
20221117,13:40:11,42834.00,25,514950
20221117,13:40:13,42833.80,75,514950
20221117,13:40:14,42830.00,25,514950
20221117,13:40:18,42830.00,25,514950
20221117,13:40:19,42828.80,50,514950
20221117,13:40:23,42826.55,75,514950
20221117,13:40:28,42824.30,25,514950
20221117,13:40:33,42829.90,100,514950
20221117,13:40:39,42821.20,25,514950
20221117,13:40:41,42822.35,25,514950
20221117,13:40:57,42819.90,50,514950
20221117,13:40:59,42822.00,25,514950
20221117,13:41:09,42825.70,100,514950
20221117,13:41:10,42825.70,25,514950
20221117,13:41:14,42820.00,25,514950
20221117,13:41:17,42815.85,25,514950
20221117,13:41:19,42811.70,25,514950
20221117,13:41:20,42810.00,225,514950
20221117,13:41:22,42810.00,200,514950
20221117,13:41:23,42810.00,25,514950
20221117,13:41:27,42805.15,25,514950
20221117,13:41:32,42810.00,75,514950
20221117,13:41:33,42812.40,100,514950
20221117,13:41:37,42815.00,25,514950
20221117,13:41:38,42811.25,125,514950
20221117,13:41:43,42815.75,25,514950
20221117,13:41:46,42829.05,25,514950
20221117,13:41:50,42829.40,25,514950
20221117,13:41:51,42829.75,25,514950
20221117,13:42:00,42817.70,50,514950
20221117,13:42:21,42815.15,25,514950
20221117,13:42:24,42823.50,50,514950
20221117,13:42:29,42824.05,25,516250
20221117,13:42:32,42825.95,25,516250
20221117,13:42:37,42828.85,50,516250
20221117,13:42:44,42824.70,25,516250
20221117,13:42:49,42825.65,25,516250
20221117,13:42:54,42824.95,100,516250
20221117,13:43:24,42812.30,25,516250
20221117,13:43:46,42815.50,25,516250
20221117,13:43:47,42815.50,50,516250
20221117,13:43:51,42815.50,125,516250
20221117,13:44:10,42814.80,25,516250
20221117,13:44:20,42810.00,25,516250
20221117,13:44:28,42812.65,25,516250
20221117,13:44:30,42809.10,50,516250
20221117,13:44:31,42806.05,75,516250
20221117,13:44:33,42802.90,100,516250
20221117,13:44:35,42800.00,25,516250
20221117,13:44:36,42806.50,25,516250
20221117,13:44:38,42800.00,150,516250
20221117,13:44:39,42802.65,50,516250
20221117,13:44:41,42798.00,325,516250
20221117,13:44:43,42805.55,50,516250
20221117,13:44:44,42805.85,25,516250
20221117,13:44:48,42806.90,25,516250
20221117,13:44:49,42806.55,25,516250
20221117,13:44:51,42806.75,25,516250
20221117,13:44:53,42805.55,25,516250
20221117,13:45:13,42794.85,25,516250
20221117,13:45:14,42807.50,75,516250
20221117,13:45:18,42799.35,25,516250
20221117,13:45:28,42799.25,50,517000
20221117,13:45:38,42800.35,25,517000
20221117,13:45:52,42806.80,25,517000
20221117,13:46:01,42791.20,50,517000
20221117,13:46:11,42788.05,50,517000
20221117,13:46:14,42788.00,50,517000
20221117,13:46:22,42794.65,25,517000
20221117,13:46:24,42794.65,25,517000
20221117,13:46:45,42797.30,25,517000
20221117,13:46:50,42794.65,25,517000
20221117,13:46:52,42794.65,25,517000
20221117,13:46:53,42799.25,25,517000
20221117,13:46:58,42799.85,50,517000
20221117,13:47:16,42790.00,25,517000
20221117,13:47:33,42790.00,25,517000
20221117,13:47:34,42790.00,25,517000
20221117,13:48:06,42800.00,25,517000
20221117,13:48:14,42795.00,25,517000
20221117,13:48:16,42795.00,25,517000
20221117,13:48:27,42800.00,75,516925
20221117,13:48:49,42800.35,25,516925
20221117,13:48:51,42800.00,25,516925
20221117,13:48:53,42800.45,25,516925
20221117,13:48:54,42801.10,25,516925
20221117,13:48:57,42805.00,25,516925
20221117,13:49:02,42813.60,50,516925
20221117,13:49:05,42813.15,25,516925
20221117,13:49:18,42804.30,25,516925
20221117,13:49:23,42809.00,25,516925
20221117,13:49:31,42804.15,25,516925
20221117,13:49:34,42809.00,25,516925
20221117,13:49:42,42798.15,25,516925
20221117,13:50:15,42803.00,25,516925
20221117,13:50:19,42803.00,25,516925
20221117,13:50:20,42804.00,25,516925
20221117,13:50:22,42805.00,50,516925
20221117,13:50:27,42805.75,50,516925
20221117,13:50:45,42809.00,25,516925
20221117,13:50:51,42805.85,25,516925
20221117,13:50:56,42803.00,25,516925
20221117,13:50:58,42805.45,50,516925
20221117,13:51:01,42805.00,25,516925
20221117,13:51:04,42800.00,50,516925
20221117,13:51:06,42802.00,25,516925
20221117,13:51:21,42804.20,25,516925
20221117,13:51:26,42804.20,50,516925
20221117,13:51:45,42801.90,25,517125
20221117,13:51:52,42806.95,25,517125
20221117,13:52:05,42802.75,75,517125
20221117,13:52:06,42798.95,100,517125
20221117,13:52:08,42798.95,50,517125
20221117,13:52:23,42798.95,75,517125
20221117,13:52:39,42799.95,25,517125
20221117,13:52:43,42792.75,25,517125
20221117,13:53:02,42800.00,25,517125
20221117,13:53:19,42800.00,75,517125
20221117,13:53:24,42800.00,25,517125
20221117,13:53:26,42800.50,25,517125
20221117,13:53:29,42803.15,25,517125
20221117,13:53:31,42803.15,25,517125
20221117,13:53:42,42797.35,25,517125
20221117,13:53:44,42800.30,25,517125
20221117,13:53:47,42797.90,25,517125
20221117,13:53:49,42796.90,25,517125
20221117,13:54:01,42796.90,25,517125
20221117,13:54:20,42795.45,50,517125
20221117,13:54:22,42802.95,25,517125
20221117,13:54:27,42794.90,100,517525
20221117,13:54:37,42790.40,25,517525
20221117,13:54:53,42790.45,50,517525
20221117,13:54:56,42790.10,25,517525
20221117,13:55:01,42790.10,25,517525
20221117,13:55:09,42790.40,100,517525
20221117,13:55:16,42790.00,25,517525
20221117,13:55:17,42790.00,125,517525
20221117,13:55:21,42788.00,75,517525
20221117,13:55:22,42784.40,50,517525
20221117,13:55:40,42788.20,25,517525
20221117,13:55:47,42796.95,25,517525
20221117,13:55:57,42790.00,25,517525
20221117,13:55:58,42791.20,125,517525
20221117,13:56:10,42793.75,25,517525
20221117,13:56:24,42794.20,25,517525
20221117,13:56:26,42794.85,25,517525
20221117,13:56:31,42794.80,25,517525
20221117,13:56:32,42795.00,25,517525
20221117,13:56:40,42794.30,25,517525
20221117,13:56:52,42789.10,25,517525
20221117,13:57:00,42791.05,25,517525
20221117,13:57:05,42795.00,25,517525
20221117,13:57:13,42795.00,25,517525
20221117,13:57:22,42803.00,100,517525
20221117,13:57:23,42805.00,50,517525
20221117,13:57:43,42808.00,50,517675
20221117,13:57:53,42808.25,25,517675
20221117,13:57:55,42810.00,50,517675
20221117,13:58:01,42803.45,200,517675
20221117,13:58:16,42804.00,25,517675
20221117,13:58:50,42807.70,25,517675
20221117,13:59:06,42805.00,25,517675
20221117,13:59:09,42812.45,25,517675
20221117,13:59:10,42810.00,50,517675
20221117,13:59:38,42801.00,25,517675
20221117,13:59:48,42803.70,25,517675
20221117,13:59:53,42800.75,25,517675
20221117,14:00:09,42798.35,25,517675
20221117,14:00:18,42802.70,50,517675
20221117,14:00:23,42797.85,25,517675
20221117,14:00:41,42797.00,25,517650
20221117,14:00:46,42796.00,25,517650
20221117,14:00:55,42795.35,25,517650
20221117,14:00:57,42795.35,25,517650
20221117,14:01:02,42795.00,25,517650
20221117,14:01:04,42795.25,25,517650
20221117,14:01:31,42802.20,25,517650
20221117,14:01:46,42790.50,50,517650
20221117,14:01:54,42790.95,25,517650
20221117,14:02:09,42795.85,25,517650
20221117,14:03:22,42793.45,100,517650
20221117,14:03:39,42783.10,25,517750
20221117,14:03:40,42781.80,25,517750
20221117,14:03:44,42787.95,75,517750
20221117,14:03:50,42786.15,25,517750
20221117,14:04:15,42786.55,25,517750
20221117,14:04:43,42793.00,25,517750
20221117,14:04:48,42790.55,25,517750
20221117,14:04:55,42788.05,200,517750
20221117,14:04:57,42797.45,25,517750
20221117,14:04:58,42788.35,50,517750
20221117,14:05:00,42789.80,75,517750
20221117,14:05:13,42787.50,25,517750
20221117,14:05:16,42786.00,25,517750
20221117,14:05:18,42787.50,25,517750
20221117,14:05:36,42793.80,25,517750
20221117,14:05:55,42790.00,25,517750
20221117,14:06:10,42785.40,25,517750
20221117,14:06:13,42790.00,25,517750
20221117,14:06:20,42790.00,50,517750
20221117,14:06:21,42790.00,50,517750
20221117,14:06:35,42795.00,150,517925
20221117,14:06:46,42800.00,25,517925
20221117,14:06:47,42800.00,25,517925
20221117,14:06:49,42800.00,25,517925
20221117,14:06:54,42800.00,25,517925
20221117,14:06:56,42800.00,550,517925
20221117,14:07:02,42800.00,50,517925
20221117,14:07:07,42800.00,25,517925
20221117,14:07:10,42799.30,75,517925
20221117,14:07:25,42811.00,700,517925
20221117,14:07:26,42802.05,25,517925
20221117,14:07:29,42811.30,150,517925
20221117,14:07:34,42802.05,25,517925
20221117,14:07:49,42808.40,50,517925
20221117,14:08:30,42801.00,50,517925
20221117,14:08:48,42800.25,25,517925
20221117,14:08:58,42799.80,25,517925
20221117,14:09:01,42799.80,25,517925
20221117,14:09:05,42799.30,25,517925
20221117,14:09:21,42797.15,25,517925
20221117,14:09:25,42802.00,25,517925
20221117,14:09:30,42802.00,25,517925
20221117,14:09:43,42803.00,25,518375
20221117,14:10:07,42809.00,75,518375
20221117,14:10:09,42815.50,25,518375
20221117,14:10:10,42811.45,25,518375
20221117,14:10:35,42811.95,25,518375
20221117,14:10:43,42816.00,25,518375
20221117,14:10:54,42816.00,25,518375
20221117,14:11:24,42818.00,25,518375
20221117,14:11:27,42816.00,50,518375
20221117,14:11:31,42816.00,150,518375
20221117,14:11:52,42814.00,25,518375
20221117,14:12:07,42814.20,50,518375
20221117,14:12:12,42814.20,75,518375
20221117,14:12:13,42820.00,150,518375
20221117,14:12:31,42820.00,50,518800
20221117,14:12:41,42820.50,25,518800
20221117,14:12:44,42821.90,25,518800
20221117,14:12:57,42828.35,100,518800
20221117,14:13:00,42826.25,25,518800
20221117,14:13:07,42828.35,100,518800
20221117,14:13:30,42824.85,50,518800
20221117,14:13:43,42824.95,75,518800
20221117,14:13:48,42822.35,25,518800
20221117,14:14:06,42822.30,50,518800
20221117,14:14:11,42823.00,25,518800
20221117,14:14:12,42820.65,25,518800
20221117,14:14:23,42820.90,25,518800
20221117,14:14:33,42824.40,75,518800
20221117,14:14:34,42820.35,25,518800
20221117,14:14:50,42825.00,100,518800
20221117,14:15:03,42825.70,75,518800
20221117,14:15:06,42828.90,125,518800
20221117,14:15:08,42823.05,300,518800
20221117,14:15:20,42828.00,25,518800
20221117,14:15:25,42826.95,50,518800
20221117,14:15:26,42823.30,25,518800
20221117,14:15:31,42823.40,25,518800
20221117,14:15:39,42823.40,50,519600
20221117,14:15:41,42827.00,25,519600
20221117,14:15:42,42828.00,100,519600
20221117,14:15:47,42827.00,25,519600
20221117,14:15:49,42830.00,25,519600
20221117,14:15:52,42829.00,100,519600
20221117,14:16:01,42825.40,100,519600
20221117,14:16:20,42827.05,25,519600
20221117,14:16:23,42829.70,25,519600
20221117,14:16:28,42829.75,50,519600
20221117,14:16:30,42829.05,50,519600
20221117,14:16:31,42827.85,25,519600
20221117,14:16:33,42829.95,75,519600
20221117,14:16:34,42830.65,175,519600
20221117,14:16:39,42830.90,25,519600
20221117,14:16:41,42835.00,25,519600
20221117,14:16:46,42835.00,50,519600
20221117,14:16:49,42835.00,25,519600
20221117,14:16:51,42833.15,25,519600
20221117,14:16:52,42833.15,125,519600
20221117,14:17:10,42833.95,425,519600
20221117,14:17:20,42830.00,25,519600
20221117,14:17:25,42828.65,75,519600
20221117,14:17:26,42828.65,25,519600
20221117,14:17:28,42828.65,75,519600
20221117,14:17:30,42828.70,25,519600
20221117,14:17:31,42828.65,175,519600
20221117,14:17:37,42828.35,175,519600
20221117,14:17:39,42828.65,50,519600
20221117,14:17:46,42827.50,25,519600
20221117,14:17:48,42827.50,300,519600
20221117,14:17:51,42827.60,25,519600
20221117,14:17:54,42827.60,50,519600
20221117,14:17:56,42825.60,50,519600
20221117,14:18:04,42826.45,25,519600
20221117,14:18:06,42825.50,25,519600
20221117,14:18:08,42825.50,250,519600
20221117,14:18:12,42826.30,100,519600
20221117,14:18:17,42826.30,50,519600
20221117,14:18:27,42825.00,50,519600
20221117,14:18:31,42823.60,50,519600
20221117,14:18:33,42826.30,50,521775
20221117,14:18:36,42823.65,50,521775
20221117,14:18:46,42828.00,100,521775
20221117,14:18:59,42821.00,150,521775
20221117,14:19:01,42814.65,25,521775
20221117,14:19:06,42821.45,25,521775
20221117,14:19:21,42818.00,50,521775
20221117,14:19:26,42818.00,250,521775
20221117,14:19:29,42818.00,150,521775
20221117,14:19:31,42822.65,25,521775
20221117,14:19:47,42827.50,25,521775
20221117,14:19:50,42828.65,25,521775
20221117,14:19:59,42828.65,25,521775
20221117,14:20:00,42827.30,25,521775
20221117,14:20:02,42830.00,25,521775
20221117,14:20:07,42830.35,25,521775
20221117,14:20:20,42833.00,25,521775
20221117,14:20:30,42834.90,25,521775
20221117,14:20:39,42834.90,25,521775
20221117,14:20:44,42833.40,100,521775
20221117,14:20:49,42828.65,50,521775
20221117,14:20:51,42828.65,100,521775
20221117,14:20:59,42824.30,150,521775
20221117,14:21:00,42821.45,25,521775
20221117,14:21:02,42817.50,175,521775
20221117,14:21:04,42817.60,25,521775
20221117,14:21:09,42818.75,50,521775
20221117,14:21:25,42819.85,250,521775
20221117,14:21:28,42822.30,25,521775
20221117,14:21:34,42826.65,25,523325
20221117,14:21:54,42830.00,25,523325
20221117,14:21:56,42832.65,75,523325
20221117,14:22:05,42830.10,25,523325
20221117,14:22:11,42830.10,25,523325
20221117,14:22:12,42830.10,25,523325
20221117,14:22:23,42830.00,100,523325
20221117,14:22:39,42828.15,25,523325
20221117,14:22:49,42828.15,25,523325
20221117,14:22:54,42829.75,50,523325
20221117,14:23:22,42829.00,25,523325
20221117,14:23:23,42829.95,25,523325
20221117,14:23:34,42825.70,25,523325
20221117,14:23:52,42825.25,25,523325
20221117,14:23:56,42825.25,50,523325
20221117,14:24:09,42825.25,100,523325
20221117,14:24:14,42828.40,600,523325
20221117,14:24:15,42822.30,25,523325
20221117,14:24:22,42822.30,75,523325
20221117,14:24:27,42813.05,250,523325
20221117,14:24:28,42819.85,25,523325
20221117,14:24:32,42810.00,25,523325
20221117,14:24:35,42813.30,25,523325
20221117,14:24:41,42809.40,25,523950
20221117,14:24:43,42810.60,25,523950
20221117,14:24:46,42809.00,100,523950
20221117,14:24:48,42805.30,25,523950
20221117,14:24:54,42805.30,25,523950
20221117,14:24:56,42803.90,25,523950
20221117,14:24:59,42805.30,25,523950
20221117,14:25:06,42800.05,25,523950
20221117,14:25:14,42800.00,125,523950
20221117,14:25:17,42799.10,100,523950
20221117,14:25:22,42803.85,25,523950
20221117,14:25:25,42798.25,25,523950
20221117,14:25:27,42798.25,25,523950
20221117,14:25:38,42795.00,50,523950
20221117,14:25:40,42795.00,50,523950
20221117,14:25:42,42795.00,25,523950
20221117,14:25:43,42795.00,25,523950
20221117,14:25:45,42795.00,25,523950
20221117,14:25:46,42795.00,100,523950
20221117,14:25:48,42795.00,25,523950
20221117,14:25:50,42800.00,250,523950
20221117,14:26:00,42800.00,25,523950
20221117,14:26:01,42800.00,175,523950
20221117,14:26:03,42799.25,25,523950
20221117,14:26:19,42800.05,200,523950
20221117,14:26:29,42807.70,25,523950
20221117,14:26:36,42805.30,25,523950
20221117,14:26:52,42807.70,25,523950
20221117,14:26:55,42803.75,50,523950
20221117,14:26:57,42805.00,100,523950
20221117,14:27:13,42804.55,25,523950
20221117,14:27:16,42807.70,25,523950
20221117,14:27:18,42804.85,50,523950
20221117,14:27:20,42806.85,100,523950
20221117,14:27:44,42806.85,25,524150
20221117,14:27:47,42808.00,25,524150
20221117,14:27:58,42812.50,25,524150
20221117,14:28:00,42810.05,25,524150
20221117,14:28:02,42804.50,50,524150
20221117,14:28:05,42802.90,25,524150
20221117,14:28:16,42803.15,25,524150
20221117,14:28:26,42809.10,25,524150
20221117,14:28:34,42803.45,25,524150
20221117,14:28:40,42803.70,25,524150
20221117,14:28:41,42807.80,75,524150
20221117,14:28:43,42807.60,25,524150
20221117,14:28:49,42807.60,25,524150
20221117,14:28:51,42807.60,25,524150
20221117,14:28:57,42810.00,25,524150
20221117,14:29:04,42803.00,25,524150
20221117,14:29:07,42803.00,25,524150
20221117,14:29:17,42803.00,50,524150
20221117,14:29:25,42808.05,50,524150
20221117,14:29:33,42808.70,25,524150
20221117,14:29:34,42803.00,25,524150
20221117,14:29:42,42807.90,25,524150
20221117,14:30:08,42801.00,25,524150
20221117,14:30:10,42805.40,50,524150
20221117,14:30:15,42800.70,25,524150
20221117,14:30:24,42795.00,50,524150
20221117,14:30:26,42794.10,25,524150
20221117,14:30:35,42796.30,25,524300
20221117,14:30:39,42800.00,25,524300
20221117,14:30:40,42800.10,25,524300
20221117,14:30:50,42800.10,50,524300
20221117,14:30:55,42805.00,25,524300
20221117,14:30:57,42804.40,25,524300
20221117,14:31:00,42803.80,100,524300
20221117,14:31:02,42806.00,25,524300
20221117,14:31:08,42806.00,25,524300
20221117,14:31:13,42806.00,50,524300
20221117,14:31:18,42807.00,25,524300
20221117,14:31:20,42806.10,25,524300
20221117,14:31:25,42810.00,25,524300
20221117,14:31:26,42813.35,125,524300
20221117,14:31:30,42808.70,50,524300
20221117,14:31:35,42810.00,25,524300
20221117,14:31:39,42810.00,25,524300
20221117,14:31:44,42817.80,25,524300
20221117,14:31:49,42823.70,50,524300
20221117,14:31:51,42818.05,25,524300
20221117,14:31:53,42818.05,50,524300
20221117,14:31:56,42818.50,50,524300
20221117,14:32:01,42818.60,25,524300
20221117,14:32:04,42822.00,25,524300
20221117,14:32:06,42822.00,25,524300
20221117,14:32:13,42822.00,25,524300
20221117,14:32:14,42825.00,75,524300
20221117,14:32:18,42822.00,150,524300
20221117,14:32:19,42825.00,200,524300
20221117,14:32:21,42826.00,25,524300
20221117,14:32:26,42830.00,25,524300
20221117,14:32:27,42826.30,25,524300
20221117,14:32:32,42829.60,50,524300
20221117,14:32:34,42830.00,175,524300
20221117,14:32:36,42830.00,50,524300
20221117,14:32:37,42830.45,25,524300
20221117,14:32:41,42833.40,25,524300
20221117,14:32:42,42839.95,125,524300
20221117,14:32:44,42840.00,25,524300
20221117,14:32:46,42838.05,50,524300
20221117,14:32:47,42838.75,125,524300
20221117,14:32:49,42835.40,125,524300
20221117,14:32:54,42839.95,125,524300
20221117,14:32:56,42828.90,125,524300
20221117,14:33:17,42828.90,25,524300
20221117,14:33:19,42828.90,125,524300
20221117,14:33:21,42830.20,375,524300
20221117,14:33:22,42833.00,50,524300
20221117,14:33:27,42831.25,50,524300
20221117,14:33:29,42833.00,25,524300
20221117,14:33:34,42830.60,25,524300
20221117,14:33:37,42830.75,25,525500
20221117,14:33:39,42836.25,200,525500
20221117,14:33:49,42840.00,75,525500
20221117,14:33:51,42840.00,75,525500
20221117,14:33:57,42839.95,50,525500
20221117,14:33:59,42840.00,25,525500
20221117,14:34:04,42840.00,25,525500
20221117,14:34:12,42833.65,175,525500
20221117,14:34:20,42831.45,50,525500
20221117,14:34:24,42831.95,100,525500
20221117,14:34:33,42831.45,50,525500
20221117,14:34:37,42835.00,25,525500
20221117,14:34:38,42837.55,25,525500
20221117,14:34:40,42839.90,50,525500
20221117,14:34:42,42839.70,50,525500
20221117,14:34:45,42839.70,25,525500
20221117,14:34:48,42832.35,25,525500
20221117,14:34:53,42832.40,25,525500
20221117,14:34:55,42832.10,25,525500
20221117,14:34:57,42832.35,25,525500
20221117,14:35:00,42833.90,25,525500
20221117,14:35:03,42833.90,25,525500
20221117,14:35:07,42833.90,25,525500
20221117,14:35:12,42833.70,25,525500
20221117,14:35:22,42833.45,25,525500
20221117,14:35:26,42833.05,75,525500
20221117,14:35:28,42829.40,25,525500
20221117,14:35:30,42831.35,75,525500
20221117,14:35:33,42825.05,175,525500
20221117,14:35:38,42825.05,25,525500
20221117,14:35:40,42825.05,50,525500
20221117,14:35:45,42825.05,275,525500
20221117,14:35:47,42825.05,100,525500
20221117,14:35:51,42832.00,25,525500
20221117,14:35:53,42833.90,25,525500
20221117,14:36:04,42833.90,25,525500
20221117,14:36:07,42833.00,100,525500
20221117,14:36:20,42832.95,50,525500
20221117,14:36:25,42825.35,25,525500
20221117,14:36:41,42831.65,75,526250
20221117,14:36:43,42824.15,25,526250
20221117,14:36:52,42822.75,50,526250
20221117,14:37:09,42824.15,75,526250
20221117,14:37:15,42822.95,25,526250
20221117,14:37:20,42826.95,25,526250
20221117,14:37:23,42820.15,25,526250
20221117,14:37:25,42825.00,25,526250
20221117,14:37:36,42819.45,25,526250
20221117,14:37:38,42825.00,25,526250
20221117,14:37:39,42824.95,50,526250
20221117,14:37:44,42825.00,25,526250
20221117,14:37:49,42825.00,25,526250
20221117,14:37:51,42822.90,75,526250
20221117,14:37:53,42820.00,125,526250
20221117,14:38:06,42822.00,75,526250
20221117,14:38:14,42822.00,25,526250
20221117,14:38:21,42821.15,25,526250
20221117,14:38:31,42824.20,25,526250
20221117,14:38:37,42824.30,25,526250
20221117,14:38:39,42824.30,50,526250
20221117,14:38:59,42821.00,50,526250
20221117,14:39:25,42821.00,25,526250
20221117,14:39:51,42821.70,25,526750
20221117,14:39:54,42821.70,25,526750
20221117,14:39:56,42821.70,25,526750
20221117,14:40:15,42824.00,75,526750
20221117,14:40:19,42821.65,25,526750
20221117,14:40:30,42821.65,50,526750
20221117,14:40:31,42821.75,100,526750
20221117,14:40:38,42821.75,25,526750
20221117,14:40:40,42824.30,75,526750
20221117,14:40:44,42825.00,25,526750
20221117,14:40:49,42821.75,25,526750
20221117,14:40:54,42821.70,25,526750
20221117,14:41:03,42821.00,75,526750
20221117,14:41:06,42820.00,75,526750
20221117,14:41:22,42819.00,25,526750
20221117,14:41:26,42819.00,25,526750
20221117,14:41:31,42815.00,50,526750
20221117,14:41:36,42809.75,25,526750
20221117,14:41:37,42810.35,25,526750
20221117,14:41:45,42819.95,50,526750
20221117,14:42:18,42818.00,25,526750
20221117,14:42:26,42818.00,25,526750
20221117,14:42:30,42813.60,25,526750
20221117,14:42:31,42814.15,25,526750
20221117,14:42:47,42818.00,50,527375
20221117,14:42:54,42818.00,25,527375
20221117,14:43:02,42814.35,25,527375
20221117,14:43:08,42818.00,25,527375
20221117,14:43:11,42815.00,25,527375
20221117,14:43:15,42815.00,25,527375
20221117,14:43:32,42814.15,50,527375
20221117,14:43:34,42814.15,25,527375
20221117,14:43:37,42814.15,25,527375
20221117,14:43:42,42814.45,25,527375
20221117,14:43:55,42818.00,100,527375
20221117,14:44:03,42818.00,325,527375
20221117,14:44:10,42825.10,25,527375
20221117,14:44:13,42825.25,50,527375
20221117,14:44:15,42827.30,25,527375
20221117,14:44:16,42827.75,25,527375
20221117,14:44:18,42827.70,25,527375
20221117,14:44:20,42830.00,100,527375
20221117,14:44:28,42825.75,100,527375
20221117,14:44:30,42825.10,25,527375
20221117,14:44:36,42823.20,50,527375
20221117,14:44:39,42823.20,50,527375
20221117,14:44:48,42821.85,25,527375
20221117,14:44:51,42823.50,25,527375
20221117,14:45:06,42825.00,50,527375
20221117,14:45:14,42825.00,25,527375
20221117,14:45:30,42826.90,75,527375
20221117,14:45:32,42826.80,25,527375
20221117,14:45:33,42826.80,25,527375
20221117,14:45:35,42826.70,50,527375
20221117,14:45:38,42825.05,100,528150
20221117,14:46:03,42827.15,25,528150
20221117,14:46:04,42828.95,25,528150
20221117,14:46:08,42827.30,25,528150
20221117,14:46:17,42828.10,50,528150
20221117,14:46:25,42828.10,50,528150
20221117,14:46:30,42828.95,25,528150
20221117,14:46:31,42830.00,125,528150
20221117,14:46:33,42829.50,50,528150
20221117,14:46:35,42833.90,200,528150
20221117,14:46:36,42833.90,75,528150
20221117,14:46:38,42835.00,100,528150
20221117,14:46:43,42837.30,50,528150
20221117,14:46:44,42837.35,75,528150
20221117,14:46:48,42837.25,25,528150
20221117,14:46:49,42837.35,25,528150
20221117,14:46:53,42837.35,50,528150
20221117,14:46:54,42836.15,25,528150
20221117,14:46:56,42836.80,50,528150
20221117,14:46:58,42837.15,275,528150
20221117,14:46:59,42835.95,150,528150
20221117,14:47:03,42837.35,125,528150
20221117,14:47:06,42836.85,25,528150
20221117,14:47:08,42836.85,125,528150
20221117,14:47:13,42836.85,50,528150
20221117,14:47:16,42837.35,25,528150
20221117,14:47:17,42837.35,50,528150
20221117,14:47:21,42837.35,25,528150
20221117,14:47:24,42839.00,50,528150
20221117,14:47:26,42839.00,25,528150
20221117,14:47:29,42839.35,25,528150
20221117,14:47:34,42835.65,100,528150
20221117,14:47:42,42839.00,25,528150
20221117,14:47:43,42839.85,50,528150
20221117,14:47:48,42839.95,25,528150
20221117,14:47:50,42838.90,25,528150
20221117,14:47:53,42838.95,25,528150
20221117,14:47:55,42840.00,25,528150
20221117,14:47:57,42840.35,425,528150
20221117,14:47:58,42840.25,25,528150
20221117,14:48:05,42841.00,25,528150
20221117,14:48:07,42842.35,175,528150
20221117,14:48:08,42845.35,125,528150
20221117,14:48:13,42843.25,225,528150
20221117,14:48:18,42846.05,150,528150
20221117,14:48:20,42849.30,100,528150
20221117,14:48:22,42849.30,225,528150
20221117,14:48:26,42850.00,25,528150
20221117,14:48:30,42850.00,50,528150
20221117,14:48:36,42850.00,100,528150
20221117,14:48:43,42845.40,125,530325
20221117,14:48:45,42847.80,50,530325
20221117,14:48:46,42845.00,100,530325
20221117,14:48:48,42843.00,25,530325
20221117,14:48:51,42839.65,50,530325
20221117,14:49:01,42841.35,25,530325
20221117,14:49:03,42842.65,25,530325
20221117,14:49:06,42844.60,25,530325
20221117,14:49:15,42845.00,125,530325
20221117,14:49:18,42847.00,50,530325
20221117,14:49:19,42850.00,50,530325
20221117,14:49:26,42847.10,25,530325
20221117,14:49:31,42850.00,25,530325
20221117,14:49:32,42850.00,25,530325
20221117,14:49:34,42848.00,75,530325
20221117,14:49:38,42847.95,275,530325
20221117,14:49:43,42845.65,100,530325
20221117,14:49:46,42846.00,50,530325
20221117,14:49:48,42842.30,25,530325
20221117,14:49:56,42846.00,25,530325
20221117,14:50:02,42846.25,150,530325
20221117,14:50:04,42846.00,75,530325
20221117,14:50:05,42848.95,25,530325
20221117,14:50:07,42846.05,75,530325
20221117,14:50:08,42846.00,25,530325
20221117,14:50:13,42847.00,25,530325
20221117,14:50:19,42847.00,50,530325
20221117,14:50:21,42847.00,25,530325
20221117,14:50:22,42845.00,100,530325
20221117,14:50:26,42845.00,125,530325
20221117,14:50:27,42845.00,25,530325
20221117,14:50:29,42845.00,125,530325
20221117,14:50:30,42849.00,175,530325
20221117,14:50:32,42847.80,50,530325
20221117,14:50:38,42850.00,50,530325
20221117,14:50:45,42850.00,125,530325
20221117,14:50:50,42850.00,25,530325
20221117,14:50:55,42850.00,25,530325
20221117,14:50:56,42849.95,75,530325
20221117,14:50:58,42850.00,50,530325
20221117,14:51:01,42850.00,400,530325
20221117,14:51:03,42850.00,125,530325
20221117,14:51:05,42850.00,150,530325
20221117,14:51:06,42850.00,25,530325
20221117,14:51:10,42860.00,500,530325
20221117,14:51:11,42860.00,50,530325
20221117,14:51:13,42860.00,75,530325
20221117,14:51:15,42860.55,75,530325
20221117,14:51:16,42860.55,125,530325
20221117,14:51:18,42862.05,525,530325
20221117,14:51:21,42861.65,200,530325
20221117,14:51:23,42858.80,125,530325
20221117,14:51:24,42855.05,25,530325
20221117,14:51:26,42855.00,75,530325
20221117,14:51:28,42855.10,50,530325
20221117,14:51:29,42855.10,25,530325
20221117,14:51:31,42855.05,25,530325
20221117,14:51:36,42850.10,175,530325
20221117,14:51:39,42846.45,75,530325
20221117,14:51:44,42851.40,25,532225
20221117,14:51:46,42844.50,150,532225
20221117,14:51:51,42846.45,25,532225
20221117,14:51:54,42846.45,100,532225
20221117,14:51:56,42842.85,25,532225
20221117,14:51:58,42842.85,50,532225
20221117,14:51:59,42842.85,50,532225
20221117,14:52:01,42848.00,75,532225
20221117,14:52:02,42842.65,100,532225
20221117,14:52:06,42844.50,25,532225
20221117,14:52:09,42847.75,50,532225
20221117,14:52:11,42839.70,25,532225
20221117,14:52:17,42836.30,225,532225
