20221117,09:15:02,42889.85,1,77350
20221117,09:15:02,42889.85,25,77350
20221117,09:15:03,42850.00,50,77350
20221117,09:15:06,42850.00,50,77350
20221117,09:15:11,42890.00,50,77350
20221117,09:15:16,42890.00,25,77350
20221117,09:15:26,42900.00,25,77350
20221117,09:15:35,42908.35,50,77350
20221117,09:15:41,42908.35,25,77350
20221117,09:15:44,42882.60,775,77350
20221117,09:15:47,42899.55,25,77350
20221117,09:15:50,42899.65,25,77350
20221117,09:15:52,42910.25,75,77350
20221117,09:15:58,42911.55,25,77350
20221117,09:16:01,42911.55,25,77350
20221117,09:16:10,42910.05,150,77350
20221117,09:16:31,42910.00,50,77350
20221117,09:16:50,42900.00,25,77350
20221117,09:16:56,42897.00,25,77350
20221117,09:16:58,42888.00,25,77350
20221117,09:17:02,42888.00,25,77350
20221117,09:17:11,42900.50,125,77350
20221117,09:17:23,42900.55,25,77350
20221117,09:17:33,42907.45,125,77450
20221117,09:17:34,42909.25,25,77450
20221117,09:17:44,42900.50,25,77450
20221117,09:17:53,42896.45,25,77450
20221117,09:18:04,42909.80,25,77450
20221117,09:18:05,42907.80,100,77450
20221117,09:18:17,42902.00,25,77450
20221117,09:18:20,42902.00,25,77450
20221117,09:18:44,42913.05,100,77450
20221117,09:18:56,42913.05,25,77450
20221117,09:18:58,42900.50,25,77450
20221117,09:19:14,42900.50,25,77450
20221117,09:19:59,42907.75,25,77450
20221117,09:20:18,42915.45,25,77450
20221117,09:20:29,42915.45,25,77725
20221117,09:20:42,42915.25,100,77725
20221117,09:20:44,42920.95,25,77725
20221117,09:20:46,42925.00,25,77725
20221117,09:20:47,42929.00,50,77725
20221117,09:20:49,42939.10,50,77725
20221117,09:20:52,42926.00,25,77725
20221117,09:20:54,42924.65,50,77725
20221117,09:20:57,42920.00,25,77725
20221117,09:21:13,42922.00,25,77725
20221117,09:21:23,42933.20,25,77725
20221117,09:21:25,42931.75,25,77725
20221117,09:22:04,42936.50,25,77725
20221117,09:22:30,42933.85,25,77725
20221117,09:22:45,42929.85,500,77725
20221117,09:22:50,42949.00,150,77725
20221117,09:23:03,42949.00,50,77725
20221117,09:23:07,42949.00,25,77725
20221117,09:23:12,42949.00,25,77725
20221117,09:23:30,42945.00,25,78200
20221117,09:23:36,42943.70,25,78200
20221117,09:23:52,42943.70,25,78200
20221117,09:23:55,42940.00,75,78200
20221117,09:23:57,42943.70,50,78200
20221117,09:23:59,42943.70,25,78200
20221117,09:24:02,42934.25,25,78200
20221117,09:24:03,42939.35,50,78200
20221117,09:24:47,42922.00,25,78200
20221117,09:24:54,42922.00,25,78200
20221117,09:25:01,42920.00,25,78200
20221117,09:25:02,42920.00,50,78200
20221117,09:25:07,42920.00,25,78200
20221117,09:25:29,42911.00,25,78200
20221117,09:25:39,42915.00,25,78200
20221117,09:26:01,42925.00,25,78200
20221117,09:27:55,42911.50,25,78375
20221117,09:28:02,42911.35,100,78375
20221117,09:28:41,42924.00,25,78375
20221117,09:28:44,42924.00,75,78375
20221117,09:29:04,42924.05,25,78375
20221117,09:29:21,42928.95,25,78375
20221117,09:29:23,42924.00,50,78375
20221117,09:29:33,42926.80,25,78300
20221117,09:30:52,42920.40,25,78300
20221117,09:32:20,42920.40,25,78300
20221117,09:32:30,42926.70,25,78300
20221117,09:32:32,42925.00,25,78300
20221117,09:32:50,42928.95,25,78300
20221117,09:33:03,42925.00,25,78300
20221117,09:33:04,42929.00,25,78300
20221117,09:33:06,42930.00,25,78300
20221117,09:33:08,42930.00,25,78300
20221117,09:33:09,42931.05,25,78300
20221117,09:33:13,42939.60,25,78300
20221117,09:33:14,42939.90,25,78300
20221117,09:33:24,42935.00,25,78300
20221117,09:33:29,42935.00,25,78300
20221117,09:33:30,42935.00,50,78300
20221117,09:33:32,42940.00,50,78300
20221117,09:33:34,42950.50,250,78300
20221117,09:33:48,42951.25,25,78300
20221117,09:34:16,42954.25,25,78300
20221117,09:34:24,42954.25,50,78300
20221117,09:34:32,42948.75,25,78300
20221117,09:34:34,42950.00,25,78300
20221117,09:34:39,42950.00,25,78300
20221117,09:35:27,42960.00,25,78725
20221117,09:35:34,42960.00,25,78725
20221117,09:35:39,42945.95,25,78725
20221117,09:36:15,42949.60,25,78725
20221117,09:36:40,42954.00,25,78725
20221117,09:36:41,42960.00,25,78725
20221117,09:36:55,42966.20,25,78725
20221117,09:37:03,42966.90,25,78725
20221117,09:37:20,42966.90,25,78725
20221117,09:37:26,42974.95,75,78725
20221117,09:37:33,42974.95,25,78725
20221117,09:37:38,42953.20,25,78725
20221117,09:37:48,42970.70,25,78725
20221117,09:38:16,42966.55,25,78725
20221117,09:38:21,42974.95,25,78725
20221117,09:38:36,42974.95,50,78925
20221117,09:39:10,42966.10,25,78925
20221117,09:39:15,42960.05,25,78925
20221117,09:40:25,42968.05,50,78925
20221117,09:40:45,42970.25,25,78925
20221117,09:40:47,42968.05,25,78925
20221117,09:41:04,42969.00,25,78925
20221117,09:41:15,42957.40,25,78925
20221117,09:41:17,42957.35,50,78925
20221117,09:41:32,42956.85,25,79150
20221117,09:41:50,42951.45,25,79150
20221117,09:42:05,42964.00,25,79150
20221117,09:42:10,42969.95,100,79150
20221117,09:42:17,42961.35,250,79150
20221117,09:44:30,42961.00,25,79450
20221117,09:44:31,42961.00,150,79450
20221117,09:44:48,42961.00,25,79450
20221117,09:44:57,42960.10,100,79450
20221117,09:45:07,42951.60,125,79450
20221117,09:45:09,42955.35,75,79450
20221117,09:45:14,42949.45,25,79450
20221117,09:45:16,42949.45,25,79450
20221117,09:45:21,42941.00,25,79450
20221117,09:45:27,42941.05,25,79450
20221117,09:45:30,42941.00,25,79450
20221117,09:45:32,42941.00,50,79450
20221117,09:45:39,42940.00,25,79450
20221117,09:45:45,42931.70,25,79450
20221117,09:45:47,42933.00,25,79450
20221117,09:45:58,42937.95,25,79450
20221117,09:46:00,42939.25,25,79450
20221117,09:46:11,42925.05,25,79450
20221117,09:46:13,42925.00,25,79450
20221117,09:46:16,42925.00,50,79450
20221117,09:46:18,42933.95,50,79450
20221117,09:46:24,42924.25,25,79450
20221117,09:46:26,42923.50,25,79450
20221117,09:46:29,42924.25,25,79450
20221117,09:46:36,42925.45,75,79450
20221117,09:46:38,42936.75,125,79450
20221117,09:46:41,42936.75,25,79450
20221117,09:47:01,42926.40,25,79450
20221117,09:47:26,42926.00,125,79450
20221117,09:47:27,42926.00,75,79450
20221117,09:48:04,42925.00,125,80575
20221117,09:48:24,42930.00,50,80575
20221117,09:48:36,42935.00,25,80575
20221117,09:49:03,42938.20,100,80575
20221117,09:49:27,42935.25,25,80575
20221117,09:51:31,42920.85,25,80700
20221117,09:52:52,42932.85,25,80700
20221117,09:55:10,42941.25,25,80725
20221117,09:55:40,42954.00,25,80725
20221117,09:56:08,42955.00,25,80725
20221117,09:56:18,42954.00,25,80725
20221117,09:56:20,42949.45,25,80725
20221117,09:56:28,42949.45,100,80725
20221117,09:56:36,42957.00,50,80925
20221117,09:57:25,42950.50,25,80925
20221117,09:57:54,42961.00,25,80925
20221117,09:58:12,42961.00,25,80925
20221117,09:58:13,42961.70,25,80925
20221117,09:58:57,42970.00,25,80925
20221117,09:59:18,42970.15,75,80925
20221117,09:59:23,42974.00,75,80925
20221117,09:59:25,42974.00,25,80925
20221117,09:59:41,42962.45,25,81100
20221117,10:00:19,42964.45,25,81100
20221117,10:00:59,42963.70,25,81100
20221117,10:02:18,42958.70,25,81100
20221117,10:02:30,42951.00,25,81100
20221117,10:02:45,42951.00,25,81100
20221117,10:02:47,42944.10,25,81200
20221117,10:02:55,42941.95,50,81200
20221117,10:05:17,42930.00,25,81200
20221117,10:05:19,42929.90,25,81200
20221117,10:06:02,42920.00,125,81225
20221117,10:06:16,42920.00,25,81225
20221117,10:06:35,42927.20,100,81225
20221117,10:08:00,42934.95,175,81225
20221117,10:08:03,42934.50,25,81225
20221117,10:08:08,42930.00,25,81225
20221117,10:09:54,42930.10,25,81175
20221117,10:10:45,42920.05,25,81175
20221117,10:11:16,42930.00,25,81175
20221117,10:12:11,42930.95,25,81200
20221117,10:13:39,42927.90,25,81200
20221117,10:13:53,42925.00,50,81200
20221117,10:13:55,42925.00,225,81200
20221117,10:13:56,42920.00,400,81200
20221117,10:13:58,42920.00,50,81200
20221117,10:14:15,42910.00,50,81200
20221117,10:16:46,42932.15,25,81475
20221117,10:16:57,42932.00,100,81475
20221117,10:17:58,42925.00,225,81575
20221117,10:18:02,42925.00,25,81575
20221117,10:19:23,42919.00,25,81575
20221117,10:19:48,42916.00,25,81575
20221117,10:21:08,42916.00,50,81575
20221117,10:21:10,42916.00,350,81775
20221117,10:21:42,42916.00,50,81775
20221117,10:21:43,42911.05,25,81775
20221117,10:22:13,42911.05,25,81775
20221117,10:22:16,42911.00,25,81775
20221117,10:22:18,42910.00,50,81775
20221117,10:23:05,42901.55,25,81775
20221117,10:28:04,42922.95,25,81500
20221117,10:28:25,42920.85,50,81500
20221117,10:29:44,42919.90,25,81550
20221117,10:30:08,42920.85,25,81550
20221117,10:30:56,42920.00,25,81550
20221117,10:32:33,42925.00,50,81550
20221117,10:33:03,42920.00,50,81575
20221117,10:33:15,42913.00,25,81575
20221117,10:33:16,42910.00,25,81575
20221117,10:36:13,42904.00,25,81600
20221117,10:36:52,42904.00,25,81600
20221117,10:37:02,42900.55,50,81600
20221117,10:37:05,42900.00,25,81600
20221117,10:37:06,42900.00,100,81600
20221117,10:37:08,42899.80,25,81600
20221117,10:37:11,42899.95,25,81600
20221117,10:37:35,42899.95,25,81600
20221117,10:39:28,42913.00,25,81775
20221117,10:40:17,42910.00,25,81775
20221117,10:43:52,42925.60,25,81800
20221117,10:45:32,42915.00,25,81775
20221117,10:45:40,42915.00,50,81775
20221117,10:45:42,42915.00,25,81775
20221117,10:46:00,42910.00,25,81775
20221117,10:48:45,42928.65,25,81825
20221117,10:49:00,42929.85,25,81825
20221117,10:53:58,42929.85,25,81800
20221117,10:54:16,42929.85,25,81800
20221117,10:56:14,42940.00,25,81800
20221117,10:56:15,42940.00,25,81800
20221117,10:59:11,42915.00,25,81900
20221117,10:59:52,42913.00,25,81925
20221117,11:00:55,42917.00,150,81925
20221117,11:01:36,42911.00,25,81925
20221117,11:01:37,42910.00,25,81925
20221117,11:02:28,42907.45,25,81925
20221117,11:03:21,42900.00,100,82025
20221117,11:03:24,42900.00,25,82025
20221117,11:03:39,42900.00,25,82025
20221117,11:03:40,42900.00,25,82025
20221117,11:03:59,42900.00,75,82025
20221117,11:04:59,42897.85,25,82025
20221117,11:05:28,42905.00,25,82025
20221117,11:06:19,42900.00,25,82250
20221117,11:07:03,42905.00,25,82250
20221117,11:08:01,42911.30,25,82250
20221117,11:09:03,42900.50,25,82275
20221117,11:10:50,42907.00,25,82275
20221117,11:13:34,42920.00,25,82250
20221117,11:13:59,42915.90,25,82250
20221117,11:16:42,42900.00,75,82300
20221117,11:17:16,42895.00,25,82300
20221117,11:18:19,42895.00,25,82325
20221117,11:18:39,42900.00,50,82325
20221117,11:18:40,42900.00,50,82325
20221117,11:18:45,42900.00,75,82325
20221117,11:18:50,42900.00,75,82325
20221117,11:18:53,42900.00,25,82325
20221117,11:18:58,42900.00,100,82325
20221117,11:19:03,42900.00,25,82325
20221117,11:19:04,42900.00,150,82325
20221117,11:19:08,42900.00,100,82325
20221117,11:19:09,42900.00,25,82325
20221117,11:19:11,42900.00,75,82325
20221117,11:19:12,42905.05,25,82325
20221117,11:20:38,42900.00,25,82325
20221117,11:21:15,42900.00,25,82300
20221117,11:21:31,42895.00,50,82300
20221117,11:22:17,42890.00,25,82300
20221117,11:22:22,42892.40,75,82300
20221117,11:23:18,42900.00,50,82300
20221117,11:23:21,42893.55,50,82300
20221117,11:23:38,42900.00,25,82300
20221117,11:23:48,42900.00,25,82350
20221117,11:24:00,42900.00,25,82350
20221117,11:24:01,42900.00,25,82350
20221117,11:24:29,42900.00,25,82350
20221117,11:24:34,42903.00,50,82350
20221117,11:26:17,42902.90,25,82350
20221117,11:27:01,42897.00,100,82500
20221117,11:28:43,42893.95,25,82500
20221117,11:28:56,42885.00,25,82500
20221117,11:28:58,42882.60,25,82500
20221117,11:29:00,42880.05,75,82500
20221117,11:29:03,42880.00,25,82500
20221117,11:29:06,42880.00,25,82500
20221117,11:29:13,42878.40,50,82500
20221117,11:29:21,42870.00,400,82500
20221117,11:29:23,42874.00,25,82500
20221117,11:29:25,42870.00,50,82500
20221117,11:29:47,42885.00,50,82800
20221117,11:30:23,42880.50,75,82800
20221117,11:30:25,42880.00,25,82800
20221117,11:30:29,42880.00,25,82800
20221117,11:32:43,42900.00,25,82800
20221117,11:32:44,42899.45,25,82800
20221117,11:34:25,42913.00,25,82975
20221117,11:35:00,42917.50,25,82975
20221117,11:35:24,42912.20,25,82975
20221117,11:37:28,42913.00,25,83025
20221117,11:37:38,42913.00,25,83025
20221117,11:37:44,42913.00,50,83025
20221117,11:38:23,42920.35,25,83025
20221117,11:38:39,42920.00,25,83025
20221117,11:40:18,42917.80,100,83150
20221117,11:41:59,42915.15,25,83075
20221117,11:43:21,42916.90,25,83075
20221117,11:44:21,42918.70,25,83075
20221117,11:45:22,42925.00,25,83150
20221117,11:45:27,42927.00,25,83150
20221117,11:45:57,42929.35,100,83150
20221117,11:49:09,42913.55,25,83100
20221117,11:49:44,42925.00,25,83100
20221117,11:51:09,42926.85,25,83075
20221117,11:51:45,42926.00,100,83075
20221117,11:51:58,42929.25,25,83075
20221117,11:52:13,42944.35,100,83075
20221117,11:57:52,42934.90,75,83100
20221117,11:58:21,42933.75,25,83100
20221117,11:58:23,42933.75,75,83100
20221117,12:00:25,42915.25,100,83000
20221117,12:00:43,42915.95,25,83000
20221117,12:00:55,42915.95,25,83000
20221117,12:01:21,42913.15,75,83000
20221117,12:06:07,42927.00,25,82925
20221117,12:07:53,42927.00,25,82925
20221117,12:07:54,42931.85,25,82925
20221117,12:11:20,42930.00,25,82950
20221117,12:14:33,42910.00,225,82975
20221117,12:14:38,42910.00,25,82975
20221117,12:14:52,42910.00,150,82975
20221117,12:14:53,42923.60,375,82975
20221117,12:15:09,42923.60,25,83475
20221117,12:16:47,42915.00,250,83475
20221117,12:17:02,42915.00,50,83475
20221117,12:17:07,42915.00,150,83475
20221117,12:17:08,42915.00,50,83475
20221117,12:17:35,42932.00,75,83475
20221117,12:17:36,42948.20,75,83475
20221117,12:17:41,42950.00,50,83475
20221117,12:17:43,42950.50,75,83475
20221117,12:18:12,42950.50,25,84050
20221117,12:19:50,42946.00,25,84050
20221117,12:20:07,42946.00,25,84050
20221117,12:20:54,42946.00,25,84050
20221117,12:21:06,42946.00,25,84075
20221117,12:22:25,42945.50,25,84075
20221117,12:28:07,42936.15,50,84075
20221117,12:28:15,42934.75,50,84075
20221117,12:28:22,42933.85,50,84075
20221117,12:28:32,42935.45,50,84075
20221117,12:30:13,42945.00,25,83975
20221117,12:31:16,42956.60,75,83975
20221117,12:31:49,42957.00,25,83975
20221117,12:31:51,42957.00,125,83975
20221117,12:31:54,42957.20,75,83975
20221117,12:32:37,42960.00,25,83975
20221117,12:32:41,42960.00,25,83975
20221117,12:35:13,42959.95,25,83975
20221117,12:35:33,42950.15,25,83975
20221117,12:35:53,42953.65,100,83975
20221117,12:36:31,42959.00,25,83900
20221117,12:36:39,42959.95,25,83900
20221117,12:38:10,42960.00,800,83900
20221117,12:38:12,42968.00,25,83900
20221117,12:38:42,42964.60,25,83900
20221117,12:38:58,42965.00,25,83900
20221117,12:39:28,42968.00,25,84400
20221117,12:43:34,42958.00,25,84400
20221117,12:43:55,42958.65,25,84400
20221117,12:44:05,42965.00,25,84400
20221117,12:44:33,42975.00,50,84400
20221117,12:44:42,42975.00,25,84400
20221117,12:44:47,42975.00,50,84400
20221117,12:45:19,42975.00,25,84550
20221117,12:45:44,42979.95,150,84550
20221117,12:47:25,42979.95,25,84550
20221117,12:49:50,42961.85,150,84575
20221117,12:51:24,42975.00,25,84575
20221117,12:51:28,42976.60,100,84575
20221117,12:51:38,42974.40,75,84575
20221117,12:52:06,42974.40,25,84575
20221117,12:53:33,42964.85,50,84575
20221117,12:53:58,42969.50,25,84575
20221117,12:54:49,42964.15,25,84700
20221117,12:56:01,42964.75,25,84700
20221117,12:56:06,42964.75,25,84700
20221117,12:56:07,42964.50,100,84700
20221117,12:56:32,42969.10,50,84700
20221117,12:57:55,42980.00,75,84750
20221117,12:57:57,42983.90,50,84750
20221117,12:59:09,42983.90,25,84750
20221117,12:59:17,42991.00,50,84750
20221117,12:59:40,42991.00,50,84750
20221117,12:59:43,42989.85,50,84750
20221117,13:00:47,42993.40,25,84875
20221117,13:00:53,42993.40,25,84875
20221117,13:01:05,42981.25,25,84875
20221117,13:01:10,42972.05,100,84875
20221117,13:01:15,42975.45,125,84875
20221117,13:01:26,42982.65,25,84875
20221117,13:02:12,42983.55,25,84875
20221117,13:02:37,42982.45,50,84875
20221117,13:02:44,42985.00,25,84875
20221117,13:03:20,42982.95,75,84900
20221117,13:03:58,42980.00,25,84900
20221117,13:04:11,42973.55,25,84900
20221117,13:05:06,42985.00,25,84900
20221117,13:05:14,42985.00,25,84900
20221117,13:05:49,42990.00,100,84900
20221117,13:05:52,42990.00,50,84900
20221117,13:08:14,42989.85,25,84975
20221117,13:09:54,42981.00,25,84975
20221117,13:11:10,42978.35,50,84975
20221117,13:11:49,42975.00,75,84975
20221117,13:12:17,42975.00,25,84975
20221117,13:12:28,42975.00,125,84975
20221117,13:12:30,42975.00,575,84975
20221117,13:12:31,42984.85,50,84975
20221117,13:14:34,42975.25,25,84975
20221117,13:15:01,42982.90,25,84975
20221117,13:15:54,42975.10,50,85025
20221117,13:16:13,42970.00,25,85025
20221117,13:17:09,42984.85,25,85025
20221117,13:17:14,42983.90,25,85025
20221117,13:19:15,42980.00,100,85025
20221117,13:20:20,42994.55,25,85100
20221117,13:20:23,42999.00,25,85100
20221117,13:20:33,42999.10,25,85100
20221117,13:20:37,42999.10,25,85100
20221117,13:20:43,42999.95,25,85100
20221117,13:20:48,42999.95,25,85100
20221117,13:22:10,43000.00,50,85050
20221117,13:22:11,43000.00,50,85050
20221117,13:22:16,43000.00,25,85050
20221117,13:22:26,43000.00,75,85050
20221117,13:22:29,43000.00,25,85050
20221117,13:22:31,43000.00,25,85050
20221117,13:22:40,43000.00,25,85050
20221117,13:22:42,43000.00,75,85050
20221117,13:23:07,43001.65,100,85050
20221117,13:23:08,43002.80,25,85050
20221117,13:23:47,43002.80,50,85050
20221117,13:24:15,42995.55,25,85375
20221117,13:24:40,42995.55,25,85375
20221117,13:26:02,42994.40,25,85375
20221117,13:26:12,42993.45,75,85375
20221117,13:26:15,42990.00,25,85375
20221117,13:28:19,42999.00,50,85375
20221117,13:28:20,43000.00,50,85475
20221117,13:28:22,43010.00,250,85475
20221117,13:31:04,43010.00,25,85600
20221117,13:32:26,43005.00,25,85600
20221117,13:34:17,43007.05,50,85600
20221117,13:34:19,43005.00,25,85600
20221117,13:34:20,43004.95,75,85600
20221117,13:35:13,42997.30,25,85600
20221117,13:35:32,43000.00,225,85600
20221117,13:35:44,43000.75,25,85600
20221117,13:36:18,43010.00,25,85625
20221117,13:36:39,43004.30,25,85625
20221117,13:37:08,43008.20,100,85625
20221117,13:37:19,43013.05,25,85625
20221117,13:37:39,43013.05,50,85625
20221117,13:37:47,43013.25,25,85625
20221117,13:38:09,43015.05,25,85625
20221117,13:38:34,43016.00,25,85625
20221117,13:38:44,43016.00,100,85625
20221117,13:39:07,43013.90,100,85625
20221117,13:39:25,43010.00,25,85650
20221117,13:39:29,43009.25,100,85650
20221117,13:39:49,43012.60,25,85650
20221117,13:39:55,43011.85,25,85650
20221117,13:39:57,43011.25,100,85650
20221117,13:39:58,43015.00,25,85650
20221117,13:40:03,43013.15,25,85650
20221117,13:40:10,43013.25,25,85650
20221117,13:40:18,43010.10,25,85650
20221117,13:40:23,43007.25,200,85650
20221117,13:40:28,43003.95,25,85650
20221117,13:40:35,43001.00,25,85650
20221117,13:40:40,43001.10,25,85650
20221117,13:40:43,43003.60,25,85650
20221117,13:40:55,43001.00,50,85650
20221117,13:41:04,43001.00,50,85650
20221117,13:41:21,43000.00,250,85650
20221117,13:41:26,42985.65,25,85650
20221117,13:42:25,43000.00,25,85650
20221117,13:42:44,43004.00,25,85650
20221117,13:42:54,43004.90,25,85650
20221117,13:43:01,43001.60,125,85650
20221117,13:43:09,43001.75,75,85650
20221117,13:44:28,42990.00,25,85650
20221117,13:44:32,42985.00,50,85650
20221117,13:44:35,42980.00,25,85650
20221117,13:45:59,42980.00,25,85875
20221117,13:46:01,42975.00,25,85875
20221117,13:46:39,42969.50,100,85875
20221117,13:48:58,42985.00,25,85750
20221117,13:49:42,42985.00,25,85750
20221117,13:50:31,42996.35,25,85750
20221117,13:51:03,42977.10,25,85750
20221117,13:51:21,42990.80,25,85750
20221117,13:52:10,42978.65,25,85750
20221117,13:53:01,42987.90,100,85750
20221117,13:53:56,42987.90,25,85750
20221117,13:56:06,42974.20,50,85750
20221117,13:57:21,42987.90,25,85750
20221117,13:59:14,42987.90,25,85700
20221117,14:00:43,42983.00,25,85750
20221117,14:03:26,42983.00,25,85775
20221117,14:06:23,42978.00,25,85775
20221117,14:10:07,42995.00,25,85800
20221117,14:10:20,43000.00,25,85800
20221117,14:11:28,43000.00,25,85800
20221117,14:12:41,43000.15,50,85800
20221117,14:12:57,43008.00,25,85800
20221117,14:13:07,43008.00,25,85800
20221117,14:13:27,43004.85,25,85800
20221117,14:14:33,43008.00,50,85800
20221117,14:14:51,43007.55,75,85800
20221117,14:15:07,43010.00,100,85800
20221117,14:15:17,43001.65,100,85800
20221117,14:15:27,43002.95,50,85850
20221117,14:16:00,43006.25,100,85850
20221117,14:16:24,43009.00,25,85850
20221117,14:16:28,43009.00,75,85850
20221117,14:16:30,43007.55,75,85850
20221117,14:16:32,43007.15,100,85850
20221117,14:16:33,43009.90,25,85850
20221117,14:16:35,43017.40,25,85850
20221117,14:17:42,43017.40,25,85850
20221117,14:17:56,43009.00,25,85850
20221117,14:18:51,43002.50,25,86000
20221117,14:19:17,43000.00,25,86000
20221117,14:20:07,43010.00,25,86000
20221117,14:20:44,43015.10,25,86000
20221117,14:20:49,43010.00,25,86000
20221117,14:22:49,43010.00,50,86000
20221117,14:24:22,42995.00,25,86000
20221117,14:24:42,42990.00,25,86000
20221117,14:25:37,42980.00,75,86000
20221117,14:26:55,42998.20,50,86000
20221117,14:27:59,42989.70,25,85950
20221117,14:28:00,42989.65,25,85950
20221117,14:29:14,42982.00,25,85950
20221117,14:30:10,42980.00,25,85950
20221117,14:30:15,42980.00,25,85950
20221117,14:30:25,42975.25,50,86000
20221117,14:31:14,42985.25,200,86000
20221117,14:31:45,42997.45,25,86000
20221117,14:32:31,43010.00,25,86000
20221117,14:32:35,43011.00,50,86000
20221117,14:32:41,43015.00,25,86000
20221117,14:32:46,43020.00,25,86000
20221117,14:33:03,43020.00,25,86000
20221117,14:33:45,43015.00,25,86050
20221117,14:33:48,43019.00,25,86050
20221117,14:34:03,43020.00,25,86050
20221117,14:34:14,43020.00,25,86050
20221117,14:34:18,43017.20,25,86050
20221117,14:34:39,43017.20,25,86050
20221117,14:35:00,43018.90,25,86050
20221117,14:35:27,43017.20,25,86050
20221117,14:35:32,43010.00,25,86050
20221117,14:35:52,43011.65,25,86050
20221117,14:36:18,43015.05,100,86050
20221117,14:36:21,43007.45,25,86250
20221117,14:37:11,43007.45,25,86250
20221117,14:37:50,43007.45,25,86250
20221117,14:38:10,42999.00,25,86250
20221117,14:38:15,43007.45,25,86250
20221117,14:38:25,43007.45,25,86250
20221117,14:38:58,43000.65,25,86250
20221117,14:39:56,43001.35,25,86250
20221117,14:40:11,43005.00,25,86250
20221117,14:40:14,43001.35,100,86250
20221117,14:41:06,43000.25,75,86250
20221117,14:42:07,42996.05,25,86250
20221117,14:42:19,42994.75,25,86250
20221117,14:42:41,42993.50,25,86375
20221117,14:43:03,42994.00,50,86375
20221117,14:44:09,43005.00,25,86375
20221117,14:44:20,43015.40,25,86375
20221117,14:45:15,43005.00,25,86375
20221117,14:45:31,43006.10,50,86425
20221117,14:45:32,43006.45,25,86425
20221117,14:45:57,43006.45,25,86425
20221117,14:46:02,43006.45,25,86425
20221117,14:46:24,43007.80,50,86425
20221117,14:46:37,43015.00,50,86425
20221117,14:46:42,43017.00,25,86425
20221117,14:47:58,43025.00,125,86425
20221117,14:48:06,43025.00,25,86425
20221117,14:48:07,43025.00,75,86425
20221117,14:48:12,43022.00,125,86425
20221117,14:48:14,43029.30,50,86425
20221117,14:48:43,43029.30,50,86800
20221117,14:49:48,43029.30,25,86800
20221117,14:50:42,43030.00,50,86800
20221117,14:51:02,43030.00,175,86800
20221117,14:51:10,43035.00,50,86800
20221117,14:51:12,43036.50,25,86800
20221117,14:51:35,43036.50,25,86875
20221117,14:51:58,43025.00,25,86875
20221117,14:52:04,43030.00,50,86875
20221117,14:52:06,43032.00,25,86875
20221117,14:52:08,43025.00,75,86875
20221117,14:52:14,43025.00,25,86875
20221117,14:52:16,43025.00,25,86875
20221117,14:52:37,43019.70,50,86875
20221117,14:53:18,43004.00,25,86875
20221117,14:53:23,43000.00,50,86875
20221117,14:53:42,43001.80,25,86875
20221117,14:53:56,43008.40,50,86875
20221117,14:55:39,42998.05,25,86925
20221117,14:55:47,42999.70,50,86925
20221117,14:55:59,43005.00,25,86925
20221117,14:56:00,43005.40,25,86925
20221117,14:56:34,43003.00,50,86925
20221117,14:56:50,42998.05,25,86925
20221117,14:57:04,43005.40,75,86925
20221117,14:57:31,43010.00,25,87075
20221117,14:57:33,43016.85,25,87075
20221117,14:58:03,43010.00,25,87075
20221117,14:58:44,43003.65,25,87075
20221117,14:58:52,42998.00,25,87075
20221117,14:59:15,42998.00,25,87075
20221117,14:59:17,42995.00,25,87075
20221117,14:59:18,42990.00,25,87075
20221117,14:59:38,42982.50,50,87075
20221117,14:59:42,42975.00,50,87075
20221117,14:59:44,42970.00,100,87075
20221117,14:59:48,42965.00,25,87075
20221117,14:59:54,42965.00,50,87075
20221117,15:00:03,42965.00,75,87075
20221117,15:00:13,42969.55,150,87075
20221117,15:00:19,42989.60,25,87075
20221117,15:00:21,42988.05,25,87075
20221117,15:00:47,42987.90,50,87325
20221117,15:00:56,42973.10,25,87325
20221117,15:01:04,42975.00,25,87325
20221117,15:01:16,42987.80,25,87325
20221117,15:01:26,42971.85,25,87325
20221117,15:02:35,42986.90,25,87325
20221117,15:02:57,42980.80,25,87325
20221117,15:03:05,42983.85,25,87325
20221117,15:03:11,42983.00,50,87325
20221117,15:03:13,42983.00,25,87325
20221117,15:03:14,42983.00,25,87325
20221117,15:03:24,42983.00,50,87325
20221117,15:03:48,42985.80,25,87500
20221117,15:03:58,42984.70,25,87500
20221117,15:04:26,42985.00,25,87500
20221117,15:06:19,42984.70,75,87500
20221117,15:07:10,42980.00,25,87575
20221117,15:07:37,42971.85,50,87575
20221117,15:07:40,42970.25,25,87575
20221117,15:07:45,42965.00,25,87575
20221117,15:08:03,42960.00,50,87575
20221117,15:08:17,42960.70,25,87575
20221117,15:08:50,42960.00,25,87575
20221117,15:09:39,42965.00,25,87575
20221117,15:09:47,42960.00,50,87650
20221117,15:09:49,42960.00,75,87650
20221117,15:09:51,42960.00,25,87650
20221117,15:10:02,42959.90,25,87650
20221117,15:10:17,42955.00,50,87650
20221117,15:10:24,42956.00,25,87650
20221117,15:10:56,42950.00,25,87650
20221117,15:11:04,42950.00,50,87650
20221117,15:11:18,42948.85,25,87650
20221117,15:11:27,42940.05,25,87650
20221117,15:11:33,42940.05,25,87650
20221117,15:11:51,42940.00,25,87650
20221117,15:11:56,42941.00,175,87650
20221117,15:11:58,42940.00,25,87650
20221117,15:12:08,42931.00,25,87650
20221117,15:12:09,42930.05,25,87650
20221117,15:12:26,42935.80,25,87650
20221117,15:12:31,42930.00,25,87575
20221117,15:13:02,42926.55,50,87575
20221117,15:13:04,42926.50,25,87575
20221117,15:13:07,42926.55,25,87575
20221117,15:13:11,42920.00,25,87575
20221117,15:13:27,42924.95,25,87575
20221117,15:13:42,42924.95,25,87575
20221117,15:14:05,42919.95,25,87575
20221117,15:14:16,42919.95,25,87575
20221117,15:14:23,42915.00,50,87575
20221117,15:14:28,42919.25,125,87575
20221117,15:14:41,42915.60,150,87575
20221117,15:14:48,42910.00,275,87575
20221117,15:14:58,42910.00,150,87575
20221117,15:15:05,42911.00,100,87575
20221117,15:15:08,42911.00,250,87575
20221117,15:15:11,42911.00,50,87575
20221117,15:15:13,42910.00,125,87575
20221117,15:15:24,42910.00,25,87575
20221117,15:15:38,42910.60,200,88050
20221117,15:15:39,42910.60,25,88050
20221117,15:15:41,42910.60,25,88050
20221117,15:15:43,42910.60,25,88050
20221117,15:15:51,42910.60,25,88050
20221117,15:15:56,42910.60,75,88050
20221117,15:16:21,42906.00,100,88050
20221117,15:16:26,42900.00,200,88050
20221117,15:16:29,42902.40,50,88050
20221117,15:16:52,42920.75,25,88050
20221117,15:16:55,42930.00,100,88050
20221117,15:17:05,42943.50,25,88050
20221117,15:17:19,42942.30,25,88050
20221117,15:17:54,42940.00,25,88050
20221117,15:18:45,42933.35,100,87925
20221117,15:19:08,42918.20,100,87925
20221117,15:19:59,42915.00,50,87925
20221117,15:20:04,42910.95,25,87925
20221117,15:20:06,42910.95,25,87925
20221117,15:20:09,42910.00,50,87925
20221117,15:20:17,42902.40,25,87925
20221117,15:20:27,42901.00,50,87925
20221117,15:20:34,42910.00,25,87925
20221117,15:20:37,42907.75,25,87925
20221117,15:20:40,42919.15,75,87925
20221117,15:21:13,42909.90,25,87925
20221117,15:22:02,42900.00,50,87900
20221117,15:22:04,42900.00,50,87900
20221117,15:22:07,42900.00,350,87900
20221117,15:22:09,42899.00,400,87900
20221117,15:22:17,42899.00,25,87900
20221117,15:22:18,42899.40,25,87900
20221117,15:22:32,42892.30,50,87900
20221117,15:22:45,42891.30,25,87900
20221117,15:23:10,42894.60,25,87900
20221117,15:23:27,42894.60,200,87900
20221117,15:24:00,42909.95,25,87900
20221117,15:24:21,42904.00,25,87900
20221117,15:24:31,42906.20,25,88050
20221117,15:24:44,42900.00,50,88050
20221117,15:25:01,42900.00,25,88050
20221117,15:25:50,42902.35,25,88050
20221117,15:26:17,42901.00,25,88050
20221117,15:26:25,42908.95,50,88050
20221117,15:26:29,42905.00,25,88050
20221117,15:26:35,42905.00,25,88050
20221117,15:26:37,42905.00,250,88050
20221117,15:26:57,42903.00,25,88050
20221117,15:26:59,42903.00,75,88050
20221117,15:27:07,42900.00,25,88050
20221117,15:27:09,42902.00,25,88050
20221117,15:27:15,42900.00,100,88050
20221117,15:27:19,42900.00,25,88050
20221117,15:27:41,42895.00,25,88650
20221117,15:27:54,42895.00,25,88650
20221117,15:28:04,42895.00,175,88650
20221117,15:28:10,42895.00,25,88650
20221117,15:28:12,42890.10,25,88650
20221117,15:28:19,42890.00,25,88650
20221117,15:28:25,42890.00,25,88650
20221117,15:28:27,42890.00,25,88650
20221117,15:28:37,42890.00,25,88650
20221117,15:28:42,42890.00,25,88650
20221117,15:28:45,42890.00,50,88650
20221117,15:28:47,42890.00,25,88650
20221117,15:28:50,42886.00,25,88650
20221117,15:28:54,42885.00,25,88650
20221117,15:29:03,42888.90,25,88650
20221117,15:29:07,42885.00,25,88650
20221117,15:29:12,42885.00,25,88650
20221117,15:29:13,42885.00,25,88650
20221117,15:29:15,42885.00,100,88650
20221117,15:29:23,42885.00,175,88650
20221117,15:29:33,42890.00,25,88650
20221117,15:29:34,42892.45,25,88650
20221117,15:29:42,42892.00,100,88650
20221117,15:29:44,42903.90,75,88650
20221117,15:29:45,42885.00,25,88650
20221117,15:29:49,42892.00,25,88650
20221117,15:29:58,42902.70,25,88650
