20221117,09:15:03,18569.00,1,420900
20221117,09:15:03,18585.00,1,420900
20221117,09:15:03,18564.00,1,420900
20221117,09:15:03,18578.00,450,420900
20221117,09:15:06,18564.05,50,420900
20221117,09:15:08,18562.20,100,420900
20221117,09:15:10,18578.40,150,420900
20221117,09:15:14,18567.25,100,420900
20221117,09:15:15,18564.30,100,420900
20221117,09:15:17,18586.85,1050,420900
20221117,09:15:20,18571.95,50,420900
20221117,09:15:25,18577.85,50,420900
20221117,09:15:30,18579.70,50,420900
20221117,09:15:31,18579.55,150,420900
20221117,09:15:33,18578.00,100,420900
20221117,09:15:40,18579.50,50,420900
20221117,09:15:42,18578.05,250,420900
20221117,09:15:44,18578.35,50,420900
20221117,09:15:45,18577.00,50,420900
20221117,09:15:46,18577.65,200,420900
20221117,09:15:47,18575.95,200,420900
20221117,09:15:48,18575.00,200,420900
20221117,09:15:54,18581.65,100,420900
20221117,09:15:56,18582.30,100,420900
20221117,09:16:08,18580.20,50,420900
20221117,09:16:09,18576.05,50,420900
20221117,09:16:10,18577.00,50,420900
20221117,09:16:16,18577.00,100,420900
20221117,09:16:17,18575.30,50,420900
20221117,09:16:21,18575.05,100,420900
20221117,09:16:23,18575.05,100,420900
20221117,09:16:24,18575.30,100,420900
20221117,09:16:25,18576.25,300,420900
20221117,09:16:30,18578.00,50,420900
20221117,09:16:32,18580.35,50,420900
20221117,09:16:48,18575.30,50,420900
20221117,09:16:50,18575.00,200,420900
20221117,09:17:13,18580.00,50,420900
20221117,09:17:15,18580.00,50,420900
20221117,09:17:20,18582.80,200,420900
20221117,09:17:22,18580.25,50,420900
20221117,09:17:33,18580.25,50,423100
20221117,09:17:41,18580.00,100,423100
20221117,09:17:44,18580.70,100,423100
20221117,09:18:03,18580.55,100,423100
20221117,09:18:04,18575.80,50,423100
20221117,09:18:04,18576.35,50,423100
20221117,09:18:06,18576.25,50,423100
20221117,09:18:08,18576.25,100,423100
20221117,09:18:10,18575.25,100,423100
20221117,09:18:12,18575.10,50,423100
20221117,09:18:19,18575.25,50,423100
20221117,09:18:22,18575.00,50,423100
20221117,09:18:23,18572.00,300,423100
20221117,09:18:43,18574.95,50,423100
20221117,09:18:46,18576.70,100,423100
20221117,09:18:59,18573.25,50,423100
20221117,09:19:13,18574.50,50,423100
20221117,09:19:32,18577.70,50,423100
20221117,09:19:34,18580.00,50,423100
20221117,09:20:05,18584.00,100,423100
20221117,09:20:07,18580.00,50,423100
20221117,09:20:12,18581.60,350,423100
20221117,09:20:13,18580.00,50,423100
20221117,09:20:17,18580.00,50,423100
20221117,09:20:19,18580.90,100,423100
20221117,09:20:27,18578.40,50,423100
20221117,09:20:29,18580.60,100,423900
20221117,09:20:31,18581.65,100,423900
20221117,09:20:34,18583.00,50,423900
20221117,09:20:36,18583.80,50,423900
20221117,09:20:39,18587.00,50,423900
20221117,09:20:40,18590.30,150,423900
20221117,09:20:41,18590.30,100,423900
20221117,09:20:45,18590.75,50,423900
20221117,09:20:50,18590.75,50,423900
20221117,09:20:53,18588.95,50,423900
20221117,09:20:55,18588.35,100,423900
20221117,09:20:57,18588.35,250,423900
20221117,09:20:59,18590.00,50,423900
20221117,09:21:05,18591.55,100,423900
20221117,09:21:06,18591.55,50,423900
20221117,09:21:09,18590.00,50,423900
20221117,09:21:14,18588.35,50,423900
20221117,09:21:24,18584.90,1000,423900
20221117,09:21:26,18590.00,50,423900
20221117,09:22:00,18590.90,50,423900
20221117,09:22:02,18590.00,50,423900
20221117,09:22:05,18590.35,50,423900
20221117,09:22:06,18589.85,100,423900
20221117,09:22:11,18586.90,50,423900
20221117,09:22:17,18589.25,50,423900
20221117,09:22:43,18590.00,600,423900
20221117,09:22:53,18594.10,100,423900
20221117,09:22:55,18594.10,50,423900
20221117,09:22:56,18595.00,50,423900
20221117,09:22:57,18596.85,50,423900
20221117,09:23:11,18596.85,100,423900
20221117,09:23:22,18593.00,50,423900
20221117,09:24:09,18588.00,50,425800
20221117,09:24:22,18585.85,50,425800
20221117,09:25:02,18585.00,100,425800
20221117,09:25:14,18585.00,50,425800
20221117,09:25:18,18583.80,100,425800
20221117,09:25:23,18583.45,50,425800
20221117,09:25:41,18583.25,50,425800
20221117,09:25:43,18585.85,50,425800
20221117,09:25:53,18581.50,50,425800
20221117,09:26:34,18581.10,50,425800
20221117,09:26:41,18583.55,100,426050
20221117,09:26:48,18584.00,50,426050
20221117,09:26:55,18585.70,100,426050
20221117,09:27:00,18585.60,50,426050
20221117,09:27:07,18584.00,50,426050
20221117,09:27:41,18584.70,50,426050
20221117,09:27:45,18585.55,100,426050
20221117,09:28:15,18585.85,50,426050
20221117,09:28:17,18587.65,50,426050
20221117,09:28:20,18585.05,50,426050
20221117,09:28:21,18585.00,50,426050
20221117,09:28:27,18585.55,150,426050
20221117,09:28:36,18589.95,50,426050
20221117,09:28:50,18590.50,50,426050
20221117,09:29:50,18591.50,50,426350
20221117,09:29:54,18590.45,100,426350
20221117,09:30:21,18590.05,100,426350
20221117,09:30:54,18583.30,100,426350
20221117,09:30:55,18586.50,200,426350
20221117,09:31:13,18580.05,50,426350
20221117,09:31:28,18580.00,450,426350
20221117,09:31:43,18579.50,50,426350
20221117,09:31:45,18576.25,50,426350
20221117,09:32:19,18580.00,50,426350
20221117,09:32:23,18584.20,50,426350
20221117,09:32:32,18580.00,400,427250
20221117,09:32:33,18580.00,50,427250
20221117,09:32:36,18580.00,50,427250
20221117,09:33:02,18577.35,150,427250
20221117,09:33:07,18580.25,200,427250
20221117,09:33:08,18580.10,50,427250
20221117,09:33:17,18581.00,50,427250
20221117,09:33:33,18584.70,50,427250
20221117,09:33:52,18586.00,50,427250
20221117,09:34:40,18583.90,50,427250
20221117,09:35:20,18587.95,50,427250
20221117,09:35:26,18586.55,50,427250
20221117,09:35:29,18586.05,50,427750
20221117,09:36:25,18580.10,50,427750
20221117,09:36:39,18581.75,350,427750
20221117,09:36:40,18582.15,150,427750
20221117,09:37:21,18583.45,50,427750
20221117,09:37:29,18586.05,50,427750
20221117,09:37:36,18586.15,50,427750
20221117,09:37:37,18585.00,100,427750
20221117,09:38:17,18586.00,50,427750
20221117,09:38:53,18585.25,50,427750
20221117,09:39:04,18585.00,50,427950
20221117,09:39:23,18581.80,50,427950
20221117,09:39:57,18581.45,50,427950
20221117,09:41:40,18581.45,100,427950
20221117,09:41:46,18581.45,50,428050
20221117,09:41:56,18581.00,50,428050
20221117,09:42:29,18580.00,150,428050
20221117,09:42:41,18579.70,50,428050
20221117,09:43:00,18579.00,50,428050
20221117,09:43:54,18579.90,50,428050
20221117,09:44:07,18579.75,50,428050
20221117,09:44:30,18582.35,50,428300
20221117,09:44:39,18581.90,50,428300
20221117,09:44:46,18581.45,50,428300
20221117,09:45:20,18579.00,50,428300
20221117,09:45:28,18579.00,50,428300
20221117,09:45:33,18578.00,50,428300
20221117,09:45:42,18578.00,50,428300
20221117,09:45:43,18577.25,300,428300
20221117,09:45:44,18577.00,50,428300
20221117,09:46:12,18574.25,250,428300
20221117,09:46:15,18575.90,100,428300
20221117,09:46:25,18572.25,50,428300
20221117,09:46:33,18572.15,100,428300
20221117,09:46:35,18572.15,100,428300
20221117,09:46:38,18572.35,100,428300
20221117,09:46:40,18572.20,50,428300
20221117,09:46:45,18572.65,100,428300
20221117,09:46:53,18573.65,50,428300
20221117,09:46:56,18575.90,150,428300
20221117,09:47:14,18576.60,100,428300
20221117,09:47:15,18576.60,50,428300
20221117,09:47:18,18576.95,100,428300
20221117,09:47:54,18576.00,50,429100
20221117,09:48:09,18576.00,100,429100
20221117,09:48:13,18578.65,50,429100
20221117,09:48:26,18579.00,200,429100
20221117,09:48:28,18580.00,200,429100
20221117,09:48:36,18579.50,50,429100
20221117,09:50:22,18579.50,50,429100
20221117,09:50:29,18575.65,50,429100
20221117,09:50:58,18575.75,100,428950
20221117,09:51:07,18579.00,50,428950
20221117,09:51:38,18580.00,50,428950
20221117,09:51:43,18580.35,50,428950
20221117,09:51:57,18580.75,50,428950
20221117,09:52:05,18583.95,50,428950
20221117,09:52:07,18584.90,50,428950
20221117,09:52:10,18585.00,50,428950
20221117,09:52:33,18586.05,50,428950
20221117,09:52:34,18587.25,50,428950
20221117,09:52:38,18587.25,50,428950
20221117,09:52:39,18588.00,300,428950
20221117,09:52:43,18588.00,50,428950
20221117,09:52:53,18590.00,500,428950
20221117,09:52:54,18590.00,150,428950
20221117,09:52:57,18590.00,50,428950
20221117,09:53:01,18590.00,50,428950
20221117,09:53:06,18590.00,100,428950
20221117,09:53:07,18590.00,950,428950
20221117,09:53:26,18586.10,150,428950
20221117,09:53:37,18586.80,50,430600
20221117,09:54:02,18586.40,50,430600
20221117,09:54:21,18585.00,50,430600
20221117,09:54:43,18584.30,150,430600
20221117,09:55:25,18589.40,50,430600
20221117,09:55:34,18590.00,100,430600
20221117,09:55:43,18595.00,100,430600
20221117,09:56:07,18599.10,50,430600
20221117,09:56:11,18599.10,100,430600
20221117,09:56:52,18599.10,300,430750
20221117,09:57:05,18598.00,100,430750
20221117,09:57:27,18599.90,100,430750
20221117,09:57:28,18600.00,150,430750
20221117,09:57:29,18603.00,350,430750
20221117,09:57:30,18604.95,50,430750
20221117,09:57:33,18604.95,100,430750
20221117,09:57:34,18602.15,50,430750
20221117,09:57:36,18602.90,50,430750
20221117,09:57:37,18602.90,50,430750
20221117,09:57:41,18601.70,100,430750
20221117,09:57:44,18605.00,50,430750
20221117,09:57:51,18605.00,50,430750
20221117,09:57:58,18603.00,200,430750
20221117,09:58:16,18605.00,100,430750
20221117,09:58:39,18608.80,50,430750
20221117,09:58:43,18608.80,300,430750
20221117,09:58:49,18608.35,100,430750
20221117,09:58:52,18609.60,200,430750
20221117,09:59:01,18609.95,250,430750
20221117,09:59:03,18609.95,50,430750
20221117,09:59:11,18609.00,100,430750
20221117,09:59:17,18609.05,50,430750
20221117,09:59:25,18610.00,100,430750
20221117,09:59:28,18610.00,250,430750
20221117,09:59:29,18610.00,850,430750
20221117,09:59:31,18606.60,150,433600
20221117,09:59:32,18609.90,50,433600
20221117,09:59:41,18613.05,50,433600
20221117,09:59:42,18614.10,100,433600
20221117,09:59:53,18612.35,50,433600
20221117,10:00:02,18609.75,50,433600
20221117,10:00:06,18612.00,50,433600
20221117,10:00:08,18612.00,50,433600
20221117,10:00:10,18609.65,150,433600
20221117,10:00:14,18613.20,50,433600
20221117,10:00:30,18610.00,150,433600
20221117,10:00:41,18610.00,100,433600
20221117,10:00:43,18610.55,50,433600
20221117,10:00:44,18609.60,50,433600
20221117,10:00:45,18606.80,100,433600
20221117,10:00:47,18609.90,150,433600
20221117,10:01:14,18606.65,50,433600
20221117,10:01:32,18600.90,50,433600
20221117,10:01:42,18600.90,100,433600
20221117,10:01:58,18602.10,50,433600
20221117,10:02:10,18604.10,50,433600
20221117,10:02:30,18602.90,50,433600
20221117,10:03:31,18601.45,200,433700
20221117,10:03:33,18597.40,250,433700
20221117,10:03:40,18596.60,50,433700
20221117,10:03:41,18599.95,100,433700
20221117,10:04:06,18594.60,150,433700
20221117,10:04:08,18598.85,150,433700
20221117,10:04:23,18595.55,150,433700
20221117,10:04:39,18598.45,50,433700
20221117,10:04:39,18598.45,200,433700
20221117,10:05:40,18591.50,50,433700
20221117,10:05:48,18589.50,100,433700
20221117,10:05:57,18591.95,50,433700
20221117,10:05:58,18593.30,50,433700
20221117,10:06:15,18589.00,50,433700
20221117,10:06:16,18588.85,50,433700
20221117,10:06:19,18589.00,50,433700
20221117,10:06:20,18590.00,100,433700
20221117,10:06:22,18590.10,50,433700
20221117,10:06:26,18589.55,100,433700
20221117,10:06:27,18590.00,150,433700
20221117,10:06:28,18590.35,150,433700
20221117,10:06:32,18593.50,50,433700
20221117,10:06:34,18590.15,50,433700
20221117,10:06:36,18594.10,50,433700
20221117,10:06:49,18589.60,50,433700
20221117,10:07:48,18597.45,50,433700
20221117,10:08:24,18591.00,100,433700
20221117,10:08:46,18589.65,50,434350
20221117,10:08:50,18590.05,50,434350
20221117,10:10:07,18590.90,50,434350
20221117,10:10:37,18589.60,50,434350
20221117,10:10:39,18589.60,50,434350
20221117,10:10:42,18588.60,100,434350
20221117,10:10:43,18588.85,100,434350
20221117,10:10:44,18588.65,100,434350
20221117,10:10:45,18589.60,50,434350
20221117,10:10:49,18590.75,50,434350
20221117,10:11:08,18589.55,100,434350
20221117,10:11:48,18591.60,50,434750
20221117,10:11:49,18594.80,50,434750
20221117,10:11:56,18589.95,50,434750
20221117,10:12:31,18590.45,150,434750
20221117,10:14:00,18589.40,50,434750
20221117,10:14:04,18589.85,50,434750
20221117,10:14:15,18589.40,50,434750
20221117,10:14:41,18589.40,150,434800
20221117,10:15:17,18588.00,50,434800
20221117,10:15:40,18589.00,50,434800
20221117,10:15:44,18589.95,50,434800
20221117,10:16:00,18590.00,50,434800
20221117,10:16:18,18592.00,100,434800
20221117,10:16:27,18592.00,50,434800
20221117,10:16:34,18592.25,50,434800
20221117,10:16:46,18593.90,50,434800
20221117,10:17:05,18592.15,50,434800
20221117,10:17:14,18592.95,50,434800
20221117,10:17:24,18592.90,50,434800
20221117,10:17:34,18593.55,50,435400
20221117,10:17:54,18594.00,50,435400
20221117,10:18:05,18593.00,50,435400
20221117,10:18:23,18593.00,50,435400
20221117,10:18:29,18591.80,200,435400
20221117,10:18:32,18594.95,50,435400
20221117,10:18:33,18595.00,50,435400
20221117,10:18:41,18597.25,100,435400
20221117,10:18:51,18595.50,50,435400
20221117,10:19:27,18591.00,100,435400
20221117,10:19:45,18589.20,50,435400
20221117,10:20:17,18590.95,100,435400
20221117,10:20:19,18590.05,100,435400
20221117,10:20:29,18588.35,50,435400
20221117,10:20:38,18589.55,50,435900
20221117,10:20:40,18591.30,50,435900
20221117,10:22:15,18588.35,50,435900
20221117,10:23:04,18587.60,500,435900
20221117,10:23:20,18586.85,100,435900
20221117,10:23:22,18584.60,100,435900
20221117,10:23:32,18583.75,50,435900
20221117,10:23:34,18583.75,50,435900
20221117,10:23:40,18583.75,50,436500
20221117,10:23:42,18580.00,1900,436500
20221117,10:24:00,18590.85,2550,436500
20221117,10:24:45,18584.90,150,436500
20221117,10:24:52,18584.90,50,436500
20221117,10:25:03,18584.90,100,436500
20221117,10:25:14,18584.90,50,436500
20221117,10:25:16,18584.90,300,436500
20221117,10:25:17,18584.90,1200,436500
20221117,10:25:21,18585.60,50,436500
20221117,10:26:22,18584.45,1300,436500
20221117,10:26:32,18587.80,200,436500
20221117,10:26:43,18586.15,50,440950
20221117,10:26:50,18586.15,50,440950
20221117,10:26:52,18586.15,50,440950
20221117,10:26:57,18584.50,200,440950
20221117,10:26:58,18584.50,350,440950
20221117,10:26:59,18584.50,50,440950
20221117,10:27:06,18584.50,200,440950
20221117,10:27:07,18584.50,450,440950
20221117,10:27:08,18584.50,50,440950
20221117,10:27:11,18584.50,550,440950
20221117,10:27:33,18588.00,50,440950
20221117,10:27:35,18590.00,50,440950
20221117,10:27:51,18589.95,50,440950
20221117,10:27:52,18587.85,50,440950
20221117,10:27:54,18586.80,350,440950
20221117,10:28:01,18590.00,50,440950
20221117,10:28:42,18586.20,50,440950
20221117,10:28:43,18585.30,450,440950
20221117,10:29:09,18587.20,100,440950
20221117,10:29:47,18585.00,50,443500
20221117,10:29:53,18586.60,50,443500
20221117,10:30:02,18585.60,50,443500
20221117,10:30:25,18586.60,50,443500
20221117,10:30:32,18585.60,50,443500
20221117,10:30:40,18584.95,150,443500
20221117,10:31:02,18584.50,100,443500
20221117,10:31:19,18585.00,150,443500
20221117,10:31:20,18586.00,150,443500
20221117,10:31:32,18586.00,50,443500
20221117,10:32:20,18586.00,50,443500
20221117,10:32:38,18586.00,50,443950
20221117,10:32:39,18587.05,50,443950
20221117,10:32:59,18587.75,50,443950
20221117,10:33:02,18587.00,200,443950
20221117,10:33:46,18586.55,50,443950
20221117,10:34:04,18584.00,50,443950
20221117,10:34:12,18584.00,50,443950
20221117,10:34:51,18584.95,50,443950
20221117,10:35:00,18582.55,50,443950
20221117,10:35:18,18582.55,50,443950
20221117,10:35:19,18585.45,50,443950
20221117,10:36:09,18583.85,50,444400
20221117,10:36:11,18583.00,50,444400
20221117,10:36:30,18582.55,50,444400
20221117,10:37:13,18580.65,50,444400
20221117,10:37:22,18582.00,50,444400
20221117,10:37:49,18584.00,100,444400
20221117,10:38:09,18584.30,50,444400
20221117,10:38:12,18581.10,50,444400
20221117,10:38:32,18584.75,250,444400
20221117,10:40:13,18587.00,100,444800
20221117,10:41:23,18588.00,50,444800
20221117,10:41:43,18588.00,50,444800
20221117,10:42:33,18587.05,150,444800
20221117,10:42:59,18585.30,100,444800
20221117,10:43:07,18587.05,50,444800
20221117,10:43:14,18584.60,150,444800
20221117,10:44:15,18587.25,50,444800
20221117,10:44:19,18587.45,50,444800
20221117,10:44:21,18587.50,50,444800
20221117,10:44:22,18586.90,150,444800
20221117,10:45:35,18586.90,50,445300
20221117,10:45:40,18587.00,50,445300
20221117,10:45:46,18586.90,50,445300
20221117,10:45:48,18585.10,50,445300
20221117,10:46:20,18585.00,50,445300
20221117,10:46:36,18587.00,100,445300
20221117,10:46:49,18587.00,50,445300
20221117,10:46:53,18587.50,50,445300
20221117,10:46:56,18589.00,50,445300
20221117,10:46:58,18590.85,50,445300
20221117,10:47:02,18592.95,50,445300
20221117,10:48:05,18592.95,50,445300
20221117,10:48:28,18595.00,150,445600
20221117,10:48:32,18595.00,50,445600
20221117,10:48:53,18598.30,100,445600
20221117,10:49:07,18595.00,50,445600
20221117,10:49:31,18595.00,50,445600
20221117,10:49:32,18595.00,50,445600
20221117,10:49:54,18595.00,50,445600
20221117,10:50:55,18595.00,50,445800
20221117,10:51:38,18595.00,100,445800
20221117,10:52:40,18595.00,50,445800
20221117,10:53:00,18595.00,50,445800
20221117,10:53:04,18594.25,50,445800
20221117,10:53:20,18592.80,50,445800
20221117,10:53:59,18593.75,50,445850
20221117,10:54:29,18592.95,50,445850
20221117,10:54:35,18593.10,50,445850
20221117,10:54:44,18593.25,150,445850
20221117,10:54:47,18593.35,50,445850
20221117,10:55:04,18597.00,150,445850
20221117,10:55:05,18597.00,50,445850
20221117,10:55:06,18597.00,50,445850
20221117,10:55:07,18597.00,100,445850
20221117,10:55:09,18597.00,100,445850
20221117,10:55:17,18597.00,50,445850
20221117,10:55:20,18598.95,400,445850
20221117,10:55:41,18592.35,100,445850
20221117,10:55:49,18593.65,50,445850
20221117,10:56:03,18593.65,50,445850
20221117,10:56:20,18593.35,50,445850
20221117,10:57:02,18592.00,50,445850
20221117,10:57:49,18589.15,100,446800
20221117,10:58:03,18589.00,50,446800
20221117,10:58:09,18589.00,100,446800
20221117,10:58:13,18589.00,50,446800
20221117,10:58:16,18588.80,50,446800
20221117,10:58:32,18588.80,50,446800
20221117,10:58:43,18589.00,100,446800
20221117,10:58:45,18588.45,150,446800
20221117,10:58:52,18589.00,50,446800
20221117,10:59:35,18589.00,50,446800
20221117,11:01:01,18589.00,50,447400
20221117,11:01:43,18585.00,100,447400
20221117,11:01:45,18585.55,50,447400
20221117,11:01:51,18585.00,150,447400
20221117,11:02:13,18582.35,50,447400
20221117,11:03:20,18582.35,50,447500
20221117,11:03:22,18582.35,50,447500
20221117,11:04:31,18582.00,50,447500
20221117,11:04:46,18582.10,100,447500
20221117,11:05:38,18584.30,250,447500
20221117,11:07:09,18582.55,50,447650
20221117,11:07:29,18580.25,100,447650
20221117,11:08:00,18580.00,100,447650
20221117,11:10:39,18583.55,50,447800
20221117,11:10:47,18582.55,50,447800
20221117,11:11:08,18582.55,50,447800
20221117,11:11:09,18584.50,50,447800
20221117,11:11:32,18580.05,50,447800
20221117,11:11:35,18582.90,50,447800
20221117,11:13:45,18582.75,50,448000
20221117,11:13:46,18582.30,50,448000
20221117,11:13:52,18582.00,50,448000
20221117,11:13:58,18580.00,150,448000
20221117,11:13:59,18580.00,100,448000
20221117,11:14:00,18577.00,650,448000
20221117,11:14:05,18576.00,50,448000
20221117,11:14:11,18576.45,50,448000
20221117,11:14:36,18574.95,50,448000
20221117,11:15:00,18577.50,50,448600
20221117,11:15:01,18577.15,50,448600
20221117,11:15:05,18577.05,50,448600
20221117,11:15:06,18577.15,50,448600
20221117,11:15:25,18577.45,50,448600
20221117,11:15:27,18577.60,50,448600
20221117,11:15:52,18577.45,50,448600
20221117,11:15:53,18575.55,50,448600
20221117,11:16:21,18575.55,50,448600
20221117,11:16:24,18576.40,50,448600
20221117,11:16:32,18575.35,150,448600
20221117,11:16:34,18574.00,50,448600
20221117,11:16:55,18574.00,50,448600
20221117,11:17:09,18572.65,50,448600
20221117,11:17:25,18576.35,150,448600
20221117,11:18:05,18576.00,50,448800
20221117,11:18:41,18576.55,50,448800
20221117,11:18:48,18579.40,50,448800
20221117,11:19:35,18575.00,50,448800
20221117,11:19:42,18575.00,50,448800
20221117,11:20:09,18575.75,50,448800
20221117,11:20:31,18572.90,100,448800
20221117,11:21:15,18577.45,50,448950
20221117,11:21:30,18575.60,50,448950
20221117,11:21:40,18576.35,50,448950
20221117,11:22:13,18572.70,50,448950
20221117,11:22:14,18572.05,50,448950
20221117,11:25:10,18579.00,50,449100
20221117,11:25:25,18579.00,50,449100
20221117,11:25:39,18580.00,100,449100
20221117,11:25:47,18582.85,50,449100
20221117,11:25:57,18582.70,50,449100
20221117,11:26:25,18581.50,100,449100
20221117,11:26:26,18582.65,50,449100
20221117,11:26:41,18581.70,50,449100
20221117,11:26:54,18583.70,50,449450
20221117,11:27:11,18582.60,50,449450
20221117,11:27:27,18581.70,50,449450
20221117,11:28:07,18581.00,100,449450
20221117,11:28:53,18579.00,50,449450
20221117,11:29:42,18575.15,100,449450
20221117,11:31:22,18580.45,50,449600
20221117,11:31:23,18580.65,100,449600
20221117,11:31:29,18581.05,50,449600
20221117,11:31:30,18581.25,50,449600
20221117,11:31:41,18582.85,50,449600
20221117,11:31:56,18583.85,100,449600
20221117,11:31:58,18583.80,150,449600
20221117,11:31:59,18583.80,50,449600
20221117,11:32:01,18583.35,50,449600
20221117,11:32:12,18583.35,50,449600
20221117,11:32:18,18583.30,100,449600
20221117,11:32:19,18583.30,100,449600
20221117,11:32:20,18582.80,100,449600
20221117,11:32:22,18582.85,100,449600
20221117,11:32:22,18581.95,50,449600
20221117,11:32:57,18583.35,50,449750
20221117,11:33:05,18585.00,100,449750
20221117,11:33:19,18587.50,50,449750
20221117,11:33:34,18584.00,50,449750
20221117,11:34:02,18587.50,50,449750
20221117,11:35:03,18587.50,50,449750
20221117,11:35:07,18587.50,50,449750
20221117,11:35:10,18590.00,50,449750
20221117,11:35:27,18590.00,50,449750
20221117,11:35:29,18593.35,50,449750
20221117,11:35:31,18592.05,50,449750
20221117,11:36:07,18592.05,50,450000
20221117,11:36:16,18592.00,50,450000
20221117,11:36:45,18592.00,100,450000
20221117,11:37:25,18588.90,150,450000
20221117,11:37:43,18588.95,50,450000
20221117,11:37:45,18588.90,50,450000
20221117,11:37:46,18588.90,50,450000
20221117,11:38:44,18594.75,50,450000
20221117,11:40:38,18590.00,750,450300
20221117,11:40:39,18590.00,500,450300
20221117,11:40:48,18590.00,50,450300
20221117,11:41:03,18590.00,350,450300
20221117,11:41:05,18590.00,50,450300
20221117,11:42:13,18590.00,200,451900
20221117,11:43:01,18588.95,50,451900
20221117,11:43:13,18589.80,50,451900
20221117,11:44:17,18589.80,50,451900
20221117,11:45:49,18588.85,50,452100
20221117,11:45:52,18589.80,50,452100
20221117,11:46:47,18589.80,50,452100
20221117,11:47:15,18587.00,50,452100
20221117,11:47:17,18591.20,100,452100
20221117,11:47:51,18590.95,50,452100
20221117,11:48:56,18589.80,50,452250
20221117,11:49:32,18589.80,50,452250
20221117,11:49:43,18589.80,50,452250
20221117,11:49:44,18594.45,100,452250
20221117,11:50:25,18594.45,50,452250
20221117,11:51:39,18594.00,50,452300
20221117,11:52:30,18594.75,50,452300
20221117,11:52:49,18594.00,50,452300
20221117,11:53:01,18591.10,50,452300
20221117,11:55:35,18590.00,50,452450
20221117,11:56:34,18588.00,50,452450
20221117,11:57:32,18586.80,200,452500
20221117,11:59:44,18584.00,50,452500
20221117,12:00:26,18586.25,100,452500
20221117,12:01:18,18585.45,50,452550
20221117,12:05:34,18590.20,200,452650
20221117,12:07:01,18590.20,50,452850
20221117,12:07:03,18590.90,100,452850
20221117,12:08:12,18591.25,100,452850
20221117,12:09:30,18587.10,200,452800
20221117,12:09:47,18588.85,50,452800
20221117,12:10:52,18592.05,50,452800
20221117,12:10:58,18590.15,50,452800
20221117,12:12:48,18587.00,50,453100
20221117,12:13:12,18586.45,50,453100
20221117,12:13:20,18585.80,100,453100
20221117,12:13:53,18585.80,50,453100
20221117,12:13:56,18585.80,150,453100
20221117,12:14:57,18588.00,100,453100
20221117,12:15:01,18586.50,50,453100
20221117,12:15:30,18586.00,50,453100
20221117,12:16:02,18585.95,50,453100
20221117,12:17:09,18592.00,50,453100
20221117,12:17:16,18592.00,50,453100
20221117,12:17:20,18593.00,50,453100
20221117,12:17:24,18594.75,50,453100
20221117,12:17:26,18594.80,50,453100
20221117,12:17:29,18595.00,100,453100
20221117,12:17:35,18600.00,150,453100
20221117,12:17:36,18605.00,50,453100
20221117,12:17:41,18603.95,50,453100
20221117,12:18:08,18602.95,50,453400
20221117,12:18:40,18597.85,100,453400
20221117,12:18:41,18598.10,50,453400
20221117,12:19:05,18597.05,50,453400
20221117,12:19:25,18597.05,50,453400
20221117,12:19:43,18597.10,150,453400
20221117,12:19:50,18597.30,50,453400
20221117,12:20:44,18599.00,50,453400
20221117,12:20:58,18598.80,50,453900
20221117,12:21:24,18598.05,50,453900
20221117,12:21:26,18597.95,100,453900
20221117,12:21:41,18597.05,50,453900
20221117,12:22:55,18596.75,50,453900
20221117,12:23:35,18596.55,50,453900
20221117,12:23:40,18596.60,100,453900
20221117,12:23:48,18596.75,50,453900
20221117,12:23:55,18598.00,50,453900
20221117,12:27:42,18596.65,50,454350
20221117,12:28:01,18598.00,50,454350
20221117,12:28:09,18600.00,100,454350
20221117,12:28:58,18602.00,50,454350
20221117,12:29:07,18602.00,50,454350
20221117,12:29:27,18602.95,50,454350
20221117,12:29:48,18603.80,100,454350
20221117,12:30:01,18603.75,50,454500
20221117,12:30:04,18603.95,50,454500
20221117,12:30:05,18606.90,150,454500
20221117,12:30:46,18601.70,50,454500
20221117,12:31:16,18605.65,50,454500
20221117,12:31:42,18604.55,50,454500
20221117,12:31:43,18605.00,50,454500
20221117,12:31:45,18605.00,150,454500
20221117,12:31:47,18607.00,50,454500
20221117,12:31:55,18609.75,50,454500
20221117,12:33:22,18608.30,100,454900
20221117,12:33:26,18608.80,50,454900
20221117,12:33:42,18605.45,50,454900
20221117,12:34:50,18609.00,50,454900
20221117,12:34:57,18609.95,50,454900
20221117,12:35:42,18607.40,50,454900
20221117,12:36:31,18606.85,50,455000
20221117,12:37:06,18606.85,50,455000
20221117,12:38:10,18606.85,50,455000
20221117,12:38:18,18608.00,50,455000
20221117,12:38:28,18608.95,50,455000
20221117,12:38:39,18608.00,50,455000
20221117,12:38:47,18609.00,50,455000
20221117,12:38:48,18610.00,200,455000
20221117,12:38:50,18610.00,50,455000
20221117,12:39:49,18610.00,100,455000
20221117,12:40:29,18608.70,100,455000
20221117,12:40:54,18609.55,50,455000
20221117,12:41:07,18607.65,50,455000
20221117,12:43:53,18607.75,100,455000
20221117,12:44:16,18610.00,300,455000
20221117,12:44:17,18610.05,200,455000
20221117,12:44:18,18611.00,50,455000
20221117,12:44:24,18612.75,200,455000
20221117,12:44:26,18611.45,50,455000
20221117,12:44:26,18611.60,50,455000
20221117,12:44:27,18613.10,100,455000
20221117,12:45:38,18609.30,50,455400
20221117,12:45:46,18609.25,50,455400
20221117,12:45:58,18609.25,50,455400
20221117,12:46:34,18611.35,200,455400
20221117,12:47:01,18607.60,50,455400
20221117,12:47:17,18607.30,50,455400
20221117,12:47:49,18604.40,50,455400
20221117,12:47:57,18603.85,50,455400
20221117,12:48:01,18603.95,50,455400
20221117,12:48:31,18604.45,50,455850
20221117,12:48:40,18603.95,50,455850
20221117,12:49:30,18602.05,100,455850
20221117,12:49:36,18602.00,250,455850
20221117,12:50:04,18605.00,50,455850
20221117,12:50:25,18604.85,100,455850
20221117,12:50:38,18606.60,50,455850
20221117,12:51:00,18605.05,50,455850
20221117,12:51:08,18605.05,50,456300
20221117,12:51:11,18607.20,50,456300
20221117,12:51:23,18606.90,50,456300
20221117,12:53:06,18602.70,50,456300
20221117,12:53:07,18602.65,50,456300
20221117,12:53:08,18602.55,50,456300
20221117,12:53:24,18602.55,50,456300
20221117,12:53:28,18602.60,50,456300
20221117,12:53:31,18602.15,50,456300
20221117,12:53:44,18602.10,50,456300
20221117,12:53:46,18602.05,50,456300
20221117,12:53:51,18602.05,100,456300
20221117,12:53:55,18602.05,50,456300
20221117,12:54:09,18602.50,50,456950
20221117,12:54:15,18602.85,50,456950
20221117,12:54:19,18605.00,150,456950
20221117,12:54:26,18603.85,100,456950
20221117,12:54:53,18604.00,50,456950
20221117,12:55:02,18605.00,200,456950
20221117,12:55:35,18604.30,50,456950
20221117,12:55:41,18604.80,50,456950
20221117,12:55:44,18604.30,150,456950
20221117,12:56:10,18604.55,50,456950
20221117,12:56:27,18603.25,50,456950
20221117,12:56:30,18603.05,50,456950
20221117,12:57:25,18604.55,50,457700
20221117,12:58:00,18607.00,100,457700
20221117,12:58:01,18609.05,100,457700
20221117,12:59:16,18609.85,100,457700
20221117,13:00:03,18609.85,300,457700
20221117,13:00:13,18610.00,100,458200
20221117,13:00:27,18609.85,100,458200
20221117,13:00:30,18609.85,50,458200
20221117,13:01:16,18609.85,50,458200
20221117,13:01:20,18606.60,50,458200
20221117,13:01:26,18605.55,50,458200
20221117,13:01:58,18609.75,50,458200
20221117,13:02:07,18607.85,50,458200
20221117,13:02:46,18610.00,50,458200
20221117,13:04:39,18611.00,50,458450
20221117,13:04:46,18610.35,150,458450
20221117,13:05:12,18614.00,50,458450
20221117,13:05:18,18615.00,250,458450
20221117,13:05:23,18615.00,50,458450
20221117,13:05:26,18616.00,50,458450
20221117,13:05:30,18616.75,50,458450
20221117,13:05:31,18616.75,50,458450
20221117,13:05:32,18616.80,50,458450
20221117,13:07:45,18616.80,150,458500
20221117,13:08:22,18614.95,50,458500
20221117,13:08:55,18612.00,50,458500
20221117,13:10:00,18611.00,100,458700
20221117,13:10:33,18612.00,50,458700
20221117,13:10:52,18610.00,50,458700
20221117,13:11:10,18610.00,50,458700
20221117,13:11:47,18607.40,50,458700
20221117,13:15:15,18610.00,50,458900
20221117,13:15:16,18609.20,50,458900
20221117,13:15:18,18609.20,50,458900
20221117,13:15:21,18609.60,50,458900
20221117,13:15:53,18610.30,100,458900
20221117,13:17:57,18610.30,50,458900
20221117,13:18:00,18610.30,50,458900
20221117,13:19:23,18610.00,50,459000
20221117,13:19:58,18611.90,50,459000
20221117,13:20:15,18612.00,50,459000
20221117,13:20:53,18615.00,50,459000
20221117,13:21:51,18615.00,200,459150
20221117,13:22:00,18620.00,100,459150
20221117,13:22:06,18621.00,100,459150
20221117,13:22:07,18621.00,50,459150
20221117,13:22:08,18621.05,50,459150
20221117,13:22:09,18621.05,50,459150
20221117,13:22:10,18621.85,50,459150
20221117,13:22:12,18621.85,50,459150
20221117,13:22:13,18622.00,50,459150
20221117,13:22:15,18622.10,50,459150
20221117,13:22:41,18622.10,50,459150
20221117,13:23:12,18618.00,50,459150
20221117,13:23:29,18618.00,50,459150
20221117,13:23:31,18620.55,400,459150
20221117,13:23:52,18618.00,50,459150
20221117,13:24:00,18618.00,50,459150
20221117,13:25:11,18613.90,50,459450
20221117,13:27:09,18613.90,50,459450
20221117,13:27:20,18614.00,50,459450
20221117,13:28:09,18618.00,50,459450
20221117,13:28:11,18621.20,100,459450
20221117,13:28:17,18621.45,50,459450
20221117,13:28:23,18625.45,450,459450
20221117,13:28:24,18626.55,100,459450
20221117,13:28:34,18626.55,250,459450
20221117,13:28:38,18625.40,100,459450
20221117,13:28:41,18628.25,150,459450
20221117,13:28:42,18625.65,100,459450
20221117,13:29:34,18621.95,100,459450
20221117,13:29:44,18622.50,50,459450
20221117,13:29:47,18621.95,100,459450
20221117,13:30:04,18621.95,100,459450
20221117,13:30:13,18621.90,50,460100
20221117,13:30:14,18621.90,50,460100
20221117,13:30:15,18618.95,50,460100
20221117,13:30:31,18621.80,100,460100
20221117,13:30:38,18618.50,50,460100
20221117,13:30:39,18621.85,100,460100
20221117,13:30:45,18619.05,50,460100
20221117,13:30:50,18619.20,50,460100
20221117,13:30:52,18619.10,50,460100
20221117,13:30:53,18619.20,50,460100
20221117,13:31:07,18618.80,100,460100
20221117,13:31:14,18618.55,100,460100
20221117,13:31:20,18621.85,50,460100
20221117,13:31:47,18622.00,50,460100
20221117,13:31:59,18622.00,300,460100
20221117,13:32:00,18623.00,50,460100
20221117,13:32:02,18621.95,100,460100
20221117,13:32:14,18625.00,50,460100
20221117,13:32:16,18626.00,50,460100
20221117,13:32:40,18622.95,50,460100
20221117,13:32:41,18622.75,50,460100
20221117,13:33:00,18621.35,50,460100
20221117,13:33:40,18621.70,50,460900
20221117,13:34:07,18622.55,50,460900
20221117,13:35:17,18622.10,50,460900
20221117,13:35:19,18622.70,50,460900
20221117,13:35:32,18622.75,50,460900
20221117,13:35:37,18622.70,50,460900
20221117,13:35:51,18624.35,50,460900
20221117,13:35:57,18626.00,150,460900
20221117,13:36:00,18626.15,50,460900
20221117,13:36:04,18628.00,50,460900
20221117,13:36:14,18628.00,50,461000
20221117,13:36:24,18628.00,50,461000
20221117,13:36:40,18627.00,50,461000
20221117,13:36:41,18627.00,100,461000
20221117,13:36:47,18626.95,50,461000
20221117,13:37:01,18627.25,50,461000
20221117,13:37:09,18628.00,50,461000
20221117,13:37:10,18628.00,50,461000
20221117,13:37:24,18628.00,50,461000
20221117,13:37:50,18634.00,2250,461000
20221117,13:37:51,18635.00,450,461000
20221117,13:37:52,18632.50,50,461000
20221117,13:37:53,18630.45,50,461000
20221117,13:38:02,18635.00,350,461000
20221117,13:38:06,18637.20,50,461000
20221117,13:38:07,18637.25,50,461000
20221117,13:38:09,18637.25,100,461000
20221117,13:38:10,18637.45,50,461000
20221117,13:38:11,18637.85,50,461000
20221117,13:38:19,18637.85,200,461000
20221117,13:38:21,18634.90,100,461000
20221117,13:38:30,18636.85,200,461000
20221117,13:38:32,18634.90,50,461000
20221117,13:38:33,18636.55,50,461000
20221117,13:38:42,18632.50,100,461000
20221117,13:38:43,18632.20,50,461000
20221117,13:38:44,18632.20,100,461000
20221117,13:38:45,18632.20,50,461000
20221117,13:38:47,18632.20,50,461000
20221117,13:38:59,18637.70,600,461000
20221117,13:39:21,18636.50,50,461500
20221117,13:39:24,18634.25,50,461500
20221117,13:39:25,18632.95,50,461500
20221117,13:39:32,18636.30,50,461500
20221117,13:40:08,18633.40,50,461500
20221117,13:40:16,18634.60,250,461500
20221117,13:40:20,18630.70,50,461500
20221117,13:40:25,18630.05,100,461500
20221117,13:40:27,18630.00,100,461500
20221117,13:40:28,18630.00,100,461500
20221117,13:40:32,18629.10,100,461500
20221117,13:40:33,18629.00,50,461500
20221117,13:40:34,18628.00,50,461500
20221117,13:40:45,18627.75,50,461500
20221117,13:40:52,18626.05,100,461500
20221117,13:41:13,18626.00,50,461500
20221117,13:41:33,18629.35,200,461500
20221117,13:42:29,18625.35,100,462250
20221117,13:43:29,18625.35,50,462250
20221117,13:43:44,18625.15,50,462250
20221117,13:44:09,18621.65,150,462250
20221117,13:44:15,18621.00,50,462250
20221117,13:44:25,18622.00,50,462250
20221117,13:44:26,18625.00,150,462250
20221117,13:44:39,18620.00,100,462250
20221117,13:44:44,18617.35,50,462250
20221117,13:44:46,18620.00,50,462250
20221117,13:45:33,18617.55,50,462100
20221117,13:45:40,18618.40,50,462100
20221117,13:46:09,18615.50,100,462100
20221117,13:47:32,18617.85,100,462100
20221117,13:47:47,18621.70,50,462100
20221117,13:48:15,18622.50,50,462250
20221117,13:48:16,18624.00,100,462250
20221117,13:48:22,18624.00,50,462250
20221117,13:48:24,18625.00,50,462250
20221117,13:48:25,18625.00,50,462250
20221117,13:48:26,18627.40,50,462250
20221117,13:48:33,18628.35,50,462250
20221117,13:49:45,18623.35,50,462250
20221117,13:50:05,18627.65,50,462250
20221117,13:52:17,18627.00,50,462500
20221117,13:52:29,18627.25,100,462500
20221117,13:54:52,18618.30,50,462550
20221117,13:55:15,18618.10,50,462550
20221117,13:55:24,18618.10,100,462550
20221117,13:56:31,18623.35,50,462550
20221117,13:56:47,18622.50,50,462550
20221117,13:56:57,18620.40,100,462550
20221117,13:57:04,18620.65,50,462550
20221117,13:57:36,18623.10,50,462750
20221117,13:58:52,18625.00,50,462750
20221117,13:58:57,18625.00,50,462750
20221117,14:00:27,18623.00,100,462900
20221117,14:00:39,18622.00,100,462900
20221117,14:01:05,18620.00,50,462900
20221117,14:01:14,18617.85,50,462900
20221117,14:03:31,18618.00,50,463100
20221117,14:03:34,18615.00,100,463100
20221117,14:03:48,18612.35,50,463100
20221117,14:04:06,18610.15,50,463100
20221117,14:04:09,18610.55,50,463100
20221117,14:04:10,18610.45,50,463100
20221117,14:04:31,18612.70,50,463100
20221117,14:04:48,18618.00,50,463100
20221117,14:06:21,18618.00,50,463100
20221117,14:06:23,18618.00,50,463150
20221117,14:06:25,18620.00,100,463150
20221117,14:06:26,18622.55,100,463150
20221117,14:06:41,18624.00,50,463150
20221117,14:07:28,18624.00,50,463150
20221117,14:08:11,18624.30,50,463150
20221117,14:08:18,18623.90,100,463150
20221117,14:08:37,18622.00,50,463150
20221117,14:08:41,18623.00,250,463150
20221117,14:08:47,18622.00,50,463150
20221117,14:09:21,18622.00,50,463800
20221117,14:09:27,18623.00,50,463800
20221117,14:09:43,18625.00,50,463800
20221117,14:09:55,18625.00,150,463800
20221117,14:10:00,18625.00,100,463800
20221117,14:10:15,18622.90,50,463800
20221117,14:10:34,18623.25,250,463800
20221117,14:11:07,18626.35,50,463800
20221117,14:11:12,18626.25,250,463800
20221117,14:11:15,18626.35,50,463800
20221117,14:12:30,18623.05,250,463800
20221117,14:12:51,18627.60,200,464050
20221117,14:12:54,18628.00,50,464050
20221117,14:13:44,18628.00,100,464050
20221117,14:14:27,18627.65,50,464050
20221117,14:14:58,18627.65,900,464050
20221117,14:15:03,18626.75,50,464050
20221117,14:15:04,18628.00,200,464050
20221117,14:16:24,18627.05,100,464050
20221117,14:16:25,18627.05,50,464050
20221117,14:16:34,18627.95,150,464050
20221117,14:16:36,18628.55,100,464050
20221117,14:16:37,18629.05,50,464050
20221117,14:16:40,18629.05,1000,464050
20221117,14:16:41,18626.85,350,464050
20221117,14:17:02,18626.85,500,464050
20221117,14:17:29,18626.85,100,464050
20221117,14:17:47,18626.85,50,464050
20221117,14:18:01,18626.85,500,464050
20221117,14:18:34,18626.80,50,464300
20221117,14:19:09,18626.80,500,464300
20221117,14:19:47,18625.05,50,464300
20221117,14:19:58,18626.60,100,464300
20221117,14:20:46,18626.40,300,464300
20221117,14:20:51,18622.50,50,464300
20221117,14:21:17,18622.50,500,464300
20221117,14:21:39,18622.00,50,464450
20221117,14:22:43,18623.80,50,464450
20221117,14:22:43,18622.45,50,464450
20221117,14:22:54,18622.45,150,464450
20221117,14:23:43,18620.25,50,464450
20221117,14:24:12,18623.15,100,464450
20221117,14:24:23,18619.00,50,464550
20221117,14:24:33,18616.00,50,464550
20221117,14:24:43,18613.15,50,464550
20221117,14:24:47,18616.00,50,464550
20221117,14:24:52,18615.00,50,464550
20221117,14:25:39,18613.00,50,464550
20221117,14:25:47,18610.00,100,464550
20221117,14:26:17,18610.10,50,464550
20221117,14:26:33,18612.45,50,464550
20221117,14:26:59,18612.75,50,464550
20221117,14:27:01,18613.80,100,464550
20221117,14:27:02,18613.70,50,464550
20221117,14:27:03,18613.60,50,464550
20221117,14:27:23,18613.00,100,464550
20221117,14:27:23,18615.00,50,464550
20221117,14:27:48,18615.00,50,464650
20221117,14:29:04,18610.75,100,464650
20221117,14:29:07,18613.00,100,464650
20221117,14:29:11,18608.55,500,464650
20221117,14:29:33,18608.10,50,464650
20221117,14:29:37,18607.85,250,464650
20221117,14:29:40,18605.90,50,464650
20221117,14:29:43,18605.90,50,464650
20221117,14:30:01,18605.00,250,464650
20221117,14:30:04,18605.00,50,464650
20221117,14:30:12,18605.40,50,464650
20221117,14:30:29,18604.20,50,465350
20221117,14:30:40,18604.25,50,465350
20221117,14:31:37,18608.85,50,465350
20221117,14:31:43,18613.35,200,465350
20221117,14:31:52,18614.00,50,465350
20221117,14:31:54,18615.25,100,465350
20221117,14:32:14,18610.65,50,465350
20221117,14:32:16,18610.00,50,465350
20221117,14:32:18,18610.00,50,465350
20221117,14:32:19,18610.70,50,465350
20221117,14:32:31,18614.90,50,465350
20221117,14:32:57,18620.75,50,465350
20221117,14:33:24,18617.55,50,465550
20221117,14:33:44,18615.90,50,465550
20221117,14:34:17,18615.00,100,465550
20221117,14:34:19,18614.00,50,465550
20221117,14:34:51,18612.90,50,465550
20221117,14:35:09,18614.10,50,465550
20221117,14:35:12,18613.70,50,465550
20221117,14:35:16,18615.35,100,465550
20221117,14:35:20,18614.55,50,465550
20221117,14:35:33,18614.55,50,465550
20221117,14:35:53,18618.15,50,465550
20221117,14:36:33,18613.90,50,465800
20221117,14:36:48,18613.85,50,465800
20221117,14:37:12,18610.00,50,465800
20221117,14:37:46,18609.90,50,465800
20221117,14:38:10,18606.60,50,465800
20221117,14:38:46,18608.25,50,465800
20221117,14:38:47,18611.10,50,465800
20221117,14:38:51,18610.00,50,465800
20221117,14:38:53,18608.10,100,465800
20221117,14:39:16,18611.00,50,465800
20221117,14:39:44,18611.10,50,466050
20221117,14:39:47,18611.30,50,466050
20221117,14:40:16,18612.00,50,466050
20221117,14:40:21,18612.00,50,466050
20221117,14:40:24,18612.00,100,466050
20221117,14:41:24,18611.50,50,466050
20221117,14:41:37,18608.00,50,466050
20221117,14:41:48,18607.00,100,466050
20221117,14:41:53,18604.85,50,466050
20221117,14:41:59,18605.60,50,466050
20221117,14:42:00,18605.90,100,466050
20221117,14:42:17,18609.40,150,466050
20221117,14:42:26,18610.55,250,466150
20221117,14:42:37,18608.00,50,466150
20221117,14:43:19,18606.90,50,466150
20221117,14:43:41,18607.90,250,466150
20221117,14:43:45,18607.65,50,466150
20221117,14:43:52,18607.65,50,466150
20221117,14:43:54,18607.65,100,466150
20221117,14:43:56,18610.00,100,466150
20221117,14:44:15,18612.00,100,466150
20221117,14:44:16,18612.00,1050,466150
20221117,14:44:17,18617.45,50,466150
20221117,14:44:20,18616.05,50,466150
20221117,14:45:01,18614.35,250,466150
20221117,14:46:31,18614.35,50,466650
20221117,14:46:37,18616.50,50,466650
20221117,14:46:45,18616.65,50,466650
20221117,14:47:08,18616.65,50,466650
20221117,14:47:27,18618.00,100,466650
20221117,14:47:47,18619.25,50,466650
20221117,14:48:50,18620.00,50,466900
20221117,14:49:25,18625.00,50,466900
20221117,14:49:39,18621.30,100,466900
20221117,14:50:19,18622.00,50,466900
20221117,14:51:14,18625.15,100,466900
20221117,14:51:32,18622.00,100,467000
20221117,14:51:57,18621.10,50,467000
20221117,14:52:38,18611.15,50,467000
20221117,14:52:56,18614.15,500,467000
20221117,14:53:16,18614.95,150,467000
20221117,14:53:26,18611.00,50,467000
20221117,14:53:27,18610.00,50,467000
20221117,14:53:44,18608.05,50,467000
20221117,14:53:49,18608.05,50,467000
20221117,14:53:50,18608.05,50,467000
20221117,14:54:03,18607.00,50,467000
20221117,14:54:06,18606.20,150,467000
20221117,14:54:22,18606.25,50,467000
20221117,14:54:42,18612.00,50,467400
20221117,14:54:55,18611.30,50,467400
20221117,14:54:57,18615.50,1000,467400
20221117,14:55:26,18606.60,500,467400
20221117,14:55:50,18606.80,50,467400
20221117,14:56:04,18606.25,50,467400
20221117,14:56:11,18606.25,50,467400
20221117,14:56:34,18606.00,50,467400
20221117,14:56:35,18605.00,100,467400
20221117,14:56:41,18602.95,100,467400
20221117,14:56:42,18600.90,500,467400
20221117,14:56:52,18602.85,200,467400
20221117,14:57:07,18604.05,50,467400
20221117,14:57:16,18609.80,500,467400
20221117,14:57:24,18607.25,100,467450
20221117,14:57:51,18612.00,50,467450
20221117,14:57:53,18615.45,50,467450
20221117,14:59:34,18600.00,300,467450
20221117,14:59:38,18600.00,450,467450
20221117,14:59:39,18600.00,350,467450
20221117,14:59:41,18595.25,300,467450
20221117,14:59:49,18593.70,150,467450
20221117,14:59:53,18596.25,250,467450
20221117,15:00:43,18603.00,50,468450
20221117,15:00:44,18606.15,50,468450
20221117,15:01:22,18602.00,100,468450
20221117,15:01:27,18599.00,100,468450
20221117,15:01:30,18598.75,550,468450
20221117,15:01:31,18598.75,450,468450
20221117,15:01:44,18598.70,100,468450
20221117,15:01:45,18598.70,300,468450
20221117,15:01:54,18596.40,50,468450
20221117,15:02:12,18597.50,200,468450
20221117,15:02:43,18600.00,100,468450
20221117,15:02:45,18600.00,400,468450
20221117,15:02:50,18600.80,50,468450
20221117,15:02:57,18598.00,50,468450
20221117,15:03:05,18598.00,500,468450
20221117,15:03:09,18599.50,50,468450
20221117,15:03:53,18595.95,100,469550
20221117,15:04:15,18595.25,50,469550
20221117,15:04:51,18595.00,50,469550
20221117,15:05:39,18596.25,50,469550
20221117,15:05:40,18595.95,50,469550
20221117,15:05:43,18595.00,50,469550
20221117,15:05:48,18594.40,50,469550
20221117,15:06:03,18591.85,50,469550
20221117,15:06:04,18594.10,50,469550
20221117,15:06:13,18592.20,50,469550
20221117,15:06:23,18590.90,50,469550
20221117,15:06:32,18592.10,50,469900
20221117,15:06:34,18592.00,50,469900
20221117,15:06:45,18591.90,100,469900
20221117,15:06:57,18590.90,50,469900
20221117,15:07:09,18590.50,50,469900
20221117,15:07:13,18588.00,350,469900
20221117,15:07:17,18590.90,900,469900
20221117,15:07:29,18588.85,100,469900
20221117,15:07:31,18585.00,650,469900
20221117,15:07:33,18585.00,50,469900
20221117,15:07:52,18585.00,50,469900
20221117,15:07:58,18585.55,50,469900
20221117,15:07:59,18585.50,50,469900
20221117,15:08:04,18585.00,100,469900
20221117,15:08:11,18585.00,50,469900
20221117,15:08:13,18585.00,150,469900
20221117,15:08:16,18584.95,50,469900
20221117,15:08:23,18581.55,150,469900
20221117,15:08:24,18582.20,150,469900
20221117,15:09:10,18582.00,50,469900
20221117,15:09:15,18582.95,50,469900
20221117,15:09:21,18580.25,50,469900
20221117,15:09:43,18581.10,50,471500
20221117,15:09:49,18580.00,250,471500
20221117,15:09:51,18579.00,50,471500
20221117,15:10:01,18572.40,850,471500
20221117,15:10:14,18572.05,50,471500
20221117,15:10:15,18572.10,50,471500
20221117,15:10:23,18570.00,450,471500
20221117,15:10:24,18569.95,200,471500
20221117,15:10:30,18570.30,500,471500
20221117,15:10:34,18570.00,50,471500
20221117,15:10:37,18568.00,50,471500
20221117,15:10:54,18567.00,50,471500
20221117,15:10:58,18568.40,50,471500
20221117,15:11:01,18567.00,50,471500
20221117,15:11:02,18566.00,50,471500
20221117,15:11:03,18565.05,50,471500
20221117,15:11:04,18565.00,100,471500
20221117,15:11:04,18564.45,50,471500
20221117,15:11:08,18562.00,100,471500
20221117,15:11:09,18562.00,100,471500
20221117,15:11:12,18562.00,50,471500
20221117,15:11:20,18561.55,50,471500
20221117,15:11:21,18561.00,50,471500
20221117,15:11:24,18560.00,100,471500
20221117,15:11:25,18560.00,250,471500
20221117,15:11:26,18560.00,50,471500
20221117,15:11:33,18560.00,50,471500
20221117,15:11:35,18560.00,50,471500
20221117,15:11:43,18557.00,550,471500
20221117,15:11:47,18556.75,50,471500
20221117,15:11:50,18555.00,200,471500
20221117,15:11:51,18554.40,200,471500
20221117,15:11:54,18554.00,50,471500
20221117,15:11:55,18554.00,50,471500
20221117,15:11:58,18553.85,50,471500
20221117,15:11:59,18547.65,1400,471500
20221117,15:12:02,18548.00,50,471500
20221117,15:12:04,18547.00,50,471500
20221117,15:12:05,18547.00,50,471500
20221117,15:12:07,18547.00,50,471500
20221117,15:12:09,18546.30,100,471500
20221117,15:12:10,18543.65,150,471500
20221117,15:12:29,18542.60,50,473650
20221117,15:12:33,18542.60,50,473650
20221117,15:12:40,18543.00,50,473650
20221117,15:12:41,18543.00,50,473650
20221117,15:13:01,18545.45,100,473650
20221117,15:13:08,18545.45,100,473650
20221117,15:13:14,18545.40,150,473650
20221117,15:13:18,18545.40,150,473650
20221117,15:13:20,18545.00,50,473650
20221117,15:13:29,18545.80,50,473650
20221117,15:13:31,18545.00,50,473650
20221117,15:13:34,18545.60,50,473650
20221117,15:13:35,18545.00,50,473650
20221117,15:13:41,18546.85,100,473650
20221117,15:13:50,18545.00,100,473650
20221117,15:13:51,18545.20,50,473650
20221117,15:14:03,18543.00,50,473650
20221117,15:14:06,18543.00,200,473650
20221117,15:14:07,18542.00,100,473650
20221117,15:14:08,18540.00,450,473650
20221117,15:14:09,18540.00,450,473650
20221117,15:14:11,18540.00,100,473650
20221117,15:14:13,18540.00,50,473650
20221117,15:14:16,18540.00,50,473650
20221117,15:14:17,18540.00,50,473650
20221117,15:14:17,18540.00,300,473650
20221117,15:14:19,18540.00,50,473650
20221117,15:14:20,18539.25,50,473650
20221117,15:14:28,18532.25,1500,473650
20221117,15:14:29,18532.00,50,473650
20221117,15:14:30,18531.00,200,473650
20221117,15:14:32,18531.00,50,473650
20221117,15:15:03,18530.05,50,473650
20221117,15:15:05,18530.00,150,473650
20221117,15:15:08,18530.00,100,473650
20221117,15:15:25,18535.20,50,473650
20221117,15:15:27,18535.95,150,473650
20221117,15:15:35,18536.95,150,475900
20221117,15:15:37,18536.75,50,475900
20221117,15:15:43,18538.40,200,475900
20221117,15:15:51,18535.05,50,475900
20221117,15:15:52,18538.00,100,475900
20221117,15:15:53,18538.00,50,475900
20221117,15:15:54,18538.00,100,475900
20221117,15:16:03,18535.05,50,475900
20221117,15:16:06,18537.90,100,475900
20221117,15:16:07,18535.05,50,475900
20221117,15:16:08,18537.60,150,475900
20221117,15:16:15,18539.00,50,475900
20221117,15:16:16,18539.95,100,475900
20221117,15:16:18,18542.00,200,475900
20221117,15:16:26,18544.95,50,475900
20221117,15:16:27,18546.95,50,475900
20221117,15:16:32,18546.95,100,475900
20221117,15:16:40,18547.00,200,475900
20221117,15:16:41,18547.00,50,475900
20221117,15:16:43,18547.00,250,475900
20221117,15:16:44,18547.65,50,475900
20221117,15:16:46,18548.00,50,475900
20221117,15:16:54,18546.95,50,475900
20221117,15:16:57,18550.00,50,475900
20221117,15:16:58,18550.60,150,475900
20221117,15:17:05,18554.00,50,475900
20221117,15:17:06,18555.00,50,475900
20221117,15:17:07,18553.40,50,475900
20221117,15:17:15,18557.00,50,475900
20221117,15:17:16,18559.35,150,475900
20221117,15:17:20,18560.45,50,475900
20221117,15:17:22,18556.70,200,475900
20221117,15:17:30,18559.15,50,475900
20221117,15:17:32,18559.50,50,475900
20221117,15:17:33,18559.15,50,475900
20221117,15:17:34,18559.15,50,475900
20221117,15:17:36,18559.15,50,475900
20221117,15:17:37,18554.70,50,475900
20221117,15:17:41,18559.85,500,475900
20221117,15:17:50,18556.00,50,475900
20221117,15:17:51,18554.70,50,475900
20221117,15:17:57,18555.00,50,475900
20221117,15:17:58,18554.70,50,475900
20221117,15:17:59,18553.40,100,475900
20221117,15:18:10,18551.75,100,475900
20221117,15:18:11,18551.80,50,475900
20221117,15:18:15,18548.00,200,475900
20221117,15:18:17,18548.00,50,475900
20221117,15:18:21,18546.95,150,475900
20221117,15:18:27,18546.00,50,475900
20221117,15:18:33,18542.80,50,476450
20221117,15:18:36,18544.00,100,476450
20221117,15:18:39,18546.05,50,476450
20221117,15:19:16,18544.00,50,476450
20221117,15:19:35,18542.00,50,476450
20221117,15:19:36,18542.00,100,476450
20221117,15:19:39,18536.95,200,476450
20221117,15:19:53,18535.00,200,476450
20221117,15:19:55,18533.20,50,476450
20221117,15:19:58,18532.55,100,476450
20221117,15:20:01,18532.00,50,476450
20221117,15:20:05,18531.00,50,476450
20221117,15:20:07,18531.00,50,476450
20221117,15:20:10,18530.00,200,476450
20221117,15:20:13,18526.50,600,476450
20221117,15:20:14,18526.50,50,476450
20221117,15:20:19,18526.00,50,476450
20221117,15:20:21,18526.00,50,476450
20221117,15:20:24,18526.00,50,476450
20221117,15:20:28,18526.00,50,476450
20221117,15:20:41,18525.30,500,476450
20221117,15:20:44,18523.95,1250,476450
20221117,15:20:51,18526.05,50,476450
20221117,15:21:05,18530.10,50,476450
20221117,15:21:06,18529.95,50,476450
20221117,15:21:12,18527.00,50,476450
20221117,15:21:17,18522.00,1200,476450
20221117,15:21:19,18522.00,50,476450
20221117,15:21:23,18524.85,50,476450
20221117,15:21:24,18525.00,50,476450
20221117,15:21:30,18527.40,50,479050
20221117,15:21:49,18520.00,1200,479050
20221117,15:22:08,18520.00,300,479050
20221117,15:22:14,18520.00,50,479050
20221117,15:22:24,18521.00,50,479050
20221117,15:22:35,18523.00,50,479050
20221117,15:22:38,18521.70,50,479050
20221117,15:22:40,18521.75,100,479050
20221117,15:22:42,18523.45,50,479050
20221117,15:22:43,18522.60,200,479050
20221117,15:22:49,18524.55,50,479050
20221117,15:22:51,18529.40,50,479050
20221117,15:22:52,18529.40,50,479050
20221117,15:22:55,18525.85,50,479050
20221117,15:22:58,18525.80,50,479050
20221117,15:22:59,18526.40,100,479050
20221117,15:23:00,18529.50,100,479050
20221117,15:23:02,18525.70,50,479050
20221117,15:23:06,18529.35,50,479050
20221117,15:23:10,18528.00,50,479050
20221117,15:23:11,18529.10,100,479050
20221117,15:23:13,18525.60,100,479050
20221117,15:23:22,18529.10,50,479050
20221117,15:23:27,18529.10,50,479050
20221117,15:23:29,18529.10,50,479050
20221117,15:23:39,18529.80,500,479050
20221117,15:23:52,18528.55,50,479050
20221117,15:23:53,18531.60,50,479050
20221117,15:24:04,18532.45,50,479050
20221117,15:24:05,18532.00,50,479050
20221117,15:24:15,18532.00,50,479050
20221117,15:24:19,18534.65,50,479050
20221117,15:24:29,18534.80,50,479050
20221117,15:24:33,18528.65,650,480300
20221117,15:24:36,18534.05,50,480300
20221117,15:24:53,18534.05,50,480300
20221117,15:24:59,18535.00,50,480300
20221117,15:25:05,18535.00,50,480300
20221117,15:25:09,18537.00,100,480300
20221117,15:25:20,18538.10,100,480300
20221117,15:25:35,18536.00,50,480300
20221117,15:25:36,18537.00,50,480300
20221117,15:25:46,18535.00,50,480300
20221117,15:26:03,18535.00,150,480300
20221117,15:26:06,18535.00,50,480300
20221117,15:26:09,18536.00,50,480300
20221117,15:26:18,18535.00,50,480300
20221117,15:26:24,18535.05,200,480300
20221117,15:26:29,18535.00,1000,480300
20221117,15:26:30,18535.00,200,480300
20221117,15:26:31,18535.00,1650,480300
20221117,15:26:32,18534.05,700,480300
20221117,15:26:44,18532.15,50,480300
20221117,15:26:45,18532.35,50,480300
20221117,15:26:47,18533.20,50,480300
20221117,15:26:52,18530.60,50,480300
20221117,15:26:55,18531.65,50,480300
20221117,15:26:57,18530.00,50,480300
20221117,15:27:00,18530.00,100,480300
20221117,15:27:01,18530.00,200,480300
20221117,15:27:02,18530.00,600,480300
20221117,15:27:03,18530.00,400,480300
20221117,15:27:04,18530.00,500,480300
20221117,15:27:07,18530.00,50,480300
20221117,15:27:10,18530.00,50,480300
20221117,15:27:12,18531.35,50,480300
20221117,15:27:14,18530.00,50,480300
20221117,15:27:15,18529.90,400,480300
20221117,15:27:20,18530.00,100,480300
20221117,15:27:29,18532.50,50,485050
20221117,15:27:56,18534.00,50,485050
20221117,15:28:01,18534.05,50,485050
20221117,15:28:07,18530.10,100,485050
20221117,15:28:11,18530.10,50,485050
20221117,15:28:24,18530.15,50,485050
20221117,15:28:30,18531.60,50,485050
20221117,15:28:33,18530.00,50,485050
20221117,15:28:34,18530.00,50,485050
20221117,15:28:35,18530.00,50,485050
20221117,15:28:42,18530.10,50,485050
20221117,15:28:44,18530.00,100,485050
20221117,15:28:48,18530.00,100,485050
20221117,15:28:49,18530.00,400,485050
20221117,15:28:50,18529.95,50,485050
20221117,15:28:52,18529.90,50,485050
20221117,15:28:55,18529.85,50,485050
20221117,15:28:59,18529.05,450,485050
20221117,15:29:01,18529.05,100,485050
20221117,15:29:04,18528.90,50,485050
20221117,15:29:05,18528.65,200,485050
20221117,15:29:07,18528.70,200,485050
20221117,15:29:09,18529.00,750,485050
20221117,15:29:21,18529.05,50,485050
20221117,15:29:22,18529.15,50,485050
20221117,15:29:25,18530.20,50,485050
20221117,15:29:31,18531.00,100,485050
20221117,15:29:31,18534.00,50,485050
20221117,15:29:37,18535.00,100,485050
20221117,15:29:43,18530.05,50,485050
20221117,15:29:45,18533.30,50,485050
20221117,15:29:46,18530.05,100,485050
20221117,15:29:54,18530.00,50,485050
20221117,15:29:56,18530.50,100,485050
20221117,15:29:56,18530.00,100,485050
