20221117,09:15:00,18400.00,1,11540700
20221117,09:15:00,18403.10,1,11540700
20221117,09:15:00,18380.05,1,11540700
20221117,09:15:00,18398.00,2000,11540700
20221117,09:15:00,18414.10,3150,11540700
20221117,09:15:01,18397.65,1700,11540700
20221117,09:15:03,18398.00,5500,11540700
20221117,09:15:03,18400.95,700,11540700
20221117,09:15:04,18402.90,850,11540700
20221117,09:15:05,18400.10,1950,11540700
20221117,09:15:06,18400.65,1200,11540700
20221117,09:15:07,18404.00,500,11540700
20221117,09:15:08,18405.95,1400,11540700
20221117,09:15:09,18407.00,4600,11540700
20221117,09:15:10,18408.00,1800,11540700
20221117,09:15:12,18409.15,2600,11540700
20221117,09:15:13,18402.90,3450,11540700
20221117,09:15:14,18403.25,6850,11540700
20221117,09:15:14,18401.60,700,11540700
20221117,09:15:15,18404.30,2650,11540700
20221117,09:15:16,18404.60,2800,11540700
20221117,09:15:17,18410.00,1900,11540700
20221117,09:15:18,18409.95,2950,11540700
20221117,09:15:19,18406.15,1300,11540700
20221117,09:15:20,18407.45,1500,11540700
20221117,09:15:21,18410.85,3750,11540700
20221117,09:15:22,18411.10,4100,11540700
20221117,09:15:23,18410.95,250,11540700
20221117,09:15:25,18414.50,2800,11540700
20221117,09:15:26,18413.95,1750,11540700
20221117,09:15:27,18410.10,950,11540700
20221117,09:15:27,18412.60,300,11540700
20221117,09:15:28,18415.10,750,11540700
20221117,09:15:29,18419.20,1900,11540700
20221117,09:15:30,18414.25,1700,11540700
20221117,09:15:31,18411.90,950,11540700
20221117,09:15:32,18412.10,6300,11540700
20221117,09:15:33,18415.15,1500,11540700
20221117,09:15:35,18411.90,600,11540700
20221117,09:15:36,18412.45,1500,11540700
20221117,09:15:37,18411.30,500,11540700
20221117,09:15:37,18410.05,350,11540700
20221117,09:15:38,18413.25,1750,11540700
20221117,09:15:39,18410.40,550,11540700
20221117,09:15:40,18414.45,250,11540700
20221117,09:15:41,18410.15,550,11540700
20221117,09:15:42,18413.55,5250,11540700
20221117,09:15:43,18411.90,1100,11540700
20221117,09:15:45,18407.75,2550,11540700
20221117,09:15:46,18409.80,1200,11540700
20221117,09:15:47,18407.85,6950,11540700
20221117,09:15:47,18404.60,1000,11540700
20221117,09:15:48,18407.35,1050,11540700
20221117,09:15:49,18407.80,1000,11540700
20221117,09:15:50,18410.85,1400,11540700
20221117,09:15:51,18410.05,1000,11540700
20221117,09:15:52,18410.00,500,11540700
20221117,09:15:54,18410.35,900,11540700
20221117,09:15:55,18413.45,2500,11540700
20221117,09:15:56,18412.00,750,11540700
20221117,09:15:56,18412.00,50,11540700
20221117,09:15:57,18412.00,500,11540700
20221117,09:15:58,18412.00,300,11540700
20221117,09:15:59,18414.00,1250,11540700
20221117,09:16:00,18411.25,600,11540700
20221117,09:16:02,18410.50,750,11540700
20221117,09:16:03,18411.90,750,11540700
20221117,09:16:03,18410.10,150,11540700
20221117,09:16:04,18411.55,1950,11540700
20221117,09:16:05,18410.00,1200,11540700
20221117,09:16:06,18412.20,8550,11540700
20221117,09:16:07,18410.00,3500,11540700
20221117,09:16:09,18410.00,550,11540700
20221117,09:16:10,18410.15,9150,11540700
20221117,09:16:11,18409.85,1500,11540700
20221117,09:16:11,18408.60,400,11540700
20221117,09:16:12,18408.00,850,11540700
20221117,09:16:13,18405.45,6550,11540700
20221117,09:16:14,18406.80,4550,11540700
20221117,09:16:16,18407.30,4350,11540700
20221117,09:16:17,18407.35,1450,11540700
20221117,09:16:18,18405.50,1300,11540700
20221117,09:16:19,18408.00,300,11540700
20221117,09:16:20,18409.35,600,11540700
20221117,09:16:20,18406.85,150,11540700
20221117,09:16:21,18407.05,1200,11540700
20221117,09:16:22,18408.00,800,11540700
20221117,09:16:24,18405.15,2000,11540700
20221117,09:16:25,18408.05,2400,11540700
20221117,09:16:26,18405.80,1400,11540700
20221117,09:16:27,18410.00,6100,11540700
20221117,09:16:27,18408.05,1100,11540700
20221117,09:16:28,18407.15,1400,11540700
20221117,09:16:29,18406.85,2500,11540700
20221117,09:16:30,18407.20,800,11540700
20221117,09:16:32,18411.35,950,11540700
20221117,09:16:33,18408.35,350,11540700
20221117,09:16:34,18411.30,150,11540700
20221117,09:16:35,18407.50,1800,11540700
20221117,09:16:36,18411.45,1950,11540700
20221117,09:16:37,18410.30,400,11540700
20221117,09:16:39,18407.20,900,11540700
20221117,09:16:40,18409.00,50,11540700
20221117,09:16:41,18409.45,600,11540700
20221117,09:16:42,18408.00,100,11540700
20221117,09:16:42,18406.05,150,11540700
20221117,09:16:43,18408.35,2050,11540700
20221117,09:16:44,18407.25,1100,11540700
20221117,09:16:45,18406.05,500,11540700
20221117,09:16:47,18408.00,400,11540700
20221117,09:16:48,18408.45,500,11540700
20221117,09:16:49,18406.55,50,11540700
20221117,09:16:50,18408.35,300,11540700
20221117,09:16:50,18406.00,50,11540700
20221117,09:16:51,18408.55,500,11540700
20221117,09:16:52,18406.00,900,11540700
20221117,09:16:53,18407.05,1300,11540700
20221117,09:16:54,18410.00,850,11540700
20221117,09:16:56,18409.95,200,11540700
20221117,09:16:57,18408.80,800,11540700
20221117,09:16:58,18407.90,300,11540700
20221117,09:16:59,18409.80,500,11540700
20221117,09:17:01,18410.00,550,11540700
20221117,09:17:02,18409.00,250,11540700
20221117,09:17:04,18412.00,1550,11540700
20221117,09:17:05,18412.00,300,11540700
20221117,09:17:06,18412.00,100,11540700
20221117,09:17:07,18411.70,1000,11540700
20221117,09:17:07,18409.30,100,11540700
20221117,09:17:09,18409.75,250,11540700
20221117,09:17:10,18410.90,700,11540700
20221117,09:17:12,18410.95,400,11540700
20221117,09:17:13,18412.20,500,11540700
20221117,09:17:14,18413.05,750,11540700
20221117,09:17:14,18414.00,200,11540700
20221117,09:17:15,18413.35,650,11540700
20221117,09:17:16,18415.00,600,11540700
20221117,09:17:17,18415.10,750,11540700
20221117,09:17:18,18416.90,2050,11540700
20221117,09:17:20,18413.45,800,11540700
20221117,09:17:21,18413.65,650,11540700
20221117,09:17:22,18413.05,400,11540700
20221117,09:17:23,18415.25,350,11540700
20221117,09:17:23,18415.25,100,11540700
20221117,09:17:24,18415.20,200,11540700
20221117,09:17:25,18417.05,400,11540700
20221117,09:17:27,18415.30,150,11540700
20221117,09:17:28,18415.25,650,11540700
20221117,09:17:30,18416.60,550,11540700
20221117,09:17:31,18415.00,650,11540700
20221117,09:17:31,18415.25,100,11540700
20221117,09:17:32,18413.45,1500,11570100
20221117,09:17:33,18414.45,150,11570100
20221117,09:17:35,18415.25,500,11570100
20221117,09:17:36,18412.80,300,11570100
20221117,09:17:37,18412.00,250,11570100
20221117,09:17:38,18410.20,350,11570100
20221117,09:17:39,18413.00,150,11570100
20221117,09:17:40,18413.00,500,11570100
20221117,09:17:42,18412.95,850,11570100
20221117,09:17:43,18412.75,150,11570100
20221117,09:17:44,18410.00,150,11570100
20221117,09:17:45,18410.00,500,11570100
20221117,09:17:45,18410.90,50,11570100
20221117,09:17:46,18410.90,450,11570100
20221117,09:17:47,18410.90,100,11570100
20221117,09:17:49,18410.00,300,11570100
20221117,09:17:50,18410.00,550,11570100
20221117,09:17:51,18410.00,600,11570100
20221117,09:17:52,18410.90,200,11570100
20221117,09:17:53,18410.00,250,11570100
20221117,09:17:54,18410.00,100,11570100
20221117,09:17:56,18410.85,400,11570100
20221117,09:17:57,18410.00,250,11570100
20221117,09:17:58,18410.85,250,11570100
20221117,09:17:59,18410.00,1200,11570100
20221117,09:18:00,18410.00,100,11570100
20221117,09:18:01,18412.40,2450,11570100
20221117,09:18:03,18412.40,350,11570100
20221117,09:18:04,18408.10,700,11570100
20221117,09:18:05,18408.05,250,11570100
20221117,09:18:06,18408.00,400,11570100
20221117,09:18:07,18409.65,150,11570100
20221117,09:18:09,18408.00,150,11570100
20221117,09:18:10,18408.00,200,11570100
20221117,09:18:11,18407.00,400,11570100
20221117,09:18:12,18407.95,350,11570100
20221117,09:18:13,18406.00,500,11570100
20221117,09:18:14,18407.95,50,11570100
20221117,09:18:16,18405.85,400,11570100
20221117,09:18:17,18407.90,250,11570100
20221117,09:18:18,18407.85,150,11570100
20221117,09:18:19,18406.15,400,11570100
20221117,09:18:20,18406.15,550,11570100
20221117,09:18:22,18405.00,850,11570100
20221117,09:18:23,18404.00,500,11570100
20221117,09:18:24,18405.85,2050,11570100
20221117,09:18:25,18407.80,750,11570100
20221117,09:18:25,18407.70,50,11570100
20221117,09:18:26,18404.80,200,11570100
20221117,09:18:28,18405.50,850,11570100
20221117,09:18:29,18407.70,750,11570100
20221117,09:18:30,18407.65,1050,11570100
20221117,09:18:31,18407.70,900,11570100
20221117,09:18:31,18405.30,200,11570100
20221117,09:18:32,18407.95,200,11570100
20221117,09:18:34,18405.20,1400,11570100
20221117,09:18:35,18407.80,1050,11570100
20221117,09:18:36,18405.50,450,11570100
20221117,09:18:37,18405.85,200,11570100
20221117,09:18:38,18405.95,250,11570100
20221117,09:18:39,18406.95,400,11570100
20221117,09:18:41,18409.00,3750,11570100
20221117,09:18:42,18410.00,1250,11570100
20221117,09:18:43,18410.00,1750,11570100
20221117,09:18:44,18410.00,300,11570100
20221117,09:18:44,18411.90,50,11570100
20221117,09:18:45,18410.00,350,11570100
20221117,09:18:47,18411.60,1850,11570100
20221117,09:18:48,18411.60,450,11570100
20221117,09:18:49,18410.15,100,11570100
20221117,09:18:50,18411.60,1750,11570100
20221117,09:18:53,18410.00,450,11570100
20221117,09:18:54,18408.90,750,11570100
20221117,09:18:55,18409.00,50,11570100
20221117,09:18:56,18409.75,150,11570100
20221117,09:18:57,18408.95,50,11570100
20221117,09:18:57,18405.30,100,11570100
20221117,09:18:59,18406.60,100,11570100
20221117,09:19:00,18406.60,150,11570100
20221117,09:19:01,18406.60,700,11570100
20221117,09:19:02,18408.00,750,11570100
20221117,09:19:03,18408.00,200,11570100
20221117,09:19:04,18407.15,500,11570100
20221117,09:19:06,18408.00,300,11570100
20221117,09:19:07,18409.00,350,11570100
20221117,09:19:08,18408.00,200,11570100
20221117,09:19:09,18409.15,50,11570100
20221117,09:19:10,18408.00,100,11570100
20221117,09:19:10,18409.15,200,11570100
20221117,09:19:12,18405.70,600,11570100
20221117,09:19:13,18406.00,300,11570100
20221117,09:19:14,18408.35,100,11570100
20221117,09:19:15,18408.20,1750,11570100
20221117,09:19:16,18408.20,250,11570100
20221117,09:19:17,18408.00,1000,11570100
20221117,09:19:17,18408.00,100,11570100
20221117,09:19:18,18408.00,850,11570100
20221117,09:19:20,18407.70,350,11570100
20221117,09:19:21,18409.00,200,11570100
20221117,09:19:22,18408.95,250,11570100
20221117,09:19:23,18411.00,800,11570100
20221117,09:19:23,18411.60,550,11570100
20221117,09:19:24,18411.60,200,11570100
20221117,09:19:26,18411.60,150,11570100
20221117,09:19:27,18411.60,100,11570100
20221117,09:19:28,18411.60,500,11570100
20221117,09:19:29,18412.00,250,11570100
20221117,09:19:30,18413.00,100,11570100
20221117,09:19:32,18413.10,650,11570100
20221117,09:19:33,18412.00,100,11570100
20221117,09:19:34,18412.10,700,11570100
20221117,09:19:35,18411.95,400,11570100
20221117,09:19:36,18410.30,450,11570100
20221117,09:19:37,18410.50,950,11570100
20221117,09:19:37,18411.90,100,11570100
20221117,09:19:39,18411.90,200,11570100
20221117,09:19:40,18411.90,200,11570100
20221117,09:19:41,18411.90,50,11570100
20221117,09:19:42,18411.85,400,11570100
20221117,09:19:43,18414.00,200,11570100
20221117,09:19:44,18414.00,1100,11570100
20221117,09:19:45,18414.00,200,11570100
20221117,09:19:47,18413.70,100,11570100
20221117,09:19:48,18414.45,550,11570100
20221117,09:19:49,18414.50,500,11570100
20221117,09:19:50,18416.80,1300,11570100
20221117,09:19:51,18416.85,50,11570100
20221117,09:19:51,18417.00,350,11570100
20221117,09:19:52,18417.00,50,11570100
20221117,09:19:54,18416.20,100,11570100
20221117,09:19:55,18415.80,2550,11570100
20221117,09:19:56,18415.30,650,11570100
20221117,09:19:57,18414.50,500,11570100
20221117,09:19:58,18414.80,1050,11570100
20221117,09:19:59,18414.85,1050,11570100
20221117,09:19:59,18414.90,350,11570100
20221117,09:20:01,18418.20,3350,11570100
20221117,09:20:02,18415.70,1100,11570100
20221117,09:20:03,18415.20,800,11570100
20221117,09:20:04,18412.50,1750,11570100
20221117,09:20:05,18412.15,1000,11570100
20221117,09:20:06,18414.75,1150,11570100
20221117,09:20:07,18411.60,1150,11570100
20221117,09:20:08,18411.60,500,11570100
20221117,09:20:09,18414.45,350,11570100
20221117,09:20:10,18412.60,450,11570100
20221117,09:20:11,18412.10,350,11570100
20221117,09:20:12,18413.35,150,11570100
20221117,09:20:13,18411.05,250,11570100
20221117,09:20:14,18411.60,200,11570100
20221117,09:20:15,18411.60,100,11570100
20221117,09:20:16,18411.60,50,11570100
20221117,09:20:17,18411.60,100,11570100
20221117,09:20:20,18411.60,200,11570100
20221117,09:20:21,18413.70,350,11570100
20221117,09:20:22,18413.60,50,11570100
20221117,09:20:22,18413.70,50,11570100
20221117,09:20:24,18412.95,450,11570100
20221117,09:20:24,18412.45,150,11570100
20221117,09:20:26,18412.65,50,11570100
20221117,09:20:27,18411.60,1600,11570100
20221117,09:20:28,18410.25,750,11570100
20221117,09:20:29,18410.25,150,11570100
20221117,09:20:30,18411.60,150,11570100
20221117,09:20:31,18411.85,650,11577200
20221117,09:20:31,18411.85,50,11577200
20221117,09:20:33,18412.95,500,11577200
20221117,09:20:34,18415.00,350,11577200
20221117,09:20:35,18415.80,450,11577200
20221117,09:20:36,18418.10,200,11577200
20221117,09:20:37,18419.40,1450,11577200
20221117,09:20:38,18420.60,1050,11577200
20221117,09:20:39,18420.00,250,11577200
20221117,09:20:40,18420.00,300,11577200
20221117,09:20:41,18423.25,1700,11577200
20221117,09:20:42,18419.90,150,11577200
20221117,09:20:43,18420.00,900,11577200
20221117,09:20:44,18418.65,300,11577200
20221117,09:20:45,18420.95,150,11577200
20221117,09:20:46,18421.00,50,11577200
20221117,09:20:47,18423.95,200,11577200
20221117,09:20:48,18423.40,250,11577200
20221117,09:20:49,18421.55,50,11577200
20221117,09:20:50,18424.10,2200,11577200
20221117,09:20:51,18424.10,400,11577200
20221117,09:20:52,18420.00,1550,11577200
20221117,09:20:53,18420.25,800,11577200
20221117,09:20:54,18417.65,1650,11577200
20221117,09:20:55,18420.00,600,11577200
20221117,09:20:56,18417.65,1000,11577200
20221117,09:20:57,18421.35,1850,11577200
20221117,09:20:58,18420.65,50,11577200
20221117,09:20:59,18421.55,200,11577200
20221117,09:21:00,18422.00,50,11577200
20221117,09:21:01,18421.60,600,11577200
20221117,09:21:02,18422.00,200,11577200
20221117,09:21:03,18420.10,250,11577200
20221117,09:21:04,18420.90,100,11577200
20221117,09:21:05,18421.95,250,11577200
20221117,09:21:06,18421.40,100,11577200
20221117,09:21:07,18421.50,300,11577200
20221117,09:21:08,18421.50,150,11577200
20221117,09:21:10,18421.20,2000,11577200
20221117,09:21:11,18420.10,150,11577200
20221117,09:21:12,18420.90,600,11577200
20221117,09:21:14,18418.35,700,11577200
20221117,09:21:15,18418.35,150,11577200
20221117,09:21:16,18418.35,350,11577200
20221117,09:21:17,18418.35,50,11577200
20221117,09:21:18,18418.35,400,11577200
20221117,09:21:19,18417.90,600,11577200
20221117,09:21:20,18418.35,900,11577200
20221117,09:21:21,18418.60,100,11577200
20221117,09:21:22,18418.60,700,11577200
20221117,09:21:23,18418.90,250,11577200
20221117,09:21:24,18421.00,1400,11577200
20221117,09:21:25,18421.15,50,11577200
20221117,09:21:26,18423.10,7450,11577200
20221117,09:21:27,18420.15,1900,11577200
20221117,09:21:28,18420.15,50,11577200
20221117,09:21:29,18420.35,200,11577200
20221117,09:21:30,18420.15,200,11577200
20221117,09:21:31,18420.00,3850,11577200
20221117,09:21:32,18420.30,4950,11577200
20221117,09:21:33,18419.40,500,11577200
20221117,09:21:34,18419.40,300,11577200
20221117,09:21:35,18419.40,150,11577200
20221117,09:21:36,18419.40,100,11577200
20221117,09:21:37,18420.00,200,11577200
20221117,09:21:38,18418.95,300,11577200
20221117,09:21:39,18420.00,100,11577200
20221117,09:21:40,18418.10,650,11577200
20221117,09:21:41,18419.95,100,11577200
20221117,09:21:42,18420.00,750,11577200
20221117,09:21:43,18422.00,950,11577200
20221117,09:21:44,18423.00,300,11577200
20221117,09:21:46,18420.90,150,11577200
20221117,09:21:47,18422.05,150,11577200
20221117,09:21:48,18422.05,150,11577200
20221117,09:21:49,18422.05,150,11577200
20221117,09:21:50,18422.00,250,11577200
20221117,09:21:51,18422.05,600,11577200
20221117,09:21:52,18422.05,250,11577200
20221117,09:21:53,18422.05,150,11577200
20221117,09:21:54,18423.00,950,11577200
20221117,09:21:56,18423.00,50,11577200
20221117,09:21:57,18421.00,200,11577200
20221117,09:21:58,18422.90,350,11577200
20221117,09:21:59,18422.90,400,11577200
20221117,09:22:01,18421.05,200,11577200
20221117,09:22:02,18420.40,1200,11577200
20221117,09:22:03,18421.40,50,11577200
20221117,09:22:04,18421.40,50,11577200
20221117,09:22:05,18420.00,450,11577200
20221117,09:22:06,18420.40,50,11577200
20221117,09:22:07,18418.10,250,11577200
20221117,09:22:08,18418.90,200,11577200
20221117,09:22:09,18418.00,1350,11577200
20221117,09:22:10,18419.40,2650,11577200
20221117,09:22:11,18420.05,400,11577200
20221117,09:22:12,18419.05,900,11577200
20221117,09:22:13,18419.25,50,11577200
20221117,09:22:14,18419.25,500,11577200
20221117,09:22:15,18419.25,550,11577200
20221117,09:22:16,18419.00,1600,11577200
20221117,09:22:17,18418.15,150,11577200
20221117,09:22:18,18419.00,800,11577200
20221117,09:22:19,18419.00,200,11577200
20221117,09:22:20,18419.00,450,11577200
20221117,09:22:22,18419.00,900,11577200
20221117,09:22:23,18419.20,1550,11577200
20221117,09:22:24,18419.20,250,11577200
20221117,09:22:25,18419.25,1150,11577200
20221117,09:22:26,18419.20,550,11577200
20221117,09:22:27,18420.00,50,11577200
20221117,09:22:28,18419.60,200,11577200
20221117,09:22:29,18420.05,1100,11577200
20221117,09:22:30,18420.05,750,11577200
20221117,09:22:31,18420.00,1500,11577200
20221117,09:22:32,18420.05,100,11577200
20221117,09:22:33,18422.65,550,11577200
20221117,09:22:35,18421.45,100,11577200
20221117,09:22:37,18421.45,600,11577200
20221117,09:22:38,18422.45,150,11577200
20221117,09:22:39,18423.10,450,11577200
20221117,09:22:40,18421.55,50,11577200
20221117,09:22:41,18423.10,100,11577200
20221117,09:22:43,18424.95,1000,11577200
20221117,09:22:44,18422.50,250,11577200
20221117,09:22:45,18424.55,850,11577200
20221117,09:22:47,18422.55,750,11577200
20221117,09:22:48,18422.55,500,11577200
20221117,09:22:49,18421.90,300,11577200
20221117,09:22:50,18425.00,950,11577200
20221117,09:22:51,18424.40,150,11577200
20221117,09:22:52,18425.00,150,11577200
20221117,09:22:53,18428.00,9650,11577200
20221117,09:22:54,18428.00,1150,11577200
20221117,09:22:55,18426.45,200,11577200
20221117,09:22:56,18427.15,450,11577200
20221117,09:22:57,18427.45,500,11577200
20221117,09:22:58,18428.30,900,11577200
20221117,09:23:00,18428.50,500,11577200
20221117,09:23:00,18428.80,150,11577200
20221117,09:23:01,18429.00,500,11577200
20221117,09:23:02,18428.05,350,11577200
20221117,09:23:03,18427.65,1150,11577200
20221117,09:23:04,18427.35,400,11577200
20221117,09:23:05,18425.05,250,11577200
20221117,09:23:06,18426.45,50,11577200
20221117,09:23:07,18427.35,800,11577200
20221117,09:23:08,18426.55,250,11577200
20221117,09:23:09,18425.05,750,11577200
20221117,09:23:10,18425.75,400,11577200
20221117,09:23:11,18425.90,250,11577200
20221117,09:23:12,18425.90,1050,11577200
20221117,09:23:14,18425.10,350,11577200
20221117,09:23:14,18425.40,100,11577200
20221117,09:23:15,18425.45,1050,11577200
20221117,09:23:16,18425.15,150,11577200
20221117,09:23:17,18425.75,250,11577200
20221117,09:23:18,18424.15,1050,11577200
20221117,09:23:20,18425.00,450,11577200
20221117,09:23:20,18425.00,50,11577200
20221117,09:23:22,18423.50,400,11577200
20221117,09:23:23,18424.45,400,11577200
20221117,09:23:23,18423.20,150,11577200
20221117,09:23:24,18424.70,150,11577200
20221117,09:23:25,18423.25,200,11577200
20221117,09:23:26,18424.40,1050,11577200
20221117,09:23:27,18424.15,150,11577200
20221117,09:23:28,18424.40,150,11577200
20221117,09:23:29,18423.85,100,11577200
20221117,09:23:30,18422.05,850,11577200
20221117,09:23:31,18420.85,1150,11577200
20221117,09:23:32,18420.95,50,11577200
20221117,09:23:33,18420.80,700,11591800
20221117,09:23:34,18421.05,150,11591800
20221117,09:23:36,18420.00,1350,11591800
20221117,09:23:37,18421.15,50,11591800
20221117,09:23:38,18421.30,700,11591800
20221117,09:23:39,18420.00,350,11591800
20221117,09:23:40,18420.85,150,11591800
20221117,09:23:41,18420.20,250,11591800
20221117,09:23:42,18421.10,500,11591800
20221117,09:23:43,18422.05,100,11591800
20221117,09:23:46,18421.95,100,11591800
20221117,09:23:46,18421.35,50,11591800
20221117,09:23:48,18421.80,100,11591800
20221117,09:23:50,18421.55,200,11591800
20221117,09:23:51,18421.50,100,11591800
20221117,09:23:52,18422.00,50,11591800
20221117,09:23:53,18421.80,950,11591800
20221117,09:23:54,18421.60,50,11591800
20221117,09:23:56,18420.75,250,11591800
20221117,09:23:57,18421.50,450,11591800
20221117,09:23:58,18422.75,200,11591800
20221117,09:23:59,18420.75,700,11591800
20221117,09:24:00,18419.20,1450,11591800
20221117,09:24:02,18420.90,100,11591800
20221117,09:24:03,18419.35,150,11591800
20221117,09:24:04,18419.30,200,11591800
20221117,09:24:05,18420.75,200,11591800
20221117,09:24:06,18419.60,350,11591800
20221117,09:24:08,18419.20,500,11591800
20221117,09:24:10,18419.20,150,11591800
20221117,09:24:11,18419.20,200,11591800
20221117,09:24:13,18419.20,150,11591800
20221117,09:24:15,18419.35,300,11591800
20221117,09:24:16,18419.35,50,11591800
20221117,09:24:16,18419.20,1500,11591800
20221117,09:24:17,18419.20,500,11591800
20221117,09:24:18,18419.25,100,11591800
20221117,09:24:19,18419.20,1450,11591800
20221117,09:24:20,18419.75,250,11591800
20221117,09:24:22,18418.95,300,11591800
20221117,09:24:24,18420.45,500,11591800
20221117,09:24:25,18421.00,450,11591800
20221117,09:24:26,18419.75,500,11591800
20221117,09:24:27,18419.70,200,11591800
20221117,09:24:29,18419.65,100,11591800
20221117,09:24:31,18419.80,50,11591800
20221117,09:24:33,18418.05,750,11591800
20221117,09:24:35,18418.00,150,11591800
20221117,09:24:35,18418.00,400,11591800
20221117,09:24:36,18418.00,50,11591800
20221117,09:24:37,18418.75,100,11591800
20221117,09:24:38,18418.30,950,11591800
20221117,09:24:40,18418.90,350,11591800
20221117,09:24:42,18419.80,250,11591800
20221117,09:24:43,18420.00,300,11591800
20221117,09:24:44,18419.90,800,11591800
20221117,09:24:46,18421.95,700,11591800
20221117,09:24:47,18420.05,250,11591800
20221117,09:24:49,18419.65,400,11591800
20221117,09:24:50,18419.70,2900,11591800
20221117,09:24:54,18418.95,50,11591800
20221117,09:24:55,18419.10,150,11591800
20221117,09:24:56,18418.95,100,11591800
20221117,09:24:57,18418.75,50,11591800
20221117,09:24:59,18418.00,250,11591800
20221117,09:25:01,18417.95,200,11591800
20221117,09:25:02,18418.85,200,11591800
20221117,09:25:03,18419.20,600,11591800
20221117,09:25:04,18417.95,800,11591800
20221117,09:25:06,18420.00,300,11591800
20221117,09:25:07,18417.05,300,11591800
20221117,09:25:08,18417.55,200,11591800
20221117,09:25:09,18420.00,100,11591800
20221117,09:25:10,18417.00,300,11591800
20221117,09:25:11,18419.50,150,11591800
20221117,09:25:14,18417.05,50,11591800
20221117,09:25:15,18419.10,150,11591800
20221117,09:25:16,18417.00,300,11591800
20221117,09:25:16,18417.00,200,11591800
20221117,09:25:17,18419.05,2050,11591800
20221117,09:25:18,18417.20,150,11591800
20221117,09:25:19,18416.95,100,11591800
20221117,09:25:20,18416.55,600,11591800
20221117,09:25:22,18417.05,350,11591800
20221117,09:25:23,18417.50,500,11591800
20221117,09:25:24,18417.35,450,11591800
20221117,09:25:25,18417.30,1550,11591800
20221117,09:25:28,18417.30,300,11591800
20221117,09:25:29,18417.30,100,11591800
20221117,09:25:30,18418.55,50,11591800
20221117,09:25:31,18418.55,100,11591800
20221117,09:25:33,18418.55,200,11591800
20221117,09:25:35,18418.55,50,11591800
20221117,09:25:36,18418.00,50,11591800
20221117,09:25:37,18418.00,350,11591800
20221117,09:25:38,18418.55,3200,11591800
20221117,09:25:41,18418.00,1550,11591800
20221117,09:25:42,18415.50,1350,11591800
20221117,09:25:43,18415.00,1750,11591800
20221117,09:25:44,18415.65,100,11591800
20221117,09:25:45,18417.65,100,11591800
20221117,09:25:45,18416.10,50,11591800
20221117,09:25:46,18416.30,200,11591800
20221117,09:25:47,18415.50,100,11591800
20221117,09:25:48,18416.10,50,11591800
20221117,09:25:49,18415.35,50,11591800
20221117,09:25:50,18415.75,1950,11591800
20221117,09:25:51,18417.00,400,11591800
20221117,09:25:53,18416.10,100,11591800
20221117,09:25:54,18417.00,400,11591800
20221117,09:25:54,18416.10,50,11591800
20221117,09:25:56,18417.00,400,11591800
20221117,09:25:57,18417.35,1650,11591800
20221117,09:25:59,18417.50,300,11591800
20221117,09:26:00,18417.50,100,11591800
20221117,09:26:00,18416.80,400,11591800
20221117,09:26:01,18416.90,50,11591800
20221117,09:26:02,18417.05,650,11591800
20221117,09:26:03,18417.20,500,11591800
20221117,09:26:05,18416.05,200,11591800
20221117,09:26:06,18418.00,350,11591800
20221117,09:26:07,18415.65,150,11591800
20221117,09:26:08,18415.55,900,11591800
20221117,09:26:09,18416.95,150,11591800
20221117,09:26:10,18416.95,950,11591800
20221117,09:26:11,18418.60,1200,11591800
20221117,09:26:13,18417.00,300,11591800
20221117,09:26:14,18417.45,50,11591800
20221117,09:26:15,18418.05,150,11591800
20221117,09:26:16,18418.35,200,11591800
20221117,09:26:17,18418.35,50,11591800
20221117,09:26:19,18418.45,550,11591800
20221117,09:26:21,18416.90,50,11591800
20221117,09:26:22,18415.35,300,11591800
20221117,09:26:23,18417.45,100,11591800
20221117,09:26:25,18417.55,150,11591800
20221117,09:26:27,18415.40,400,11591800
20221117,09:26:28,18415.80,850,11591800
20221117,09:26:29,18417.95,450,11591800
20221117,09:26:31,18415.35,100,11591800
20221117,09:26:33,18415.50,100,11591800
20221117,09:26:37,18415.10,200,11591800
20221117,09:26:38,18415.10,100,11591800
20221117,09:26:38,18416.00,100,11591800
20221117,09:26:39,18415.55,100,11591800
20221117,09:26:40,18417.80,500,11591800
20221117,09:26:44,18417.40,50,11591800
20221117,09:26:45,18418.50,50,11591800
20221117,09:26:47,18417.90,150,11591800
20221117,09:26:49,18418.90,50,11591800
20221117,09:26:55,18417.95,100,11591800
20221117,09:26:56,18417.95,50,11591800
20221117,09:26:57,18417.20,200,11591800
20221117,09:26:59,18417.00,650,11591800
20221117,09:27:00,18418.00,2050,11591800
20221117,09:27:00,18418.00,50,11591800
20221117,09:27:01,18418.90,600,11591800
20221117,09:27:02,18419.85,2050,11591800
20221117,09:27:03,18419.95,50,11591800
20221117,09:27:04,18420.00,150,11591800
20221117,09:27:05,18417.95,100,11591800
20221117,09:27:06,18418.95,100,11591800
20221117,09:27:07,18419.60,1950,11591800
20221117,09:27:09,18418.00,250,11591800
20221117,09:27:10,18419.65,50,11591800
20221117,09:27:11,18419.65,200,11591800
20221117,09:27:12,18417.55,300,11591800
20221117,09:27:14,18416.95,50,11591800
20221117,09:27:16,18415.55,50,11591800
20221117,09:27:17,18416.90,50,11591800
20221117,09:27:18,18416.90,100,11591800
20221117,09:27:19,18415.35,50,11591800
20221117,09:27:22,18415.00,150,11591800
20221117,09:27:23,18415.00,950,11591800
20221117,09:27:24,18416.25,1150,11591800
20221117,09:27:25,18416.90,300,11591800
20221117,09:27:26,18416.05,300,11591800
20221117,09:27:27,18417.50,200,11591800
20221117,09:27:29,18418.00,50,11591800
20221117,09:27:30,18418.00,50,11591800
20221117,09:27:31,18416.55,600,11591800
20221117,09:27:33,18416.85,50,11591800
20221117,09:27:34,18419.00,50,11591800
20221117,09:27:36,18419.50,50,11591800
20221117,09:27:38,18419.45,450,11591800
20221117,09:27:41,18416.80,1900,11591800
20221117,09:27:42,18419.60,50,11591800
20221117,09:27:43,18419.00,50,11591800
20221117,09:27:44,18419.30,50,11591800
20221117,09:27:46,18418.15,1050,11591800
20221117,09:27:47,18416.95,300,11591800
20221117,09:27:48,18416.95,50,11591800
20221117,09:27:49,18417.00,250,11591800
20221117,09:27:50,18417.10,100,11591800
20221117,09:27:51,18417.80,100,11591800
20221117,09:27:52,18416.00,50,11591800
20221117,09:27:53,18417.35,50,11591800
20221117,09:27:54,18415.00,1100,11591800
20221117,09:27:56,18417.00,250,11591800
20221117,09:27:58,18416.05,450,11591800
20221117,09:27:59,18418.00,100,11591800
20221117,09:28:00,18418.60,150,11591800
20221117,09:28:01,18419.60,200,11591800
20221117,09:28:02,18419.85,400,11591800
20221117,09:28:03,18419.60,900,11591800
20221117,09:28:05,18420.00,300,11591800
20221117,09:28:06,18419.60,50,11591800
20221117,09:28:07,18419.60,150,11591800
20221117,09:28:08,18420.00,2550,11591800
20221117,09:28:10,18421.95,200,11591800
20221117,09:28:11,18421.95,350,11591800
20221117,09:28:14,18421.05,150,11591800
20221117,09:28:15,18421.95,450,11591800
20221117,09:28:17,18421.95,50,11591800
20221117,09:28:18,18420.00,550,11591800
20221117,09:28:20,18419.60,150,11591800
20221117,09:28:20,18420.00,250,11591800
20221117,09:28:21,18420.00,300,11591800
20221117,09:28:22,18420.60,200,11591800
20221117,09:28:23,18420.60,700,11591800
20221117,09:28:25,18419.10,50,11591800
20221117,09:28:26,18420.55,150,11591800
20221117,09:28:27,18420.60,50,11591800
20221117,09:28:27,18422.00,100,11591800
20221117,09:28:28,18422.10,200,11591800
20221117,09:28:29,18421.50,50,11591800
20221117,09:28:30,18422.60,2300,11591800
20221117,09:28:31,18423.40,200,11591800
20221117,09:28:32,18424.75,300,11591800
20221117,09:28:33,18426.00,1450,11591800
20221117,09:28:34,18424.35,600,11591800
20221117,09:28:35,18427.00,200,11591800
20221117,09:28:37,18427.70,100,11591800
20221117,09:28:38,18426.90,50,11591800
20221117,09:28:39,18427.10,50,11591800
20221117,09:28:40,18427.65,200,11591800
20221117,09:28:41,18427.00,50,11591800
20221117,09:28:45,18427.70,150,11591800
20221117,09:28:46,18427.70,650,11591800
20221117,09:28:47,18427.00,150,11591800
20221117,09:28:48,18428.00,250,11591800
20221117,09:28:50,18426.90,650,11591800
20221117,09:28:51,18428.00,100,11591800
20221117,09:28:52,18427.55,100,11591800
20221117,09:28:53,18426.90,100,11591800
20221117,09:28:54,18428.00,100,11591800
20221117,09:28:56,18427.70,50,11591800
20221117,09:28:58,18425.30,250,11591800
20221117,09:28:59,18425.55,250,11591800
20221117,09:28:59,18425.90,50,11591800
20221117,09:29:01,18426.90,200,11591800
20221117,09:29:02,18427.65,50,11591800
20221117,09:29:03,18427.85,250,11591800
20221117,09:29:04,18427.80,150,11591800
20221117,09:29:05,18427.85,150,11591800
20221117,09:29:06,18427.85,100,11591800
20221117,09:29:07,18425.45,200,11591800
20221117,09:29:08,18425.25,150,11591800
20221117,09:29:09,18425.40,450,11591800
20221117,09:29:10,18425.40,100,11591800
20221117,09:29:11,18425.00,200,11591800
20221117,09:29:12,18425.10,50,11591800
20221117,09:29:13,18425.00,50,11591800
20221117,09:29:14,18425.40,100,11591800
20221117,09:29:16,18425.40,100,11591800
20221117,09:29:17,18424.75,300,11591800
20221117,09:29:18,18425.00,450,11591800
20221117,09:29:19,18425.00,500,11591800
20221117,09:29:20,18425.00,100,11591800
20221117,09:29:20,18425.00,200,11591800
20221117,09:29:21,18425.10,550,11591800
20221117,09:29:23,18424.75,250,11591800
20221117,09:29:24,18424.00,500,11591800
20221117,09:29:25,18423.80,200,11591800
20221117,09:29:26,18422.60,100,11591800
20221117,09:29:28,18424.55,50,11591800
20221117,09:29:30,18424.00,100,11591800
20221117,09:29:31,18425.40,200,11591800
20221117,09:29:32,18425.20,1000,11602750
20221117,09:29:33,18426.00,50,11602750
20221117,09:29:34,18424.00,50,11602750
20221117,09:29:35,18425.80,50,11602750
20221117,09:29:36,18425.95,150,11602750
20221117,09:29:37,18425.40,250,11602750
20221117,09:29:38,18422.60,1050,11602750
20221117,09:29:39,18425.90,250,11602750
20221117,09:29:40,18425.50,100,11602750
20221117,09:29:41,18425.80,100,11602750
20221117,09:29:42,18425.80,250,11602750
20221117,09:29:43,18425.85,1700,11602750
20221117,09:29:47,18423.95,100,11602750
20221117,09:29:48,18423.95,50,11602750
20221117,09:29:50,18422.80,800,11602750
20221117,09:29:52,18422.60,100,11602750
20221117,09:29:53,18423.95,200,11602750
20221117,09:29:54,18422.00,450,11602750
20221117,09:29:58,18421.50,50,11602750
20221117,09:29:59,18422.00,1650,11602750
20221117,09:30:00,18422.00,1100,11602750
20221117,09:30:01,18423.30,1150,11602750
20221117,09:30:03,18425.00,650,11602750
20221117,09:30:04,18423.15,100,11602750
20221117,09:30:05,18423.85,50,11602750
20221117,09:30:06,18423.70,50,11602750
20221117,09:30:07,18422.95,500,11602750
20221117,09:30:09,18423.70,100,11602750
20221117,09:30:10,18423.60,400,11602750
20221117,09:30:12,18423.15,750,11602750
20221117,09:30:13,18422.15,1400,11602750
20221117,09:30:14,18422.50,250,11602750
20221117,09:30:15,18422.40,400,11602750
20221117,09:30:16,18420.85,400,11602750
20221117,09:30:17,18421.10,350,11602750
20221117,09:30:18,18422.80,150,11602750
20221117,09:30:19,18423.00,300,11602750
20221117,09:30:20,18421.40,900,11602750
20221117,09:30:23,18422.00,100,11602750
20221117,09:30:24,18422.00,50,11602750
20221117,09:30:26,18421.20,50,11602750
20221117,09:30:27,18421.60,50,11602750
20221117,09:30:28,18421.45,200,11602750
20221117,09:30:29,18421.30,50,11602750
20221117,09:30:30,18421.90,100,11602750
20221117,09:30:32,18421.45,1100,11602750
20221117,09:30:32,18421.25,100,11602750
20221117,09:30:34,18421.50,200,11602750
20221117,09:30:35,18422.70,1650,11602750
20221117,09:30:36,18423.00,50,11602750
20221117,09:30:37,18422.00,2150,11602750
20221117,09:30:40,18422.00,550,11602750
20221117,09:30:41,18421.90,50,11602750
20221117,09:30:44,18421.50,100,11602750
20221117,09:30:46,18421.20,700,11602750
20221117,09:30:47,18420.20,250,11602750
20221117,09:30:48,18420.20,150,11602750
20221117,09:30:49,18420.05,100,11602750
20221117,09:30:51,18420.60,1750,11602750
20221117,09:30:51,18418.10,750,11602750
20221117,09:30:53,18418.00,400,11602750
20221117,09:30:53,18419.00,1250,11602750
20221117,09:30:54,18418.00,550,11602750
20221117,09:30:56,18417.25,100,11602750
20221117,09:30:57,18417.20,200,11602750
20221117,09:30:58,18417.00,450,11602750
20221117,09:30:59,18415.70,850,11602750
20221117,09:31:01,18416.85,100,11602750
20221117,09:31:02,18416.10,350,11602750
20221117,09:31:03,18415.45,1300,11602750
20221117,09:31:04,18416.80,900,11602750
20221117,09:31:05,18415.00,900,11602750
20221117,09:31:05,18413.10,250,11602750
20221117,09:31:07,18413.85,750,11602750
20221117,09:31:08,18413.85,350,11602750
20221117,09:31:09,18412.00,3000,11602750
20221117,09:31:10,18413.85,150,11602750
20221117,09:31:10,18413.85,200,11602750
20221117,09:31:11,18411.85,700,11602750
20221117,09:31:13,18413.80,1900,11602750
20221117,09:31:14,18413.80,100,11602750
20221117,09:31:15,18413.15,250,11602750
20221117,09:31:16,18412.20,100,11602750
20221117,09:31:17,18412.15,50,11602750
20221117,09:31:17,18412.80,150,11602750
20221117,09:31:20,18411.60,350,11602750
20221117,09:31:21,18411.65,1150,11602750
20221117,09:31:22,18412.20,950,11602750
20221117,09:31:23,18413.45,1800,11602750
20221117,09:31:25,18411.70,350,11602750
20221117,09:31:26,18412.35,50,11602750
20221117,09:31:27,18411.05,1050,11602750
20221117,09:31:28,18410.55,1000,11602750
20221117,09:31:29,18412.35,1900,11602750
20221117,09:31:29,18412.35,50,11602750
20221117,09:31:31,18412.35,1100,11602750
20221117,09:31:32,18411.00,300,11602750
20221117,09:31:33,18411.05,200,11602750
20221117,09:31:34,18410.20,2100,11602750
20221117,09:31:35,18411.05,2000,11602750
20221117,09:31:35,18411.20,50,11602750
20221117,09:31:37,18410.90,2700,11602750
20221117,09:31:38,18411.40,800,11602750
20221117,09:31:39,18410.20,2300,11602750
20221117,09:31:40,18410.20,250,11602750
20221117,09:31:41,18412.30,200,11602750
20221117,09:31:42,18410.30,150,11602750
20221117,09:31:43,18412.05,2750,11602750
20221117,09:31:44,18409.45,2600,11602750
20221117,09:31:46,18409.45,1500,11602750
20221117,09:31:48,18410.20,100,11602750
20221117,09:31:49,18408.85,550,11602750
20221117,09:31:51,18410.20,400,11602750
20221117,09:31:52,18410.00,200,11602750
20221117,09:31:53,18409.60,100,11602750
20221117,09:31:54,18409.95,150,11602750
20221117,09:31:56,18409.95,50,11602750
20221117,09:31:57,18409.95,50,11602750
20221117,09:31:58,18408.60,600,11602750
20221117,09:31:59,18408.65,500,11602750
20221117,09:32:00,18409.95,800,11602750
20221117,09:32:00,18409.95,200,11602750
20221117,09:32:02,18409.00,550,11602750
20221117,09:32:03,18409.15,350,11602750
20221117,09:32:04,18410.60,5000,11602750
20221117,09:32:05,18409.55,250,11602750
20221117,09:32:06,18409.50,50,11602750
20221117,09:32:08,18410.10,400,11602750
20221117,09:32:09,18410.70,150,11602750
20221117,09:32:10,18411.10,100,11602750
20221117,09:32:11,18410.90,250,11602750
20221117,09:32:11,18411.75,50,11602750
20221117,09:32:13,18412.45,200,11602750
20221117,09:32:14,18411.35,350,11602750
20221117,09:32:15,18411.30,100,11602750
20221117,09:32:16,18412.70,450,11602750
20221117,09:32:18,18414.45,650,11602750
20221117,09:32:19,18415.00,400,11602750
20221117,09:32:20,18414.20,450,11602750
20221117,09:32:21,18414.40,350,11602750
20221117,09:32:22,18414.00,900,11602750
20221117,09:32:23,18415.75,500,11602750
20221117,09:32:24,18413.35,300,11602750
20221117,09:32:25,18413.75,650,11602750
20221117,09:32:26,18414.50,150,11602750
20221117,09:32:27,18415.00,300,11602750
20221117,09:32:28,18412.00,450,11602750
20221117,09:32:31,18411.00,100,11602750
20221117,09:32:32,18409.50,1300,11602750
20221117,09:32:34,18409.60,100,11631500
20221117,09:32:35,18410.40,150,11631500
20221117,09:32:37,18412.00,300,11631500
20221117,09:32:38,18412.10,50,11631500
20221117,09:32:39,18412.45,300,11631500
20221117,09:32:40,18411.15,700,11631500
20221117,09:32:41,18410.05,50,11631500
20221117,09:32:43,18413.60,200,11631500
20221117,09:32:44,18411.10,100,11631500
20221117,09:32:46,18410.90,50,11631500
20221117,09:32:47,18413.10,600,11631500
20221117,09:32:48,18410.20,200,11631500
20221117,09:32:49,18410.10,150,11631500
20221117,09:32:50,18410.10,50,11631500
20221117,09:32:51,18410.50,100,11631500
20221117,09:32:52,18410.10,350,11631500
20221117,09:32:55,18410.10,150,11631500
20221117,09:32:56,18411.65,650,11631500
20221117,09:32:57,18411.70,100,11631500
20221117,09:32:58,18410.25,100,11631500
20221117,09:32:59,18410.00,200,11631500
20221117,09:33:00,18411.70,200,11631500
20221117,09:33:01,18410.10,100,11631500
20221117,09:33:02,18410.40,250,11631500
20221117,09:33:03,18412.45,350,11631500
20221117,09:33:04,18411.95,200,11631500
20221117,09:33:05,18412.95,350,11631500
20221117,09:33:06,18413.05,1150,11631500
20221117,09:33:08,18413.80,300,11631500
20221117,09:33:10,18414.00,200,11631500
20221117,09:33:11,18414.95,2950,11631500
20221117,09:33:12,18411.90,650,11631500
20221117,09:33:14,18412.00,50,11631500
20221117,09:33:15,18412.10,50,11631500
20221117,09:33:17,18412.60,400,11631500
20221117,09:33:18,18412.55,350,11631500
20221117,09:33:19,18413.95,550,11631500
20221117,09:33:21,18413.00,250,11631500
20221117,09:33:22,18412.05,150,11631500
20221117,09:33:23,18412.00,50,11631500
20221117,09:33:27,18412.00,200,11631500
20221117,09:33:28,18412.05,50,11631500
20221117,09:33:29,18412.95,550,11631500
20221117,09:33:30,18413.15,100,11631500
20221117,09:33:31,18415.00,750,11631500
20221117,09:33:32,18418.55,3400,11631500
20221117,09:33:33,18418.05,150,11631500
20221117,09:33:35,18417.20,600,11631500
20221117,09:33:36,18419.15,500,11631500
20221117,09:33:37,18419.15,100,11631500
20221117,09:33:39,18419.80,50,11631500
20221117,09:33:40,18420.00,50,11631500
20221117,09:33:41,18420.00,250,11631500
20221117,09:33:42,18421.00,400,11631500
20221117,09:33:43,18421.45,50,11631500
20221117,09:33:44,18421.75,150,11631500
20221117,09:33:46,18422.00,150,11631500
20221117,09:33:47,18420.45,50,11631500
20221117,09:33:48,18422.60,150,11631500
20221117,09:33:49,18421.00,50,11631500
20221117,09:33:50,18421.70,300,11631500
20221117,09:33:51,18420.00,1900,11631500
20221117,09:33:52,18422.30,750,11631500
20221117,09:33:53,18421.75,150,11631500
20221117,09:33:54,18419.15,100,11631500
20221117,09:33:55,18422.15,350,11631500
20221117,09:33:56,18420.05,1950,11631500
20221117,09:33:57,18420.00,350,11631500
20221117,09:33:58,18418.05,1300,11631500
20221117,09:33:59,18418.05,2850,11631500
20221117,09:34:00,18417.80,650,11631500
20221117,09:34:01,18417.25,200,11631500
20221117,09:34:02,18421.05,150,11631500
20221117,09:34:03,18419.95,150,11631500
20221117,09:34:04,18417.00,250,11631500
20221117,09:34:05,18416.60,600,11631500
20221117,09:34:06,18416.60,350,11631500
20221117,09:34:07,18415.35,100,11631500
20221117,09:34:08,18415.50,200,11631500
20221117,09:34:09,18415.00,400,11631500
20221117,09:34:10,18415.25,300,11631500
20221117,09:34:11,18415.45,400,11631500
20221117,09:34:12,18415.00,750,11631500
20221117,09:34:13,18414.00,150,11631500
20221117,09:34:14,18413.40,100,11631500
20221117,09:34:15,18414.65,100,11631500
20221117,09:34:16,18414.85,50,11631500
20221117,09:34:17,18412.35,350,11631500
20221117,09:34:18,18414.80,150,11631500
20221117,09:34:20,18412.50,500,11631500
20221117,09:34:21,18414.85,150,11631500
20221117,09:34:22,18416.25,1350,11631500
20221117,09:34:23,18415.00,500,11631500
20221117,09:34:24,18414.40,150,11631500
20221117,09:34:25,18414.25,50,11631500
20221117,09:34:26,18416.20,50,11631500
20221117,09:34:27,18415.00,200,11631500
20221117,09:34:28,18415.25,350,11631500
20221117,09:34:29,18415.00,50,11631500
20221117,09:34:30,18415.00,100,11631500
20221117,09:34:31,18415.15,2300,11631500
20221117,09:34:32,18415.00,1000,11631500
20221117,09:34:33,18416.00,150,11631500
20221117,09:34:34,18415.00,400,11631500
20221117,09:34:35,18415.00,250,11631500
20221117,09:34:37,18414.05,50,11631500
20221117,09:34:38,18415.00,100,11631500
20221117,09:34:39,18414.05,400,11631500
20221117,09:34:40,18413.15,250,11631500
20221117,09:34:41,18414.10,550,11631500
20221117,09:34:42,18415.00,50,11631500
20221117,09:34:43,18414.30,100,11631500
20221117,09:34:44,18414.95,100,11631500
20221117,09:34:45,18415.00,550,11631500
20221117,09:34:46,18415.00,300,11631500
20221117,09:34:48,18414.90,100,11631500
20221117,09:34:51,18415.40,100,11631500
20221117,09:34:53,18415.35,50,11631500
20221117,09:34:56,18415.65,50,11631500
20221117,09:34:57,18414.90,100,11631500
20221117,09:35:00,18415.00,400,11631500
20221117,09:35:01,18415.65,150,11631500
20221117,09:35:02,18414.95,350,11631500
20221117,09:35:03,18416.65,1000,11631500
20221117,09:35:05,18417.65,950,11631500
20221117,09:35:06,18417.50,150,11631500
20221117,09:35:07,18417.25,100,11631500
20221117,09:35:08,18415.65,300,11631500
20221117,09:35:09,18416.45,200,11631500
20221117,09:35:10,18419.65,1750,11631500
20221117,09:35:11,18416.50,1050,11631500
20221117,09:35:12,18417.90,450,11631500
20221117,09:35:14,18417.40,200,11631500
20221117,09:35:15,18418.30,650,11631500
20221117,09:35:17,18419.45,300,11631500
20221117,09:35:18,18418.55,50,11631500
20221117,09:35:20,18418.60,2100,11631500
20221117,09:35:20,18418.60,300,11631500
20221117,09:35:21,18417.80,550,11631500
20221117,09:35:22,18417.05,2250,11631500
20221117,09:35:23,18420.00,1350,11631500
20221117,09:35:24,18419.95,1550,11631500
20221117,09:35:25,18420.75,450,11631500
20221117,09:35:26,18419.05,650,11631500
20221117,09:35:27,18418.50,200,11631500
20221117,09:35:28,18417.25,250,11631500
20221117,09:35:29,18418.55,300,11631500
20221117,09:35:30,18417.00,150,11631500
20221117,09:35:31,18418.30,150,11631500
20221117,09:35:33,18416.00,200,11631500
20221117,09:35:34,18415.00,150,11651400
20221117,09:35:35,18415.00,50,11651400
20221117,09:35:37,18415.00,50,11651400
20221117,09:35:39,18415.00,200,11651400
20221117,09:35:40,18414.35,50,11651400
20221117,09:35:41,18415.35,1250,11651400
20221117,09:35:42,18415.35,450,11651400
20221117,09:35:43,18415.00,50,11651400
20221117,09:35:45,18417.70,150,11651400
20221117,09:35:46,18415.55,450,11651400
20221117,09:35:47,18415.00,450,11651400
20221117,09:35:48,18414.00,450,11651400
20221117,09:35:50,18414.25,500,11651400
20221117,09:35:51,18415.00,350,11651400
20221117,09:35:52,18415.25,150,11651400
20221117,09:35:53,18415.05,450,11651400
20221117,09:35:58,18415.00,100,11651400
20221117,09:35:59,18416.75,150,11651400
20221117,09:36:00,18415.00,350,11651400
20221117,09:36:02,18414.05,250,11651400
20221117,09:36:02,18415.00,50,11651400
20221117,09:36:03,18415.00,200,11651400
20221117,09:36:04,18415.00,50,11651400
20221117,09:36:05,18414.00,400,11651400
20221117,09:36:07,18413.95,100,11651400
20221117,09:36:09,18413.80,50,11651400
20221117,09:36:10,18413.45,150,11651400
20221117,09:36:11,18414.95,150,11651400
20221117,09:36:13,18413.45,100,11651400
20221117,09:36:14,18413.45,50,11651400
20221117,09:36:15,18413.75,50,11651400
20221117,09:36:17,18413.40,50,11651400
20221117,09:36:19,18413.15,100,11651400
20221117,09:36:20,18413.70,100,11651400
20221117,09:36:21,18413.10,50,11651400
20221117,09:36:22,18413.05,50,11651400
20221117,09:36:23,18412.05,150,11651400
20221117,09:36:25,18412.05,100,11651400
20221117,09:36:25,18413.05,50,11651400
20221117,09:36:26,18412.00,150,11651400
20221117,09:36:27,18413.05,100,11651400
20221117,09:36:28,18412.00,50,11651400
20221117,09:36:29,18412.00,50,11651400
20221117,09:36:31,18412.10,1350,11651400
20221117,09:36:31,18412.30,50,11651400
20221117,09:36:32,18412.00,1050,11651400
20221117,09:36:33,18411.75,300,11651400
20221117,09:36:34,18412.00,250,11651400
20221117,09:36:36,18412.05,550,11651400
20221117,09:36:36,18412.80,100,11651400
20221117,09:36:37,18413.00,250,11651400
20221117,09:36:38,18413.15,200,11651400
20221117,09:36:39,18415.05,650,11651400
20221117,09:36:40,18418.00,600,11651400
20221117,09:36:41,18416.30,100,11651400
20221117,09:36:42,18417.20,500,11651400
20221117,09:36:43,18416.60,100,11651400
20221117,09:36:44,18416.90,500,11651400
20221117,09:36:45,18416.40,200,11651400
20221117,09:36:46,18416.00,200,11651400
20221117,09:36:48,18416.40,550,11651400
20221117,09:36:49,18415.85,600,11651400
20221117,09:36:50,18415.95,300,11651400
20221117,09:36:51,18418.10,100,11651400
20221117,09:36:52,18416.65,400,11651400
20221117,09:36:53,18418.00,400,11651400
20221117,09:36:54,18415.95,50,11651400
20221117,09:36:55,18415.95,400,11651400
20221117,09:36:56,18416.20,100,11651400
20221117,09:36:57,18417.70,50,11651400
20221117,09:36:58,18416.15,50,11651400
20221117,09:37:00,18415.95,300,11651400
20221117,09:37:02,18416.05,650,11651400
20221117,09:37:03,18416.00,250,11651400
20221117,09:37:04,18415.00,250,11651400
20221117,09:37:05,18417.95,1450,11651400
20221117,09:37:06,18418.00,150,11651400
20221117,09:37:07,18415.50,550,11651400
20221117,09:37:08,18416.10,150,11651400
20221117,09:37:09,18418.80,50,11651400
20221117,09:37:10,18416.85,200,11651400
20221117,09:37:12,18417.95,100,11651400
20221117,09:37:14,18418.80,50,11651400
20221117,09:37:15,18418.00,100,11651400
20221117,09:37:20,18418.00,50,11651400
20221117,09:37:21,18417.95,50,11651400
20221117,09:37:21,18418.40,50,11651400
20221117,09:37:22,18417.05,100,11651400
20221117,09:37:23,18418.45,100,11651400
20221117,09:37:24,18417.05,150,11651400
20221117,09:37:26,18417.50,150,11651400
20221117,09:37:27,18417.40,150,11651400
20221117,09:37:28,18417.20,50,11651400
20221117,09:37:30,18417.80,50,11651400
20221117,09:37:31,18417.80,250,11651400
20221117,09:37:32,18417.15,200,11651400
20221117,09:37:35,18420.00,200,11651400
20221117,09:37:35,18419.00,50,11651400
20221117,09:37:36,18417.10,300,11651400
20221117,09:37:37,18417.10,100,11651400
20221117,09:37:39,18417.10,50,11651400
20221117,09:37:40,18417.10,50,11651400
20221117,09:37:42,18418.40,50,11651400
20221117,09:37:44,18417.95,200,11651400
20221117,09:37:45,18417.10,50,11651400
20221117,09:37:46,18416.70,300,11651400
20221117,09:37:47,18417.95,600,11651400
20221117,09:37:48,18416.15,100,11651400
20221117,09:37:49,18416.30,250,11651400
20221117,09:37:50,18415.70,100,11651400
20221117,09:37:52,18416.30,100,11651400
20221117,09:37:53,18416.25,100,11651400
20221117,09:37:54,18419.90,1050,11651400
20221117,09:37:55,18417.50,900,11651400
20221117,09:37:56,18417.00,400,11651400
20221117,09:37:57,18416.60,200,11651400
20221117,09:37:59,18417.50,100,11651400
20221117,09:38:00,18416.65,50,11651400
20221117,09:38:02,18417.60,50,11651400
20221117,09:38:03,18419.35,50,11651400
20221117,09:38:04,18419.35,50,11651400
20221117,09:38:05,18419.35,200,11651400
20221117,09:38:06,18418.25,150,11651400
20221117,09:38:08,18417.35,100,11651400
20221117,09:38:09,18419.70,50,11651400
20221117,09:38:11,18418.05,50,11651400
20221117,09:38:12,18418.05,700,11651400
20221117,09:38:14,18418.05,250,11651400
20221117,09:38:15,18418.05,300,11651400
20221117,09:38:16,18418.05,50,11651400
20221117,09:38:17,18420.15,700,11651400
20221117,09:38:18,18420.60,150,11651400
20221117,09:38:19,18421.95,100,11651400
20221117,09:38:21,18420.00,150,11651400
20221117,09:38:22,18420.00,300,11651400
20221117,09:38:23,18420.00,150,11651400
20221117,09:38:24,18420.00,50,11651400
20221117,09:38:25,18420.00,1400,11651400
20221117,09:38:26,18419.00,50,11651400
20221117,09:38:27,18420.00,350,11651400
20221117,09:38:28,18418.40,100,11651400
20221117,09:38:29,18418.45,200,11651400
20221117,09:38:30,18420.95,200,11651400
20221117,09:38:31,18419.95,200,11651400
20221117,09:38:32,18419.95,50,11651400
20221117,09:38:33,18419.70,250,11622950
20221117,09:38:35,18420.85,100,11622950
20221117,09:38:36,18421.95,50,11622950
20221117,09:38:37,18419.95,150,11622950
20221117,09:38:38,18420.05,50,11622950
20221117,09:38:40,18420.05,250,11622950
20221117,09:38:42,18421.30,100,11622950
20221117,09:38:43,18421.30,50,11622950
20221117,09:38:46,18421.75,200,11622950
20221117,09:38:47,18420.05,200,11622950
20221117,09:38:48,18420.05,150,11622950
20221117,09:38:50,18420.85,250,11622950
20221117,09:38:51,18419.55,250,11622950
20221117,09:38:52,18419.45,50,11622950
20221117,09:38:54,18420.00,50,11622950
20221117,09:38:56,18418.60,300,11622950
20221117,09:38:57,18418.20,50,11622950
20221117,09:38:58,18418.20,150,11622950
20221117,09:38:59,18418.05,50,11622950
20221117,09:39:00,18418.05,50,11622950
20221117,09:39:01,18418.05,350,11622950
20221117,09:39:03,18417.40,1100,11622950
20221117,09:39:04,18416.20,600,11622950
20221117,09:39:05,18416.00,500,11622950
20221117,09:39:06,18415.55,50,11622950
20221117,09:39:07,18415.90,1800,11622950
20221117,09:39:08,18416.05,100,11622950
20221117,09:39:09,18415.55,350,11622950
20221117,09:39:09,18415.55,50,11622950
20221117,09:39:10,18415.55,400,11622950
20221117,09:39:11,18415.00,450,11622950
20221117,09:39:13,18415.00,550,11622950
20221117,09:39:14,18415.00,250,11622950
20221117,09:39:15,18415.00,200,11622950
20221117,09:39:16,18415.00,50,11622950
20221117,09:39:17,18415.05,300,11622950
20221117,09:39:19,18415.40,250,11622950
20221117,09:39:20,18415.05,300,11622950
20221117,09:39:21,18416.65,100,11622950
20221117,09:39:22,18417.10,50,11622950
20221117,09:39:23,18416.70,250,11622950
20221117,09:39:24,18416.10,350,11622950
20221117,09:39:25,18416.35,950,11622950
20221117,09:39:26,18416.35,50,11622950
20221117,09:39:28,18416.30,100,11622950
20221117,09:39:29,18416.05,50,11622950
20221117,09:39:30,18416.30,50,11622950
20221117,09:39:31,18416.30,50,11622950
20221117,09:39:34,18416.25,100,11622950
20221117,09:39:35,18416.15,250,11622950
20221117,09:39:36,18416.05,200,11622950
20221117,09:39:37,18416.00,100,11622950
20221117,09:39:40,18415.90,100,11622950
20221117,09:39:43,18418.10,250,11622950
20221117,09:39:45,18415.15,300,11622950
20221117,09:39:46,18415.35,300,11622950
20221117,09:39:47,18415.00,250,11622950
20221117,09:39:47,18415.40,50,11622950
20221117,09:39:48,18415.00,1850,11622950
20221117,09:39:49,18415.00,50,11622950
20221117,09:39:51,18415.00,700,11622950
20221117,09:39:52,18418.20,500,11622950
20221117,09:39:53,18416.50,200,11622950
20221117,09:39:54,18416.35,350,11622950
20221117,09:39:56,18415.45,150,11622950
20221117,09:39:57,18415.50,50,11622950
20221117,09:40:01,18416.35,50,11622950
20221117,09:40:03,18414.05,900,11622950
20221117,09:40:04,18413.10,850,11622950
20221117,09:40:05,18413.10,350,11622950
20221117,09:40:05,18413.05,50,11622950
20221117,09:40:06,18416.45,800,11622950
20221117,09:40:08,18413.15,950,11622950
20221117,09:40:09,18413.10,650,11622950
20221117,09:40:10,18413.05,100,11622950
20221117,09:40:12,18413.55,50,11622950
20221117,09:40:14,18414.15,250,11622950
20221117,09:40:15,18414.45,300,11622950
20221117,09:40:16,18414.50,50,11622950
20221117,09:40:17,18414.40,50,11622950
20221117,09:40:20,18415.20,150,11622950
20221117,09:40:22,18415.50,450,11622950
20221117,09:40:22,18415.15,300,11622950
20221117,09:40:24,18415.30,150,11622950
20221117,09:40:26,18415.20,100,11622950
20221117,09:40:34,18416.35,200,11622950
20221117,09:40:39,18416.00,50,11622950
20221117,09:40:40,18416.65,50,11622950
20221117,09:40:44,18416.35,50,11622950
20221117,09:40:46,18416.70,50,11622950
20221117,09:40:47,18416.70,50,11622950
20221117,09:40:49,18416.70,100,11622950
20221117,09:40:55,18416.70,150,11622950
20221117,09:40:56,18417.55,50,11622950
20221117,09:40:57,18417.15,50,11622950
20221117,09:40:59,18417.65,50,11622950
20221117,09:41:01,18418.00,100,11622950
20221117,09:41:02,18418.00,100,11622950
20221117,09:41:05,18418.00,400,11622950
20221117,09:41:06,18416.55,100,11622950
20221117,09:41:08,18417.70,50,11622950
20221117,09:41:17,18417.15,50,11622950
20221117,09:41:18,18417.15,100,11622950
20221117,09:41:20,18417.15,100,11622950
20221117,09:41:21,18417.70,200,11622950
20221117,09:41:22,18416.50,350,11622950
20221117,09:41:23,18418.00,50,11622950
20221117,09:41:24,18417.70,50,11622950
20221117,09:41:24,18418.00,150,11622950
20221117,09:41:27,18416.50,1850,11622950
20221117,09:41:28,18414.95,500,11622950
20221117,09:41:29,18417.25,50,11622950
20221117,09:41:30,18414.80,50,11622950
20221117,09:41:33,18415.90,150,11622950
20221117,09:41:34,18414.85,100,11622950
20221117,09:41:35,18414.20,50,11625350
20221117,09:41:36,18414.10,100,11625350
20221117,09:41:37,18414.95,50,11625350
20221117,09:41:40,18414.05,50,11625350
20221117,09:41:41,18414.05,250,11625350
20221117,09:41:42,18413.00,150,11625350
20221117,09:41:43,18413.00,50,11625350
20221117,09:41:44,18414.05,50,11625350
20221117,09:41:49,18413.75,50,11625350
20221117,09:41:51,18413.00,200,11625350
20221117,09:41:51,18413.00,50,11625350
20221117,09:41:56,18413.00,100,11625350
20221117,09:41:57,18412.00,1650,11625350
20221117,09:41:58,18412.00,100,11625350
20221117,09:41:59,18411.50,250,11625350
20221117,09:42:00,18411.60,100,11625350
20221117,09:42:01,18411.70,900,11625350
20221117,09:42:01,18411.90,150,11625350
20221117,09:42:03,18412.70,200,11625350
20221117,09:42:05,18411.90,50,11625350
20221117,09:42:06,18412.95,200,11625350
20221117,09:42:08,18413.00,450,11625350
20221117,09:42:09,18413.00,600,11625350
20221117,09:42:10,18412.60,50,11625350
20221117,09:42:11,18412.55,50,11625350
20221117,09:42:13,18413.50,150,11625350
20221117,09:42:14,18412.90,100,11625350
20221117,09:42:15,18412.90,50,11625350
20221117,09:42:16,18412.95,50,11625350
20221117,09:42:17,18413.00,350,11625350
20221117,09:42:18,18413.00,100,11625350
20221117,09:42:18,18413.40,100,11625350
20221117,09:42:19,18413.10,100,11625350
20221117,09:42:22,18413.15,100,11625350
20221117,09:42:25,18413.00,200,11625350
20221117,09:42:25,18412.15,150,11625350
20221117,09:42:26,18412.75,50,11625350
20221117,09:42:28,18412.60,450,11625350
20221117,09:42:29,18410.95,900,11625350
20221117,09:42:30,18410.00,500,11625350
20221117,09:42:34,18410.80,200,11625350
20221117,09:42:35,18410.00,1300,11625350
20221117,09:42:36,18410.00,400,11625350
20221117,09:42:37,18410.00,100,11625350
20221117,09:42:38,18411.55,100,11625350
20221117,09:42:40,18412.35,150,11625350
20221117,09:42:41,18410.50,1250,11625350
20221117,09:42:42,18411.25,350,11625350
20221117,09:42:43,18413.85,350,11625350
20221117,09:42:43,18411.20,50,11625350
20221117,09:42:45,18411.25,250,11625350
20221117,09:42:46,18411.30,550,11625350
20221117,09:42:47,18412.00,300,11625350
20221117,09:42:48,18412.00,650,11625350
20221117,09:42:49,18412.25,250,11625350
20221117,09:42:49,18412.20,100,11625350
20221117,09:42:52,18413.00,100,11625350
20221117,09:42:55,18411.75,2850,11625350
20221117,09:42:57,18414.40,850,11625350
20221117,09:42:58,18410.35,1800,11625350
20221117,09:42:59,18412.90,450,11625350
20221117,09:43:00,18410.20,50,11625350
20221117,09:43:01,18410.10,100,11625350
20221117,09:43:02,18410.00,450,11625350
20221117,09:43:03,18410.00,100,11625350
20221117,09:43:04,18410.00,1400,11625350
20221117,09:43:05,18410.00,500,11625350
20221117,09:43:09,18411.05,50,11625350
20221117,09:43:10,18411.20,200,11625350
20221117,09:43:12,18410.45,50,11625350
20221117,09:43:14,18412.35,400,11625350
20221117,09:43:15,18410.55,200,11625350
20221117,09:43:16,18410.60,100,11625350
20221117,09:43:17,18411.20,100,11625350
20221117,09:43:18,18410.95,50,11625350
20221117,09:43:18,18411.20,50,11625350
20221117,09:43:20,18412.00,150,11625350
20221117,09:43:21,18411.40,150,11625350
20221117,09:43:24,18411.75,150,11625350
20221117,09:43:24,18412.00,150,11625350
20221117,09:43:25,18414.65,500,11625350
20221117,09:43:27,18412.70,250,11625350
20221117,09:43:33,18412.05,100,11625350
20221117,09:43:37,18410.50,100,11625350
20221117,09:43:38,18410.65,50,11625350
20221117,09:43:42,18410.00,150,11625350
20221117,09:43:44,18410.00,150,11625350
20221117,09:43:45,18411.20,400,11625350
20221117,09:43:46,18411.35,150,11625350
20221117,09:43:48,18411.95,250,11625350
20221117,09:43:49,18412.70,150,11625350
20221117,09:43:50,18412.80,50,11625350
20221117,09:43:55,18412.80,50,11625350
20221117,09:43:56,18413.75,50,11625350
20221117,09:44:01,18412.75,400,11625350
20221117,09:44:02,18412.75,100,11625350
20221117,09:44:03,18412.00,500,11625350
20221117,09:44:05,18412.75,850,11625350
20221117,09:44:06,18412.20,650,11625350
20221117,09:44:07,18411.45,200,11625350
20221117,09:44:09,18412.20,450,11625350
20221117,09:44:11,18412.00,50,11625350
20221117,09:44:12,18411.20,200,11625350
20221117,09:44:14,18414.00,3000,11625350
20221117,09:44:18,18414.80,100,11625350
20221117,09:44:20,18415.00,100,11625350
20221117,09:44:21,18414.80,150,11625350
20221117,09:44:23,18415.90,500,11625350
20221117,09:44:25,18415.90,50,11625350
20221117,09:44:27,18415.35,50,11625350
20221117,09:44:28,18415.90,100,11625350
20221117,09:44:29,18416.00,150,11625350
20221117,09:44:30,18416.00,150,11625350
20221117,09:44:31,18417.80,250,11625350
20221117,09:44:33,18415.80,50,11625350
20221117,09:44:34,18417.95,250,11625350
20221117,09:44:35,18416.80,100,11634300
20221117,09:44:36,18416.00,100,11634300
20221117,09:44:39,18416.00,150,11634300
20221117,09:44:40,18416.60,50,11634300
20221117,09:44:45,18416.00,50,11634300
20221117,09:44:48,18415.00,1850,11634300
20221117,09:44:49,18413.05,450,11634300
20221117,09:44:50,18414.90,600,11634300
20221117,09:44:52,18413.45,350,11634300
20221117,09:44:55,18414.70,550,11634300
20221117,09:44:56,18413.80,200,11634300
20221117,09:44:57,18414.65,550,11634300
20221117,09:44:58,18414.65,600,11634300
20221117,09:44:59,18415.80,100,11634300
20221117,09:45:00,18414.65,200,11634300
20221117,09:45:01,18414.65,100,11634300
20221117,09:45:02,18414.65,100,11634300
20221117,09:45:03,18413.80,150,11634300
20221117,09:45:04,18414.60,150,11634300
20221117,09:45:05,18413.80,350,11634300
20221117,09:45:06,18413.15,950,11634300
20221117,09:45:07,18413.20,150,11634300
20221117,09:45:08,18413.05,150,11634300
20221117,09:45:09,18412.00,1350,11634300
20221117,09:45:10,18411.95,250,11634300
20221117,09:45:11,18412.00,50,11634300
20221117,09:45:13,18412.00,150,11634300
20221117,09:45:14,18411.85,50,11634300
20221117,09:45:17,18411.80,200,11634300
20221117,09:45:18,18411.85,100,11634300
20221117,09:45:19,18410.00,600,11634300
20221117,09:45:20,18410.00,150,11634300
20221117,09:45:21,18410.00,50,11634300
20221117,09:45:22,18410.95,50,11634300
20221117,09:45:23,18411.00,300,11634300
20221117,09:45:25,18411.05,50,11634300
20221117,09:45:27,18411.45,100,11634300
20221117,09:45:28,18411.45,150,11634300
20221117,09:45:29,18411.05,50,11634300
20221117,09:45:31,18411.55,200,11634300
20221117,09:45:32,18410.15,600,11634300
20221117,09:45:33,18409.00,500,11634300
20221117,09:45:34,18408.75,150,11634300
20221117,09:45:35,18408.75,500,11634300
20221117,09:45:36,18410.10,450,11634300
20221117,09:45:37,18410.85,450,11634300
20221117,09:45:38,18411.00,350,11634300
20221117,09:45:40,18411.00,700,11634300
20221117,09:45:41,18411.75,900,11634300
20221117,09:45:42,18408.75,250,11634300
20221117,09:45:43,18410.75,300,11634300
20221117,09:45:44,18407.05,2850,11634300
20221117,09:45:45,18408.45,800,11634300
20221117,09:45:46,18410.25,300,11634300
20221117,09:45:47,18408.40,50,11634300
20221117,09:45:48,18408.40,250,11634300
20221117,09:45:49,18407.65,450,11634300
20221117,09:45:50,18408.90,1400,11634300
20221117,09:45:51,18410.00,600,11634300
20221117,09:45:52,18409.45,250,11634300
20221117,09:45:53,18408.60,300,11634300
20221117,09:45:54,18407.90,600,11634300
20221117,09:45:55,18409.30,150,11634300
20221117,09:45:56,18408.50,200,11634300
20221117,09:45:57,18408.80,150,11634300
20221117,09:45:58,18409.85,900,11634300
20221117,09:45:59,18410.00,100,11634300
20221117,09:46:00,18407.60,600,11634300
20221117,09:46:01,18408.70,300,11634300
20221117,09:46:02,18407.30,350,11634300
20221117,09:46:03,18407.80,300,11634300
20221117,09:46:04,18407.25,350,11634300
20221117,09:46:05,18407.00,2300,11634300
20221117,09:46:06,18406.95,150,11634300
20221117,09:46:07,18406.30,1150,11634300
20221117,09:46:08,18407.70,250,11634300
20221117,09:46:10,18406.30,950,11634300
20221117,09:46:10,18407.40,100,11634300
20221117,09:46:11,18407.90,700,11634300
20221117,09:46:12,18406.00,500,11634300
20221117,09:46:13,18406.10,800,11634300
20221117,09:46:14,18406.10,1750,11634300
20221117,09:46:16,18405.55,300,11634300
20221117,09:46:17,18406.05,100,11634300
20221117,09:46:17,18405.85,50,11634300
20221117,09:46:19,18405.95,100,11634300
20221117,09:46:20,18406.95,150,11634300
20221117,09:46:21,18405.55,1200,11634300
20221117,09:46:22,18406.30,650,11634300
20221117,09:46:23,18405.45,1650,11634300
20221117,09:46:24,18406.40,650,11634300
20221117,09:46:26,18406.10,1050,11634300
20221117,09:46:28,18405.50,1800,11634300
20221117,09:46:29,18406.05,1900,11634300
20221117,09:46:30,18405.80,350,11634300
20221117,09:46:31,18406.30,400,11634300
20221117,09:46:32,18406.05,300,11634300
20221117,09:46:33,18405.80,250,11634300
20221117,09:46:34,18406.95,300,11634300
20221117,09:46:35,18406.40,350,11634300
20221117,09:46:36,18406.95,100,11634300
20221117,09:46:37,18407.95,600,11634300
20221117,09:46:38,18406.55,100,11634300
20221117,09:46:40,18407.00,50,11634300
20221117,09:46:41,18407.00,50,11634300
20221117,09:46:42,18406.40,100,11634300
20221117,09:46:44,18406.00,100,11634300
20221117,09:46:45,18407.00,100,11634300
20221117,09:46:47,18408.10,600,11634300
20221117,09:46:48,18408.80,200,11634300
20221117,09:46:49,18409.00,650,11634300
20221117,09:46:50,18409.00,50,11634300
20221117,09:46:51,18409.80,200,11634300
20221117,09:46:52,18409.75,250,11634300
20221117,09:46:54,18410.00,600,11634300
20221117,09:46:55,18410.00,50,11634300
20221117,09:46:56,18412.00,1050,11634300
20221117,09:46:57,18412.00,300,11634300
20221117,09:47:00,18412.50,300,11634300
20221117,09:47:02,18411.25,200,11634300
20221117,09:47:03,18409.60,200,11634300
20221117,09:47:06,18409.00,100,11634300
20221117,09:47:07,18408.30,250,11634300
20221117,09:47:08,18409.60,100,11634300
20221117,09:47:10,18408.25,400,11634300
20221117,09:47:11,18409.20,250,11634300
20221117,09:47:12,18410.00,50,11634300
20221117,09:47:13,18409.55,100,11634300
20221117,09:47:14,18411.00,50,11634300
20221117,09:47:17,18411.85,50,11634300
20221117,09:47:19,18411.85,50,11634300
20221117,09:47:20,18411.80,100,11634300
20221117,09:47:21,18412.65,250,11634300
20221117,09:47:24,18413.10,50,11634300
20221117,09:47:25,18411.50,50,11634300
20221117,09:47:27,18413.05,1850,11634300
20221117,09:47:29,18413.00,800,11634300
20221117,09:47:30,18412.60,1850,11634300
20221117,09:47:31,18410.10,500,11634300
20221117,09:47:32,18410.00,1850,11634300
20221117,09:47:34,18412.00,1000,11634300
20221117,09:47:35,18411.05,2000,11634300
20221117,09:47:36,18410.20,350,11651550
20221117,09:47:37,18410.00,1850,11651550
20221117,09:47:38,18410.50,200,11651550
20221117,09:47:39,18411.10,50,11651550
20221117,09:47:39,18410.00,900,11651550
20221117,09:47:40,18410.00,100,11651550
20221117,09:47:41,18410.25,200,11651550
20221117,09:47:43,18411.05,500,11651550
20221117,09:47:44,18410.80,50,11651550
20221117,09:47:45,18410.70,50,11651550
20221117,09:47:47,18410.85,50,11651550
20221117,09:47:48,18412.00,700,11651550
20221117,09:47:50,18411.50,50,11651550
20221117,09:47:52,18411.50,100,11651550
20221117,09:47:56,18409.65,150,11651550
20221117,09:47:57,18409.95,350,11651550
20221117,09:47:58,18411.35,150,11651550
20221117,09:48:00,18409.70,350,11651550
20221117,09:48:02,18410.55,250,11651550
20221117,09:48:03,18410.35,50,11651550
20221117,09:48:05,18408.10,200,11651550
20221117,09:48:07,18408.05,600,11651550
20221117,09:48:08,18409.15,150,11651550
20221117,09:48:10,18409.15,250,11651550
20221117,09:48:11,18410.00,400,11651550
20221117,09:48:12,18411.00,200,11651550
20221117,09:48:15,18411.20,400,11651550
20221117,09:48:16,18411.15,150,11651550
20221117,09:48:17,18411.60,250,11651550
20221117,09:48:19,18411.60,250,11651550
20221117,09:48:21,18411.15,100,11651550
20221117,09:48:22,18411.15,50,11651550
20221117,09:48:23,18412.00,850,11651550
20221117,09:48:24,18411.35,1350,11651550
20221117,09:48:25,18413.00,1050,11651550
20221117,09:48:26,18415.00,1400,11651550
20221117,09:48:27,18415.00,100,11651550
20221117,09:48:28,18416.00,450,11651550
20221117,09:48:29,18415.60,50,11651550
20221117,09:48:30,18415.95,850,11651550
20221117,09:48:31,18414.15,350,11651550
20221117,09:48:32,18413.75,250,11651550
20221117,09:48:34,18415.90,50,11651550
20221117,09:48:35,18415.60,100,11651550
20221117,09:48:37,18414.20,50,11651550
20221117,09:48:39,18415.45,100,11651550
20221117,09:48:40,18415.00,150,11651550
20221117,09:48:41,18415.00,100,11651550
20221117,09:48:42,18414.20,100,11651550
20221117,09:48:43,18415.35,100,11651550
20221117,09:48:45,18415.60,750,11651550
20221117,09:48:46,18415.10,300,11651550
20221117,09:48:47,18415.60,1550,11651550
20221117,09:48:48,18416.00,50,11651550
20221117,09:48:49,18416.00,200,11651550
20221117,09:48:50,18416.00,200,11651550
20221117,09:48:51,18416.95,300,11651550
20221117,09:48:53,18416.15,50,11651550
20221117,09:48:56,18417.00,50,11651550
20221117,09:48:57,18416.05,50,11651550
20221117,09:48:58,18417.00,150,11651550
20221117,09:48:59,18417.25,150,11651550
20221117,09:49:00,18416.80,450,11651550
20221117,09:49:02,18416.30,400,11651550
20221117,09:49:03,18417.80,50,11651550
20221117,09:49:04,18417.00,50,11651550
20221117,09:49:07,18417.00,200,11651550
20221117,09:49:09,18417.00,150,11651550
20221117,09:49:11,18417.45,50,11651550
20221117,09:49:12,18417.00,500,11651550
20221117,09:49:13,18416.75,100,11651550
20221117,09:49:14,18415.55,700,11651550
20221117,09:49:15,18415.95,50,11651550
20221117,09:49:16,18415.95,100,11651550
20221117,09:49:17,18415.35,200,11651550
20221117,09:49:19,18415.95,100,11651550
20221117,09:49:20,18415.75,50,11651550
20221117,09:49:22,18415.00,50,11651550
20221117,09:49:23,18415.35,50,11651550
20221117,09:49:24,18413.95,100,11651550
20221117,09:49:30,18412.75,50,11651550
20221117,09:49:30,18412.40,50,11651550
20221117,09:49:31,18412.80,200,11651550
20221117,09:49:32,18412.90,500,11651550
20221117,09:49:33,18412.90,250,11651550
20221117,09:49:34,18413.50,50,11651550
20221117,09:49:36,18413.55,250,11651550
20221117,09:49:39,18414.95,200,11651550
20221117,09:49:43,18414.80,150,11651550
20221117,09:49:44,18414.80,50,11651550
20221117,09:49:45,18414.80,300,11651550
20221117,09:49:46,18414.80,50,11651550
20221117,09:49:47,18414.75,50,11651550
20221117,09:49:53,18413.40,100,11651550
20221117,09:49:54,18414.20,200,11651550
20221117,09:49:55,18414.20,50,11651550
20221117,09:49:56,18414.10,50,11651550
20221117,09:50:00,18413.80,950,11651550
20221117,09:50:01,18414.00,150,11651550
20221117,09:50:02,18413.55,50,11651550
20221117,09:50:04,18413.90,150,11651550
20221117,09:50:05,18415.15,350,11651550
20221117,09:50:06,18415.85,100,11651550
20221117,09:50:07,18415.20,150,11651550
20221117,09:50:08,18415.35,100,11651550
20221117,09:50:09,18415.85,100,11651550
20221117,09:50:10,18416.00,100,11651550
20221117,09:50:10,18415.95,100,11651550
20221117,09:50:11,18415.95,150,11651550
20221117,09:50:12,18416.00,600,11651550
20221117,09:50:13,18415.70,500,11651550
20221117,09:50:14,18415.75,150,11651550
20221117,09:50:15,18414.75,250,11651550
20221117,09:50:17,18414.00,250,11651550
20221117,09:50:18,18412.90,250,11651550
20221117,09:50:19,18414.35,300,11651550
20221117,09:50:20,18414.40,50,11651550
20221117,09:50:21,18413.30,50,11651550
20221117,09:50:22,18413.20,350,11651550
20221117,09:50:23,18412.00,400,11651550
20221117,09:50:24,18410.10,150,11651550
20221117,09:50:25,18411.65,100,11651550
20221117,09:50:26,18411.65,100,11651550
20221117,09:50:27,18410.05,50,11651550
20221117,09:50:28,18411.90,700,11651550
20221117,09:50:29,18411.90,50,11651550
20221117,09:50:32,18410.05,100,11651550
20221117,09:50:33,18410.60,50,11651550
20221117,09:50:34,18410.05,50,11651550
20221117,09:50:35,18410.00,650,11651550
20221117,09:50:36,18408.05,1600,11666050
20221117,09:50:37,18409.90,100,11666050
20221117,09:50:38,18409.95,300,11666050
20221117,09:50:40,18408.05,100,11666050
20221117,09:50:41,18408.05,50,11666050
20221117,09:50:42,18408.10,200,11666050
20221117,09:50:43,18408.05,350,11666050
20221117,09:50:46,18408.00,2050,11666050
20221117,09:50:47,18409.95,100,11666050
20221117,09:50:48,18410.00,250,11666050
20221117,09:50:52,18408.00,750,11666050
20221117,09:50:52,18408.05,100,11666050
20221117,09:50:55,18410.00,800,11666050
20221117,09:50:55,18409.35,200,11666050
20221117,09:50:56,18409.20,100,11666050
20221117,09:50:57,18410.80,200,11666050
20221117,09:50:58,18411.00,300,11666050
20221117,09:50:59,18411.55,100,11666050
20221117,09:51:00,18411.15,800,11666050
20221117,09:51:01,18412.50,200,11666050
20221117,09:51:03,18411.70,50,11666050
20221117,09:51:04,18413.10,550,11666050
20221117,09:51:05,18413.20,150,11666050
20221117,09:51:06,18413.80,150,11666050
20221117,09:51:11,18414.75,300,11666050
20221117,09:51:12,18415.05,100,11666050
20221117,09:51:13,18414.90,50,11666050
20221117,09:51:15,18414.95,100,11666050
20221117,09:51:16,18414.40,50,11666050
20221117,09:51:18,18415.10,450,11666050
20221117,09:51:19,18415.15,50,11666050
20221117,09:51:22,18414.30,450,11666050
20221117,09:51:23,18415.05,100,11666050
20221117,09:51:23,18415.05,50,11666050
20221117,09:51:25,18412.00,450,11666050
20221117,09:51:26,18412.00,100,11666050
20221117,09:51:29,18413.35,50,11666050
20221117,09:51:31,18413.35,50,11666050
20221117,09:51:33,18413.45,50,11666050
20221117,09:51:34,18413.00,1200,11666050
20221117,09:51:35,18416.05,1300,11666050
20221117,09:51:36,18416.05,50,11666050
20221117,09:51:37,18415.35,350,11666050
20221117,09:51:38,18416.35,50,11666050
20221117,09:51:40,18414.10,250,11666050
20221117,09:51:41,18414.90,50,11666050
20221117,09:51:42,18414.35,850,11666050
20221117,09:51:43,18415.50,600,11666050
20221117,09:51:44,18416.35,100,11666050
20221117,09:51:45,18415.20,150,11666050
20221117,09:51:46,18415.20,50,11666050
20221117,09:51:47,18415.95,50,11666050
20221117,09:51:48,18416.40,500,11666050
20221117,09:51:49,18415.75,150,11666050
20221117,09:51:51,18415.70,150,11666050
20221117,09:51:52,18417.00,50,11666050
20221117,09:51:53,18417.90,100,11666050
20221117,09:51:55,18416.40,350,11666050
20221117,09:51:57,18417.95,12400,11666050
20221117,09:51:58,18417.90,700,11666050
20221117,09:52:00,18418.90,100,11666050
20221117,09:52:01,18417.00,50,11666050
20221117,09:52:02,18418.60,350,11666050
20221117,09:52:03,18419.55,150,11666050
20221117,09:52:04,18420.25,1250,11666050
20221117,09:52:05,18420.95,50,11666050
20221117,09:52:07,18420.95,250,11666050
20221117,09:52:08,18421.85,450,11666050
20221117,09:52:09,18421.60,100,11666050
20221117,09:52:10,18422.05,1200,11666050
20221117,09:52:11,18420.95,200,11666050
20221117,09:52:12,18421.50,300,11666050
20221117,09:52:13,18421.85,2300,11666050
20221117,09:52:15,18421.80,300,11666050
20221117,09:52:16,18420.00,200,11666050
20221117,09:52:17,18421.40,1800,11666050
20221117,09:52:18,18418.55,50,11666050
20221117,09:52:19,18420.80,50,11666050
20221117,09:52:20,18422.35,1850,11666050
20221117,09:52:21,18421.20,350,11666050
20221117,09:52:21,18421.75,250,11666050
20221117,09:52:22,18419.80,100,11666050
20221117,09:52:23,18422.00,100,11666050
20221117,09:52:26,18422.35,1900,11666050
20221117,09:52:27,18420.15,100,11666050
20221117,09:52:28,18422.90,150,11666050
20221117,09:52:29,18422.00,50,11666050
20221117,09:52:30,18421.05,50,11666050
20221117,09:52:32,18420.55,100,11666050
20221117,09:52:33,18423.10,250,11666050
20221117,09:52:34,18423.90,200,11666050
20221117,09:52:35,18422.35,100,11666050
20221117,09:52:37,18424.00,200,11666050
20221117,09:52:37,18424.00,50,11666050
20221117,09:52:38,18424.00,650,11666050
20221117,09:52:40,18424.50,100,11666050
20221117,09:52:43,18425.00,1000,11666050
20221117,09:52:44,18425.00,350,11666050
20221117,09:52:45,18424.80,350,11666050
20221117,09:52:46,18427.00,1350,11666050
20221117,09:52:48,18426.70,150,11666050
20221117,09:52:49,18425.55,300,11666050
20221117,09:52:50,18425.45,600,11666050
20221117,09:52:54,18424.80,50,11666050
20221117,09:52:55,18424.90,200,11666050
20221117,09:52:56,18424.90,50,11666050
20221117,09:52:57,18424.00,100,11666050
20221117,09:52:58,18424.50,150,11666050
20221117,09:53:00,18423.10,100,11666050
20221117,09:53:01,18424.65,300,11666050
20221117,09:53:03,18424.30,1300,11666050
20221117,09:53:04,18424.10,650,11666050
20221117,09:53:05,18423.10,550,11666050
20221117,09:53:07,18423.30,300,11666050
20221117,09:53:08,18420.50,150,11666050
20221117,09:53:09,18420.70,50,11666050
20221117,09:53:10,18423.35,50,11666050
20221117,09:53:11,18422.40,250,11666050
20221117,09:53:16,18423.50,50,11666050
20221117,09:53:16,18423.50,100,11666050
20221117,09:53:17,18421.80,150,11666050
20221117,09:53:19,18423.50,800,11666050
20221117,09:53:20,18421.10,100,11666050
20221117,09:53:25,18422.40,750,11666050
20221117,09:53:26,18422.40,50,11666050
20221117,09:53:27,18422.20,1500,11666050
20221117,09:53:28,18422.35,250,11666050
20221117,09:53:28,18422.40,150,11666050
20221117,09:53:30,18424.00,1050,11666050
20221117,09:53:31,18424.00,100,11666050
20221117,09:53:32,18423.95,200,11666050
20221117,09:53:33,18424.80,450,11666050
20221117,09:53:36,18424.65,100,11666050
20221117,09:53:37,18424.95,150,11675450
20221117,09:53:38,18425.00,200,11675450
20221117,09:53:39,18423.10,300,11675450
20221117,09:53:40,18424.95,100,11675450
20221117,09:53:43,18422.70,50,11675450
20221117,09:53:44,18424.95,250,11675450
20221117,09:53:45,18425.00,100,11675450
20221117,09:53:47,18422.20,450,11675450
20221117,09:53:48,18422.30,50,11675450
20221117,09:53:53,18422.30,50,11675450
20221117,09:53:54,18422.25,50,11675450
20221117,09:53:58,18421.10,150,11675450
20221117,09:53:59,18421.95,50,11675450
20221117,09:54:00,18420.45,150,11675450
20221117,09:54:02,18421.35,450,11675450
20221117,09:54:04,18418.80,250,11675450
20221117,09:54:05,18418.80,50,11675450
20221117,09:54:06,18419.50,150,11675450
20221117,09:54:08,18418.75,200,11675450
20221117,09:54:09,18418.95,800,11675450
20221117,09:54:12,18420.00,100,11675450
20221117,09:54:13,18419.00,50,11675450
20221117,09:54:14,18419.50,50,11675450
20221117,09:54:20,18420.00,150,11675450
20221117,09:54:23,18420.00,50,11675450
20221117,09:54:24,18420.15,650,11675450
20221117,09:54:25,18420.00,550,11675450
20221117,09:54:30,18418.55,350,11675450
20221117,09:54:31,18420.00,150,11675450
20221117,09:54:31,18420.00,50,11675450
20221117,09:54:34,18421.10,50,11675450
20221117,09:54:36,18418.50,50,11675450
20221117,09:54:38,18418.75,200,11675450
20221117,09:54:40,18421.10,200,11675450
20221117,09:54:45,18421.45,650,11675450
20221117,09:54:47,18421.10,150,11675450
20221117,09:54:48,18422.00,1050,11675450
20221117,09:54:49,18420.95,1200,11675450
20221117,09:54:51,18420.85,600,11675450
20221117,09:54:53,18423.00,750,11675450
20221117,09:54:54,18420.00,450,11675450
20221117,09:54:55,18420.00,50,11675450
20221117,09:54:56,18420.00,550,11675450
20221117,09:54:56,18420.00,500,11675450
20221117,09:54:58,18423.00,800,11675450
20221117,09:54:59,18419.85,600,11675450
20221117,09:55:00,18422.80,300,11675450
20221117,09:55:01,18420.30,600,11675450
20221117,09:55:01,18422.80,100,11675450
20221117,09:55:03,18422.60,700,11675450
20221117,09:55:04,18420.00,550,11675450
20221117,09:55:05,18424.00,1100,11675450
20221117,09:55:06,18422.80,950,11675450
20221117,09:55:07,18425.00,50,11675450
20221117,09:55:08,18424.95,550,11675450
20221117,09:55:09,18422.80,500,11675450
20221117,09:55:10,18424.75,700,11675450
20221117,09:55:11,18425.00,650,11675450
20221117,09:55:12,18422.95,150,11675450
20221117,09:55:13,18420.45,550,11675450
20221117,09:55:14,18424.10,100,11675450
20221117,09:55:15,18421.60,600,11675450
20221117,09:55:16,18420.90,300,11675450
20221117,09:55:17,18424.00,100,11675450
20221117,09:55:20,18422.95,50,11675450
20221117,09:55:21,18422.95,50,11675450
20221117,09:55:22,18425.00,1150,11675450
20221117,09:55:25,18422.95,500,11675450
20221117,09:55:26,18425.50,100,11675450
20221117,09:55:27,18425.95,300,11675450
20221117,09:55:28,18425.00,100,11675450
20221117,09:55:30,18426.10,1050,11675450
20221117,09:55:31,18426.10,100,11675450
20221117,09:55:32,18427.40,350,11675450
20221117,09:55:34,18427.60,100,11675450
20221117,09:55:35,18427.70,50,11675450
20221117,09:55:36,18428.00,600,11675450
20221117,09:55:37,18428.10,50,11675450
20221117,09:55:38,18427.40,250,11675450
20221117,09:55:39,18431.10,11500,11675450
20221117,09:55:40,18431.50,850,11675450
20221117,09:55:41,18431.55,1100,11675450
20221117,09:55:42,18431.80,300,11675450
20221117,09:55:43,18432.65,2600,11675450
20221117,09:55:44,18431.30,500,11675450
20221117,09:55:45,18431.80,750,11675450
20221117,09:55:46,18431.30,150,11675450
20221117,09:55:47,18432.70,750,11675450
20221117,09:55:48,18431.80,250,11675450
20221117,09:55:49,18432.55,250,11675450
20221117,09:55:50,18432.00,400,11675450
20221117,09:55:51,18432.50,150,11675450
20221117,09:55:52,18432.55,900,11675450
20221117,09:55:53,18432.00,350,11675450
20221117,09:55:54,18432.00,800,11675450
20221117,09:55:55,18432.25,50,11675450
20221117,09:55:56,18431.30,100,11675450
20221117,09:55:57,18432.50,150,11675450
20221117,09:55:58,18432.40,400,11675450
20221117,09:55:59,18432.80,300,11675450
20221117,09:56:00,18432.80,300,11675450
20221117,09:56:01,18434.60,1300,11675450
20221117,09:56:02,18434.75,150,11675450
20221117,09:56:03,18434.85,450,11675450
20221117,09:56:04,18434.90,100,11675450
20221117,09:56:05,18435.60,1850,11675450
20221117,09:56:06,18435.70,800,11675450
20221117,09:56:07,18435.50,150,11675450
20221117,09:56:08,18433.55,200,11675450
20221117,09:56:09,18434.10,350,11675450
20221117,09:56:10,18434.10,900,11675450
20221117,09:56:11,18437.00,1500,11675450
20221117,09:56:13,18436.50,300,11675450
20221117,09:56:14,18436.20,400,11675450
20221117,09:56:15,18437.05,400,11675450
20221117,09:56:16,18437.45,550,11675450
20221117,09:56:17,18435.95,100,11675450
20221117,09:56:18,18435.40,900,11675450
20221117,09:56:19,18436.00,200,11675450
20221117,09:56:20,18435.40,50,11675450
20221117,09:56:21,18433.30,3850,11675450
20221117,09:56:22,18435.70,2450,11675450
20221117,09:56:23,18435.50,100,11675450
20221117,09:56:24,18434.85,1600,11675450
20221117,09:56:26,18435.95,550,11675450
20221117,09:56:27,18433.10,450,11675450
20221117,09:56:28,18434.85,900,11675450
20221117,09:56:29,18432.45,600,11675450
20221117,09:56:30,18435.70,250,11675450
20221117,09:56:32,18433.10,250,11675450
20221117,09:56:33,18433.00,50,11675450
20221117,09:56:34,18433.55,50,11675450
20221117,09:56:35,18433.55,150,11675450
20221117,09:56:36,18435.00,150,11675450
20221117,09:56:38,18435.00,400,11677000
20221117,09:56:39,18435.70,700,11677000
20221117,09:56:40,18433.50,150,11677000
20221117,09:56:41,18434.90,150,11677000
20221117,09:56:42,18433.95,750,11677000
20221117,09:56:43,18433.50,50,11677000
20221117,09:56:44,18433.50,50,11677000
20221117,09:56:45,18433.50,50,11677000
20221117,09:56:46,18432.00,50,11677000
20221117,09:56:47,18433.95,150,11677000
20221117,09:56:48,18433.50,50,11677000
20221117,09:56:49,18434.60,350,11677000
20221117,09:56:52,18433.50,50,11677000
20221117,09:56:53,18432.55,150,11677000
20221117,09:56:54,18434.85,350,11677000
20221117,09:56:57,18434.00,700,11677000
20221117,09:56:59,18432.80,100,11677000
20221117,09:57:00,18433.05,50,11677000
20221117,09:57:01,18433.35,150,11677000
20221117,09:57:03,18433.30,100,11677000
20221117,09:57:05,18433.00,150,11677000
20221117,09:57:06,18433.00,250,11677000
20221117,09:57:08,18432.10,100,11677000
20221117,09:57:10,18433.00,50,11677000
20221117,09:57:11,18432.80,50,11677000
20221117,09:57:12,18433.00,100,11677000
20221117,09:57:13,18433.00,350,11677000
20221117,09:57:15,18434.00,150,11677000
20221117,09:57:16,18433.35,350,11677000
20221117,09:57:17,18433.35,50,11677000
20221117,09:57:19,18434.70,300,11677000
20221117,09:57:20,18433.35,50,11677000
20221117,09:57:21,18433.35,250,11677000
20221117,09:57:22,18434.00,250,11677000
20221117,09:57:23,18434.00,700,11677000
20221117,09:57:24,18435.00,200,11677000
20221117,09:57:27,18435.65,1300,11677000
20221117,09:57:28,18437.10,100,11677000
20221117,09:57:29,18440.00,3250,11677000
20221117,09:57:30,18440.10,2100,11677000
20221117,09:57:31,18441.25,650,11677000
20221117,09:57:32,18439.90,250,11677000
20221117,09:57:33,18441.00,350,11677000
20221117,09:57:34,18442.05,2300,11677000
20221117,09:57:35,18439.30,250,11677000
20221117,09:57:36,18437.00,950,11677000
20221117,09:57:37,18439.50,2550,11677000
20221117,09:57:38,18438.35,150,11677000
20221117,09:57:39,18439.05,250,11677000
20221117,09:57:40,18439.30,2900,11677000
20221117,09:57:41,18441.15,200,11677000
20221117,09:57:42,18441.20,1100,11677000
20221117,09:57:43,18441.30,800,11677000
20221117,09:57:44,18439.25,600,11677000
20221117,09:57:45,18440.50,100,11677000
20221117,09:57:47,18440.50,1400,11677000
20221117,09:57:47,18440.35,50,11677000
20221117,09:57:48,18440.10,100,11677000
20221117,09:57:49,18439.25,650,11677000
20221117,09:57:51,18439.25,100,11677000
20221117,09:57:53,18439.25,400,11677000
20221117,09:57:53,18439.25,100,11677000
20221117,09:57:54,18439.70,250,11677000
20221117,09:57:55,18439.25,800,11677000
20221117,09:57:56,18438.70,1550,11677000
20221117,09:57:57,18438.25,150,11677000
20221117,09:57:59,18439.20,150,11677000
20221117,09:58:00,18438.30,200,11677000
20221117,09:58:01,18439.30,850,11677000
20221117,09:58:02,18439.00,100,11677000
20221117,09:58:03,18439.95,50,11677000
20221117,09:58:04,18440.00,200,11677000
20221117,09:58:05,18440.35,100,11677000
20221117,09:58:06,18440.15,200,11677000
20221117,09:58:07,18437.80,500,11677000
20221117,09:58:08,18440.00,150,11677000
20221117,09:58:10,18437.95,150,11677000
20221117,09:58:11,18438.00,50,11677000
20221117,09:58:13,18438.40,450,11677000
20221117,09:58:14,18440.00,250,11677000
20221117,09:58:14,18440.00,50,11677000
20221117,09:58:15,18440.15,100,11677000
20221117,09:58:16,18441.80,450,11677000
20221117,09:58:17,18443.10,700,11677000
20221117,09:58:18,18444.00,1350,11677000
20221117,09:58:19,18444.00,500,11677000
20221117,09:58:20,18444.05,300,11677000
20221117,09:58:21,18444.05,950,11677000
20221117,09:58:22,18443.20,450,11677000
20221117,09:58:24,18444.25,200,11677000
20221117,09:58:25,18444.25,50,11677000
20221117,09:58:26,18443.70,450,11677000
20221117,09:58:27,18443.65,150,11677000
20221117,09:58:28,18443.30,100,11677000
20221117,09:58:29,18445.00,2600,11677000
20221117,09:58:30,18445.00,1000,11677000
20221117,09:58:31,18444.45,300,11677000
20221117,09:58:32,18443.60,450,11677000
20221117,09:58:33,18443.55,700,11677000
20221117,09:58:34,18443.70,850,11677000
20221117,09:58:35,18440.55,200,11677000
20221117,09:58:36,18442.70,450,11677000
20221117,09:58:37,18440.55,150,11677000
20221117,09:58:38,18440.70,200,11677000
20221117,09:58:40,18443.10,150,11677000
20221117,09:58:41,18440.55,600,11677000
20221117,09:58:42,18440.25,150,11677000
20221117,09:58:43,18440.50,350,11677000
20221117,09:58:44,18440.15,50,11677000
20221117,09:58:46,18440.00,100,11677000
20221117,09:58:47,18440.00,300,11677000
20221117,09:58:49,18440.15,250,11677000
20221117,09:58:49,18440.15,1150,11677000
20221117,09:58:50,18441.55,4350,11677000
20221117,09:58:51,18443.50,100,11677000
20221117,09:58:52,18443.00,100,11677000
20221117,09:58:53,18443.95,50,11677000
20221117,09:58:54,18442.15,400,11677000
20221117,09:58:57,18443.30,50,11677000
20221117,09:58:58,18442.05,450,11677000
20221117,09:59:00,18442.05,700,11677000
20221117,09:59:01,18443.30,150,11677000
20221117,09:59:02,18442.55,650,11677000
20221117,09:59:03,18442.20,650,11677000
20221117,09:59:04,18444.05,50,11677000
20221117,09:59:06,18442.55,100,11677000
20221117,09:59:06,18444.25,50,11677000
20221117,09:59:07,18442.90,100,11677000
20221117,09:59:08,18442.90,50,11677000
20221117,09:59:09,18444.00,50,11677000
20221117,09:59:10,18444.05,50,11677000
20221117,09:59:12,18444.00,200,11677000
20221117,09:59:13,18444.00,300,11677000
20221117,09:59:13,18444.00,100,11677000
20221117,09:59:15,18443.90,50,11677000
20221117,09:59:16,18444.00,150,11677000
20221117,09:59:17,18445.55,1850,11677000
20221117,09:59:18,18445.55,150,11677000
20221117,09:59:19,18443.30,500,11677000
20221117,09:59:20,18444.15,50,11677000
20221117,09:59:21,18443.10,150,11677000
20221117,09:59:22,18445.00,150,11677000
20221117,09:59:23,18444.25,50,11677000
20221117,09:59:24,18445.20,100,11677000
20221117,09:59:25,18442.60,400,11677000
20221117,09:59:26,18444.00,150,11677000
20221117,09:59:28,18444.00,100,11677000
20221117,09:59:29,18442.55,250,11677000
20221117,09:59:31,18442.05,100,11677000
20221117,09:59:32,18442.15,50,11677000
20221117,09:59:33,18444.00,150,11677000
20221117,09:59:34,18444.20,700,11677000
20221117,09:59:35,18444.15,100,11677000
20221117,09:59:36,18444.15,100,11677000
20221117,09:59:37,18444.75,150,11677000
20221117,09:59:38,18445.00,250,11677900
20221117,09:59:40,18445.90,500,11677900
20221117,09:59:41,18446.00,600,11677900
20221117,09:59:42,18447.00,800,11677900
20221117,09:59:43,18447.80,150,11677900
20221117,09:59:44,18447.25,50,11677900
20221117,09:59:45,18447.95,150,11677900
20221117,09:59:46,18447.50,250,11677900
20221117,09:59:48,18447.80,400,11677900
20221117,09:59:49,18447.25,350,11677900
20221117,09:59:50,18445.05,350,11677900
20221117,09:59:51,18445.50,850,11677900
20221117,09:59:52,18445.50,700,11677900
20221117,09:59:53,18445.50,400,11677900
20221117,09:59:54,18444.00,100,11677900
20221117,09:59:55,18445.80,200,11677900
20221117,09:59:57,18445.00,350,11677900
20221117,09:59:58,18445.15,650,11677900
20221117,09:59:58,18445.05,50,11677900
20221117,09:59:59,18446.65,900,11677900
20221117,10:00:00,18445.90,100,11677900
20221117,10:00:01,18447.00,250,11677900
20221117,10:00:02,18447.00,150,11677900
20221117,10:00:03,18448.00,3950,11677900
20221117,10:00:04,18447.25,700,11677900
20221117,10:00:05,18447.00,400,11677900
20221117,10:00:06,18445.35,200,11677900
20221117,10:00:08,18447.00,250,11677900
20221117,10:00:08,18447.60,1800,11677900
20221117,10:00:10,18448.20,3650,11677900
20221117,10:00:11,18446.80,250,11677900
20221117,10:00:13,18448.35,1750,11677900
20221117,10:00:14,18448.35,1950,11677900
20221117,10:00:15,18445.05,750,11677900
20221117,10:00:17,18445.05,100,11677900
20221117,10:00:18,18445.05,250,11677900
20221117,10:00:19,18446.70,100,11677900
20221117,10:00:20,18447.30,400,11677900
20221117,10:00:21,18447.10,150,11677900
20221117,10:00:23,18447.10,100,11677900
20221117,10:00:24,18447.10,50,11677900
20221117,10:00:25,18445.50,400,11677900
20221117,10:00:26,18447.00,850,11677900
20221117,10:00:27,18447.00,100,11677900
20221117,10:00:28,18447.00,50,11677900
20221117,10:00:30,18447.60,250,11677900
20221117,10:00:31,18447.10,350,11677900
20221117,10:00:32,18447.60,50,11677900
20221117,10:00:33,18447.65,150,11677900
20221117,10:00:34,18446.65,250,11677900
20221117,10:00:35,18446.65,150,11677900
20221117,10:00:36,18447.90,150,11677900
20221117,10:00:38,18447.00,100,11677900
20221117,10:00:39,18447.25,300,11677900
20221117,10:00:40,18446.85,400,11677900
20221117,10:00:41,18445.00,2500,11677900
20221117,10:00:42,18444.00,100,11677900
20221117,10:00:43,18443.30,150,11677900
20221117,10:00:44,18443.30,50,11677900
20221117,10:00:45,18443.10,50,11677900
20221117,10:00:46,18443.10,200,11677900
20221117,10:00:48,18442.25,1050,11677900
20221117,10:00:49,18442.20,50,11677900
20221117,10:00:50,18441.30,100,11677900
20221117,10:00:51,18442.50,50,11677900
20221117,10:00:52,18440.40,500,11677900
20221117,10:00:53,18441.40,100,11677900
20221117,10:00:54,18439.80,3400,11677900
20221117,10:00:55,18439.95,700,11677900
20221117,10:00:56,18440.00,350,11677900
20221117,10:00:57,18437.70,200,11677900
20221117,10:00:58,18440.10,1450,11677900
20221117,10:00:59,18438.55,200,11677900
20221117,10:01:00,18438.20,250,11677900
20221117,10:01:02,18442.35,1350,11677900
20221117,10:01:03,18441.80,50,11677900
20221117,10:01:03,18440.00,100,11677900
20221117,10:01:04,18438.85,100,11677900
20221117,10:01:05,18439.00,300,11677900
20221117,10:01:07,18440.20,200,11677900
20221117,10:01:07,18439.40,350,11677900
20221117,10:01:11,18439.65,150,11677900
20221117,10:01:12,18438.55,550,11677900
20221117,10:01:13,18438.70,100,11677900
20221117,10:01:14,18438.20,250,11677900
20221117,10:01:17,18437.70,550,11677900
20221117,10:01:18,18439.00,150,11677900
20221117,10:01:20,18440.00,1100,11677900
20221117,10:01:23,18440.00,50,11677900
20221117,10:01:25,18439.05,50,11677900
20221117,10:01:26,18439.05,50,11677900
20221117,10:01:28,18438.25,150,11677900
20221117,10:01:29,18437.25,600,11677900
20221117,10:01:30,18438.25,100,11677900
20221117,10:01:31,18436.70,100,11677900
20221117,10:01:34,18435.75,2050,11677900
20221117,10:01:35,18437.00,50,11677900
20221117,10:01:36,18435.55,200,11677900
20221117,10:01:37,18438.30,50,11677900
20221117,10:01:38,18438.50,2000,11677900
20221117,10:01:40,18435.70,100,11677900
20221117,10:01:42,18438.25,2400,11677900
20221117,10:01:44,18438.00,50,11677900
20221117,10:01:45,18438.20,1900,11677900
20221117,10:01:46,18436.15,50,11677900
20221117,10:01:48,18438.00,600,11677900
20221117,10:01:49,18438.00,350,11677900
20221117,10:01:50,18437.90,350,11677900
20221117,10:01:51,18435.50,50,11677900
20221117,10:01:52,18435.50,50,11677900
20221117,10:01:53,18435.50,700,11677900
20221117,10:01:55,18438.25,100,11677900
20221117,10:01:56,18438.50,850,11677900
20221117,10:01:59,18439.00,200,11677900
20221117,10:02:00,18438.25,50,11677900
20221117,10:02:01,18439.65,100,11677900
20221117,10:02:02,18440.00,50,11677900
20221117,10:02:04,18439.00,150,11677900
20221117,10:02:06,18440.00,50,11677900
20221117,10:02:09,18439.00,350,11677900
20221117,10:02:10,18439.00,750,11677900
20221117,10:02:13,18439.00,200,11677900
20221117,10:02:17,18440.00,150,11677900
20221117,10:02:18,18440.00,50,11677900
20221117,10:02:19,18439.00,50,11677900
20221117,10:02:20,18440.00,50,11677900
20221117,10:02:21,18439.00,100,11677900
20221117,10:02:22,18439.00,50,11677900
20221117,10:02:24,18439.05,250,11677900
20221117,10:02:26,18440.00,50,11677900
20221117,10:02:28,18439.95,150,11677900
20221117,10:02:29,18439.70,100,11677900
20221117,10:02:30,18439.00,100,11677900
20221117,10:02:33,18439.00,400,11677900
20221117,10:02:34,18439.00,100,11677900
20221117,10:02:35,18439.00,50,11677900
20221117,10:02:38,18438.25,250,11683300
20221117,10:02:40,18439.00,50,11683300
20221117,10:02:43,18438.25,50,11683300
20221117,10:02:44,18439.55,50,11683300
20221117,10:02:45,18439.95,100,11683300
20221117,10:02:46,18438.25,100,11683300
20221117,10:02:49,18438.25,200,11683300
20221117,10:02:53,18439.35,200,11683300
20221117,10:02:55,18438.25,100,11683300
20221117,10:02:56,18438.25,50,11683300
20221117,10:02:57,18438.25,100,11683300
20221117,10:02:58,18438.25,50,11683300
20221117,10:02:59,18438.25,50,11683300
20221117,10:03:01,18438.25,100,11683300
20221117,10:03:02,18438.00,1400,11683300
20221117,10:03:07,18437.00,100,11683300
20221117,10:03:08,18437.00,300,11683300
20221117,10:03:09,18435.00,1550,11683300
20221117,10:03:10,18434.00,850,11683300
20221117,10:03:11,18435.40,50,11683300
20221117,10:03:12,18436.00,250,11683300
20221117,10:03:13,18436.20,500,11683300
20221117,10:03:15,18437.00,50,11683300
20221117,10:03:17,18433.50,350,11683300
20221117,10:03:17,18436.05,100,11683300
20221117,10:03:18,18438.00,1100,11683300
20221117,10:03:19,18438.00,100,11683300
20221117,10:03:20,18436.15,50,11683300
20221117,10:03:21,18434.85,250,11683300
20221117,10:03:22,18435.50,100,11683300
20221117,10:03:24,18435.50,250,11683300
20221117,10:03:24,18436.05,50,11683300
20221117,10:03:28,18436.50,700,11683300
20221117,10:03:31,18434.90,300,11683300
20221117,10:03:33,18433.15,100,11683300
20221117,10:03:35,18435.20,350,11683300
20221117,10:03:39,18434.00,150,11683300
20221117,10:03:40,18433.10,50,11683300
20221117,10:03:41,18434.90,50,11683300
20221117,10:03:42,18434.95,50,11683300
20221117,10:03:43,18433.10,50,11683300
20221117,10:03:45,18434.75,50,11683300
20221117,10:03:46,18432.25,100,11683300
20221117,10:03:47,18432.20,50,11683300
20221117,10:03:48,18432.15,50,11683300
20221117,10:03:50,18432.00,200,11683300
20221117,10:03:51,18433.10,150,11683300
20221117,10:03:52,18432.00,50,11683300
20221117,10:03:53,18431.75,2500,11683300
20221117,10:03:55,18431.75,100,11683300
20221117,10:03:56,18431.75,100,11683300
20221117,10:03:57,18431.10,50,11683300
20221117,10:03:58,18431.50,100,11683300
20221117,10:03:59,18431.10,200,11683300
20221117,10:03:59,18432.00,50,11683300
20221117,10:04:00,18431.45,150,11683300
20221117,10:04:01,18432.00,50,11683300
20221117,10:04:02,18431.10,200,11683300
20221117,10:04:03,18431.00,200,11683300
20221117,10:04:05,18430.80,150,11683300
20221117,10:04:06,18431.00,150,11683300
20221117,10:04:07,18431.10,100,11683300
20221117,10:04:08,18432.55,50,11683300
20221117,10:04:09,18432.00,100,11683300
20221117,10:04:09,18432.00,50,11683300
20221117,10:04:10,18431.65,100,11683300
20221117,10:04:11,18432.00,50,11683300
20221117,10:04:12,18432.00,100,11683300
20221117,10:04:13,18432.85,150,11683300
20221117,10:04:14,18432.10,50,11683300
20221117,10:04:16,18432.10,50,11683300
20221117,10:04:17,18432.95,200,11683300
20221117,10:04:18,18432.10,200,11683300
20221117,10:04:19,18432.00,300,11683300
20221117,10:04:21,18432.00,50,11683300
20221117,10:04:21,18432.00,100,11683300
20221117,10:04:23,18432.80,100,11683300
20221117,10:04:24,18432.00,50,11683300
20221117,10:04:26,18432.00,100,11683300
20221117,10:04:29,18432.85,50,11683300
20221117,10:04:30,18431.65,50,11683300
20221117,10:04:31,18431.65,50,11683300
20221117,10:04:32,18432.00,50,11683300
20221117,10:04:33,18431.65,50,11683300
20221117,10:04:35,18432.00,50,11683300
20221117,10:04:36,18431.65,50,11683300
20221117,10:04:37,18431.65,50,11683300
20221117,10:04:39,18433.85,4250,11683300
20221117,10:04:40,18433.35,250,11683300
20221117,10:04:43,18432.05,100,11683300
20221117,10:04:44,18433.95,500,11683300
20221117,10:04:45,18434.05,50,11683300
20221117,10:04:46,18433.55,50,11683300
20221117,10:04:49,18433.00,50,11683300
20221117,10:04:50,18433.60,50,11683300
20221117,10:04:51,18432.00,150,11683300
20221117,10:04:52,18432.00,50,11683300
20221117,10:04:52,18433.55,100,11683300
20221117,10:04:55,18432.50,100,11683300
20221117,10:04:56,18431.05,750,11683300
20221117,10:04:57,18431.25,350,11683300
20221117,10:04:57,18430.65,100,11683300
20221117,10:04:59,18430.65,50,11683300
20221117,10:05:00,18430.00,850,11683300
20221117,10:05:01,18430.00,50,11683300
20221117,10:05:03,18430.00,500,11683300
20221117,10:05:04,18430.95,150,11683300
20221117,10:05:06,18430.00,650,11683300
20221117,10:05:07,18430.00,350,11683300
20221117,10:05:07,18430.40,250,11683300
20221117,10:05:09,18430.00,300,11683300
20221117,10:05:10,18430.70,600,11683300
20221117,10:05:11,18430.70,100,11683300
20221117,10:05:12,18430.00,100,11683300
20221117,10:05:13,18430.85,400,11683300
20221117,10:05:14,18429.00,350,11683300
20221117,10:05:15,18428.00,350,11683300
20221117,10:05:17,18429.85,150,11683300
20221117,10:05:19,18428.00,100,11683300
20221117,10:05:20,18428.00,100,11683300
20221117,10:05:21,18429.55,900,11683300
20221117,10:05:22,18429.40,2100,11683300
20221117,10:05:23,18430.50,650,11683300
20221117,10:05:24,18428.50,400,11683300
20221117,10:05:26,18428.10,150,11683300
20221117,10:05:27,18429.55,50,11683300
20221117,10:05:28,18428.20,100,11683300
20221117,10:05:29,18430.00,500,11683300
20221117,10:05:30,18430.00,100,11683300
20221117,10:05:33,18428.00,300,11683300
20221117,10:05:34,18428.00,100,11683300
20221117,10:05:35,18429.25,400,11683300
20221117,10:05:36,18429.65,50,11683300
20221117,10:05:39,18429.10,150,11691150
20221117,10:05:40,18427.90,2450,11691150
20221117,10:05:41,18428.90,500,11691150
20221117,10:05:43,18428.40,150,11691150
20221117,10:05:44,18428.20,400,11691150
20221117,10:05:45,18428.50,2150,11691150
20221117,10:05:46,18426.05,850,11691150
20221117,10:05:47,18426.95,2600,11691150
20221117,10:05:48,18427.40,400,11691150
20221117,10:05:49,18425.10,50,11691150
20221117,10:05:50,18427.40,350,11691150
20221117,10:05:51,18427.40,50,11691150
20221117,10:05:52,18426.15,500,11691150
20221117,10:05:53,18426.15,500,11691150
20221117,10:05:54,18426.15,450,11691150
20221117,10:05:54,18426.15,50,11691150
20221117,10:05:56,18426.15,100,11691150
20221117,10:05:57,18427.00,450,11691150
20221117,10:05:58,18426.60,100,11691150
20221117,10:05:59,18426.60,100,11691150
20221117,10:06:01,18426.15,1000,11691150
20221117,10:06:02,18423.95,2150,11691150
20221117,10:06:03,18424.50,800,11691150
20221117,10:06:04,18424.50,200,11691150
20221117,10:06:05,18424.60,400,11691150
20221117,10:06:06,18424.95,500,11691150
20221117,10:06:07,18424.00,150,11691150
20221117,10:06:08,18425.00,200,11691150
20221117,10:06:09,18425.10,50,11691150
20221117,10:06:10,18422.60,950,11691150
20221117,10:06:11,18425.00,1250,11691150
20221117,10:06:12,18422.90,50,11691150
20221117,10:06:13,18423.70,100,11691150
20221117,10:06:15,18426.15,250,11691150
20221117,10:06:16,18427.00,600,11691150
20221117,10:06:18,18426.25,50,11691150
20221117,10:06:19,18424.70,600,11691150
20221117,10:06:20,18427.00,150,11691150
20221117,10:06:21,18428.00,100,11691150
