20221117,09:15:03,18498.65,1,2078350
20221117,09:15:03,18493.00,200,2078350
20221117,09:15:03,18490.00,150,2078350
20221117,09:15:05,18486.85,150,2078350
20221117,09:15:06,18486.85,600,2078350
20221117,09:15:07,18490.45,100,2078350
20221117,09:15:08,18486.80,700,2078350
20221117,09:15:09,18492.35,350,2078350
20221117,09:15:10,18494.05,200,2078350
20221117,09:15:12,18498.90,200,2078350
20221117,09:15:13,18491.95,150,2078350
20221117,09:15:14,18492.70,200,2078350
20221117,09:15:15,18491.00,200,2078350
20221117,09:15:16,18494.95,250,2078350
20221117,09:15:17,18497.50,100,2078350
20221117,09:15:18,18499.45,50,2078350
20221117,09:15:19,18499.45,50,2078350
20221117,09:15:20,18493.05,100,2078350
20221117,09:15:21,18498.30,300,2078350
20221117,09:15:22,18499.85,100,2078350
20221117,09:15:24,18499.85,100,2078350
20221117,09:15:25,18497.60,1100,2078350
20221117,09:15:26,18500.00,150,2078350
20221117,09:15:27,18500.00,50,2078350
20221117,09:15:28,18503.95,150,2078350
20221117,09:15:29,18504.00,50,2078350
20221117,09:15:30,18504.00,100,2078350
20221117,09:15:31,18504.30,550,2078350
20221117,09:15:32,18502.00,200,2078350
20221117,09:15:33,18501.00,100,2078350
20221117,09:15:35,18500.10,150,2078350
20221117,09:15:36,18504.05,100,2078350
20221117,09:15:38,18500.05,500,2078350
20221117,09:15:41,18502.75,50,2078350
20221117,09:15:42,18504.10,1400,2078350
20221117,09:15:43,18503.10,50,2078350
20221117,09:15:45,18503.40,1500,2078350
20221117,09:15:47,18500.80,1550,2078350
20221117,09:15:47,18500.00,850,2078350
20221117,09:15:48,18501.50,1050,2078350
20221117,09:15:50,18499.00,400,2078350
20221117,09:15:51,18499.05,250,2078350
20221117,09:15:53,18501.00,550,2078350
20221117,09:15:54,18502.35,150,2078350
20221117,09:15:56,18504.70,350,2078350
20221117,09:15:58,18504.00,50,2078350
20221117,09:16:01,18504.95,50,2078350
20221117,09:16:04,18504.95,50,2078350
20221117,09:16:06,18503.10,100,2078350
20221117,09:16:08,18500.40,100,2078350
20221117,09:16:09,18500.40,100,2078350
20221117,09:16:10,18500.00,150,2078350
20221117,09:16:11,18499.60,150,2078350
20221117,09:16:14,18500.00,50,2078350
20221117,09:16:16,18499.00,50,2078350
20221117,09:16:17,18502.00,150,2078350
20221117,09:16:20,18501.20,300,2078350
20221117,09:16:21,18500.00,500,2078350
20221117,09:16:22,18501.20,500,2078350
20221117,09:16:24,18500.00,50,2078350
20221117,09:16:25,18501.00,250,2078350
20221117,09:16:26,18500.00,50,2078350
20221117,09:16:27,18501.00,50,2078350
20221117,09:16:28,18500.05,150,2078350
20221117,09:16:32,18501.00,50,2078350
20221117,09:16:33,18502.00,50,2078350
20221117,09:16:34,18500.70,150,2078350
20221117,09:16:36,18502.90,100,2078350
20221117,09:16:39,18501.80,300,2078350
20221117,09:16:41,18502.10,150,2078350
20221117,09:16:42,18502.35,100,2078350
20221117,09:16:43,18500.05,150,2078350
20221117,09:16:44,18500.60,50,2078350
20221117,09:16:46,18500.05,50,2078350
20221117,09:16:47,18500.00,500,2078350
20221117,09:16:48,18500.00,50,2078350
20221117,09:16:50,18500.00,100,2078350
20221117,09:16:50,18499.95,50,2078350
20221117,09:16:52,18500.00,200,2078350
20221117,09:16:53,18500.00,50,2078350
20221117,09:16:55,18500.00,150,2078350
20221117,09:16:56,18499.00,50,2078350
20221117,09:16:57,18500.10,150,2078350
20221117,09:17:04,18502.00,150,2078350
20221117,09:17:05,18500.25,150,2078350
20221117,09:17:07,18502.00,100,2078350
20221117,09:17:08,18501.70,50,2078350
20221117,09:17:09,18501.60,50,2078350
20221117,09:17:13,18502.90,100,2078350
20221117,09:17:15,18502.90,100,2078350
20221117,09:17:16,18505.00,150,2078350
20221117,09:17:19,18505.00,50,2078350
20221117,09:17:20,18507.55,1000,2078350
20221117,09:17:23,18507.55,50,2078350
20221117,09:17:24,18506.30,100,2078350
20221117,09:17:31,18507.00,50,2078350
20221117,09:17:32,18505.00,150,2078350
20221117,09:17:33,18505.00,100,2078350
20221117,09:17:35,18506.00,100,2078350
20221117,09:17:36,18505.20,450,2078350
20221117,09:17:37,18505.00,550,2078350
20221117,09:17:39,18505.25,100,2078350
20221117,09:17:40,18506.20,700,2078350
20221117,09:17:44,18504.45,50,2082600
20221117,09:17:47,18503.90,100,2082600
20221117,09:17:52,18501.00,100,2082600
20221117,09:17:53,18500.65,150,2082600
20221117,09:17:59,18501.05,250,2082600
20221117,09:18:00,18501.05,100,2082600
20221117,09:18:05,18501.10,100,2082600
20221117,09:18:06,18501.30,500,2082600
20221117,09:18:07,18501.00,500,2082600
20221117,09:18:09,18500.00,600,2082600
20221117,09:18:10,18500.00,100,2082600
20221117,09:18:11,18500.00,650,2082600
20221117,09:18:12,18500.00,50,2082600
20221117,09:18:17,18499.60,200,2082600
20221117,09:18:18,18499.50,50,2082600
20221117,09:18:18,18495.40,750,2082600
20221117,09:18:19,18499.10,50,2082600
20221117,09:18:20,18498.50,50,2082600
20221117,09:18:22,18498.35,150,2082600
20221117,09:18:25,18498.00,150,2082600
20221117,09:18:29,18499.15,50,2082600
20221117,09:18:35,18497.85,50,2082600
20221117,09:18:38,18498.00,50,2082600
20221117,09:18:40,18500.00,100,2082600
20221117,09:18:41,18500.00,350,2082600
20221117,09:18:42,18500.00,50,2082600
20221117,09:18:45,18501.45,100,2082600
20221117,09:18:49,18502.00,100,2082600
20221117,09:18:51,18503.75,100,2082600
20221117,09:18:53,18502.00,100,2082600
20221117,09:18:55,18501.10,50,2082600
20221117,09:18:57,18500.00,50,2082600
20221117,09:18:59,18498.00,200,2082600
20221117,09:19:02,18498.55,50,2082600
20221117,09:19:03,18498.70,50,2082600
20221117,09:19:03,18498.90,250,2082600
20221117,09:19:05,18498.80,50,2082600
20221117,09:19:08,18499.20,200,2082600
20221117,09:19:17,18500.00,50,2082600
20221117,09:19:23,18502.55,100,2082600
20221117,09:19:30,18502.55,150,2082600
20221117,09:19:33,18502.55,50,2082600
20221117,09:19:36,18502.55,300,2082600
20221117,09:19:40,18504.00,200,2082600
20221117,09:19:44,18504.00,100,2082600
20221117,09:19:45,18505.00,50,2082600
20221117,09:19:48,18505.00,50,2082600
20221117,09:19:51,18506.30,50,2082600
20221117,09:19:52,18506.35,100,2082600
20221117,09:19:55,18507.25,50,2082600
20221117,09:19:56,18506.55,50,2082600
20221117,09:19:58,18505.85,50,2082600
20221117,09:19:59,18505.70,50,2082600
20221117,09:20:01,18506.55,50,2082600
20221117,09:20:03,18506.15,250,2082600
20221117,09:20:06,18505.40,100,2082600
20221117,09:20:08,18504.00,100,2082600
20221117,09:20:12,18504.00,150,2082600
20221117,09:20:20,18504.00,50,2082600
20221117,09:20:26,18506.20,50,2082600
20221117,09:20:28,18503.15,350,2082600
20221117,09:20:30,18503.15,150,2082600
20221117,09:20:34,18505.00,50,2082600
20221117,09:20:36,18509.00,50,2082600
20221117,09:20:39,18513.55,400,2082600
20221117,09:20:40,18513.55,100,2082600
20221117,09:20:42,18509.25,750,2085200
20221117,09:20:44,18512.35,200,2085200
20221117,09:20:52,18512.00,200,2085200
20221117,09:20:54,18511.95,200,2085200
20221117,09:20:56,18508.30,950,2085200
20221117,09:20:57,18508.30,2100,2085200
20221117,09:20:58,18514.00,100,2085200
20221117,09:21:01,18514.85,150,2085200
20221117,09:21:02,18514.85,50,2085200
20221117,09:21:06,18513.40,150,2085200
20221117,09:21:07,18514.00,100,2085200
20221117,09:21:08,18513.70,50,2085200
20221117,09:21:10,18512.10,100,2085200
20221117,09:21:12,18511.50,50,2085200
20221117,09:21:18,18509.65,50,2085200
20221117,09:21:20,18509.85,500,2085200
20221117,09:21:23,18508.95,300,2085200
20221117,09:21:25,18513.85,250,2085200
20221117,09:21:26,18513.70,100,2085200
20221117,09:21:28,18513.95,50,2085200
20221117,09:21:29,18513.20,50,2085200
20221117,09:21:30,18513.10,100,2085200
20221117,09:21:31,18510.00,50,2085200
20221117,09:21:32,18510.90,550,2085200
20221117,09:21:39,18510.15,100,2085200
20221117,09:21:42,18510.00,400,2085200
20221117,09:21:44,18511.00,50,2085200
20221117,09:21:45,18513.00,100,2085200
20221117,09:21:48,18513.00,50,2085200
20221117,09:21:49,18513.00,50,2085200
20221117,09:21:51,18513.00,50,2085200
20221117,09:21:52,18513.00,50,2085200
20221117,09:21:54,18515.00,650,2085200
20221117,09:22:04,18515.00,50,2085200
20221117,09:22:05,18512.00,350,2085200
20221117,09:22:07,18512.00,150,2085200
20221117,09:22:09,18512.00,50,2085200
20221117,09:22:11,18512.70,200,2085200
20221117,09:22:19,18509.90,300,2085200
20221117,09:22:24,18508.40,500,2085200
20221117,09:22:25,18511.50,50,2085200
20221117,09:22:28,18511.30,150,2085200
20221117,09:22:29,18511.00,50,2085200
20221117,09:22:33,18513.85,150,2085200
20221117,09:22:36,18513.95,50,2085200
20221117,09:22:39,18512.80,100,2085200
20221117,09:22:41,18513.95,50,2085200
20221117,09:22:43,18514.45,300,2085200
20221117,09:22:44,18513.95,100,2085200
20221117,09:22:49,18515.00,50,2085200
20221117,09:22:50,18515.00,50,2085200
20221117,09:22:51,18515.20,200,2085200
20221117,09:22:52,18517.55,100,2085200
20221117,09:22:53,18518.85,250,2085200
20221117,09:22:54,18520.00,200,2085200
20221117,09:22:56,18520.00,350,2085200
20221117,09:22:57,18520.00,200,2085200
20221117,09:22:58,18520.00,100,2085200
20221117,09:23:01,18520.00,100,2085200
20221117,09:23:02,18520.00,200,2085200
20221117,09:23:03,18519.80,100,2085200
20221117,09:23:04,18518.75,50,2085200
20221117,09:23:05,18517.50,350,2085200
20221117,09:23:06,18518.70,100,2085200
20221117,09:23:07,18518.70,50,2085200
20221117,09:23:09,18517.35,200,2085200
20221117,09:23:11,18517.35,50,2085200
20221117,09:23:12,18517.10,250,2085200
20221117,09:23:14,18516.75,50,2085200
20221117,09:23:15,18516.60,200,2085200
20221117,09:23:17,18516.15,100,2085200
20221117,09:23:18,18516.15,1050,2085200
20221117,09:23:20,18515.90,100,2085200
20221117,09:23:22,18516.10,50,2085200
20221117,09:23:23,18515.45,150,2085200
20221117,09:23:25,18516.00,100,2085200
20221117,09:23:26,18515.30,950,2085200
20221117,09:23:29,18515.20,150,2085200
20221117,09:23:30,18513.95,350,2085200
20221117,09:23:31,18512.85,150,2085200
20221117,09:23:34,18513.20,50,2085200
20221117,09:23:36,18511.05,300,2085200
20221117,09:23:37,18511.70,50,2085200
20221117,09:23:39,18512.45,350,2085200
20221117,09:23:41,18512.60,100,2090900
20221117,09:23:42,18511.75,200,2090900
20221117,09:23:45,18511.80,100,2090900
20221117,09:23:50,18511.75,100,2090900
20221117,09:23:52,18513.95,50,2090900
20221117,09:23:53,18513.55,300,2090900
20221117,09:23:59,18511.75,50,2090900
20221117,09:24:00,18511.60,150,2090900
20221117,09:24:02,18511.60,50,2090900
20221117,09:24:03,18511.60,100,2090900
20221117,09:24:07,18511.35,150,2090900
20221117,09:24:09,18508.95,250,2090900
20221117,09:24:09,18510.55,100,2090900
20221117,09:24:17,18510.00,50,2090900
20221117,09:24:19,18510.00,50,2090900
20221117,09:24:22,18510.55,50,2090900
20221117,09:24:26,18510.55,50,2090900
20221117,09:24:29,18509.25,300,2090900
20221117,09:24:30,18510.00,50,2090900
20221117,09:24:32,18509.20,200,2090900
20221117,09:24:36,18509.45,150,2090900
20221117,09:24:40,18510.00,50,2090900
20221117,09:24:42,18509.25,50,2090900
20221117,09:24:43,18509.40,100,2090900
20221117,09:24:45,18510.00,2000,2090900
20221117,09:24:47,18510.00,50,2090900
20221117,09:24:48,18510.00,50,2090900
20221117,09:24:49,18510.00,50,2090900
20221117,09:24:51,18510.00,1800,2090900
20221117,09:24:52,18509.00,50,2090900
20221117,09:24:57,18509.00,50,2090900
20221117,09:24:58,18509.00,200,2090900
20221117,09:25:04,18509.00,50,2090900
20221117,09:25:12,18508.40,50,2090900
20221117,09:25:13,18509.00,50,2090900
20221117,09:25:15,18509.35,100,2090900
20221117,09:25:17,18509.35,2000,2090900
20221117,09:25:18,18508.65,50,2090900
20221117,09:25:36,18508.35,50,2090900
20221117,09:25:38,18508.05,50,2090900
20221117,09:25:41,18508.50,300,2090900
20221117,09:25:42,18507.70,900,2090900
20221117,09:25:59,18508.00,250,2090900
20221117,09:26:08,18507.70,850,2090900
20221117,09:26:09,18505.80,150,2090900
20221117,09:26:10,18505.80,950,2090900
20221117,09:26:13,18507.35,50,2090900
20221117,09:26:15,18507.00,500,2090900
20221117,09:26:17,18507.00,50,2090900
20221117,09:26:32,18505.05,450,2090900
20221117,09:26:37,18507.25,100,2090900
20221117,09:26:40,18507.00,50,2092300
20221117,09:26:42,18508.00,50,2092300
20221117,09:26:44,18508.00,100,2092300
20221117,09:26:49,18508.00,50,2092300
20221117,09:26:52,18508.00,50,2092300
20221117,09:27:02,18508.00,50,2092300
20221117,09:27:05,18508.00,100,2092300
20221117,09:27:07,18508.00,50,2092300
20221117,09:27:09,18508.00,50,2092300
20221117,09:27:10,18508.00,400,2092300
20221117,09:27:19,18507.15,50,2092300
20221117,09:27:25,18507.45,150,2092300
20221117,09:27:26,18508.00,50,2092300
20221117,09:27:38,18507.15,50,2092300
20221117,09:27:40,18507.45,150,2092300
20221117,09:27:41,18507.30,100,2092300
20221117,09:27:42,18507.00,50,2092300
20221117,09:27:48,18506.55,250,2092300
20221117,09:27:49,18507.25,500,2092300
20221117,09:27:57,18508.00,50,2092300
20221117,09:28:01,18508.00,50,2092300
20221117,09:28:06,18508.00,100,2092300
20221117,09:28:08,18508.00,400,2092300
20221117,09:28:08,18509.00,100,2092300
20221117,09:28:09,18509.00,400,2092300
20221117,09:28:11,18509.25,50,2092300
20221117,09:28:17,18510.65,150,2092300
20221117,09:28:27,18509.75,100,2092300
20221117,09:28:27,18510.00,50,2092300
20221117,09:28:30,18512.00,2100,2092300
20221117,09:28:33,18513.00,250,2092300
20221117,09:28:34,18514.15,100,2092300
20221117,09:28:35,18514.55,50,2092300
20221117,09:28:43,18515.00,300,2092300
20221117,09:28:45,18515.40,50,2092300
20221117,09:28:47,18517.00,50,2092300
20221117,09:28:50,18516.85,100,2092300
20221117,09:28:52,18516.25,50,2092300
20221117,09:29:04,18516.90,50,2092300
20221117,09:29:09,18517.25,50,2092300
20221117,09:29:11,18516.45,50,2092300
20221117,09:29:16,18515.00,250,2092300
20221117,09:29:17,18513.45,100,2092300
20221117,09:29:25,18513.50,50,2092300
20221117,09:29:26,18513.80,50,2092300
20221117,09:29:30,18512.50,200,2092300
20221117,09:29:37,18514.85,100,2092300
20221117,09:29:41,18514.60,100,2095150
20221117,09:29:42,18514.60,250,2095150
20221117,09:29:43,18514.60,1550,2095150
20221117,09:29:44,18513.45,50,2095150
20221117,09:29:48,18512.50,50,2095150
20221117,09:29:54,18512.50,250,2095150
20221117,09:29:56,18511.10,50,2095150
20221117,09:30:02,18511.10,200,2095150
20221117,09:30:05,18512.25,150,2095150
20221117,09:30:07,18512.25,200,2095150
20221117,09:30:08,18514.95,200,2095150
20221117,09:30:20,18514.95,800,2095150
20221117,09:30:23,18510.25,200,2095150
20221117,09:30:28,18510.40,50,2095150
20221117,09:30:30,18512.75,450,2095150
20221117,09:30:32,18512.75,950,2095150
20221117,09:30:35,18510.90,50,2095150
20221117,09:30:37,18513.90,50,2095150
20221117,09:30:40,18513.90,550,2095150
20221117,09:30:41,18510.40,50,2095150
20221117,09:30:44,18511.90,50,2095150
20221117,09:30:46,18511.55,50,2095150
20221117,09:30:49,18511.20,50,2095150
20221117,09:30:51,18510.20,200,2095150
20221117,09:30:51,18510.00,200,2095150
20221117,09:30:53,18510.00,50,2095150
20221117,09:30:53,18508.05,100,2095150
20221117,09:30:57,18508.80,100,2095150
20221117,09:30:59,18508.55,50,2095150
20221117,09:31:01,18507.80,250,2095150
20221117,09:31:04,18507.15,150,2095150
20221117,09:31:06,18505.15,300,2095150
20221117,09:31:07,18505.15,50,2095150
20221117,09:31:09,18505.00,150,2095150
20221117,09:31:12,18505.00,50,2095150
20221117,09:31:14,18504.30,50,2095150
20221117,09:31:15,18502.55,250,2095150
20221117,09:31:16,18503.00,50,2095150
20221117,09:31:26,18502.65,50,2095150
20221117,09:31:28,18502.80,350,2095150
20221117,09:31:28,18502.80,50,2095150
20221117,09:31:29,18502.80,150,2095150
20221117,09:31:31,18503.00,100,2095150
20221117,09:31:41,18502.00,100,2095150
20221117,09:31:44,18501.00,150,2095150
20221117,09:31:48,18502.95,50,2095150
20221117,09:31:49,18502.05,50,2095150
20221117,09:31:51,18501.00,50,2095150
20221117,09:31:52,18501.00,50,2095150
20221117,09:31:54,18502.05,50,2095150
20221117,09:31:56,18500.95,50,2095150
20221117,09:32:03,18502.75,100,2095150
20221117,09:32:07,18501.05,50,2095150
20221117,09:32:09,18501.15,50,2095150
20221117,09:32:14,18502.75,150,2095150
20221117,09:32:16,18503.00,150,2095150
20221117,09:32:20,18503.00,50,2095150
20221117,09:32:22,18505.15,200,2095150
20221117,09:32:27,18505.15,400,2095150
20221117,09:32:34,18500.95,50,2095150
20221117,09:32:39,18500.95,250,2095150
20221117,09:32:50,18501.25,50,2096350
20221117,09:32:52,18501.45,50,2096350
20221117,09:33:00,18503.30,250,2096350
20221117,09:33:07,18505.85,100,2096350
20221117,09:33:14,18504.15,450,2096350
20221117,09:33:17,18505.65,50,2096350
20221117,09:33:21,18505.65,150,2096350
20221117,09:33:23,18505.70,50,2096350
20221117,09:33:27,18504.35,100,2096350
20221117,09:33:29,18504.35,400,2096350
20221117,09:33:31,18505.70,500,2096350
20221117,09:33:33,18509.00,50,2096350
20221117,09:33:40,18511.40,50,2096350
20221117,09:33:41,18512.60,50,2096350
20221117,09:33:57,18511.10,50,2096350
20221117,09:33:58,18511.95,100,2096350
20221117,09:34:01,18510.05,50,2096350
20221117,09:34:05,18510.00,50,2096350
20221117,09:34:06,18508.20,50,2096350
20221117,09:34:09,18506.85,50,2096350
20221117,09:34:11,18508.15,500,2096350
20221117,09:34:22,18505.00,50,2096350
20221117,09:34:27,18505.00,450,2096350
20221117,09:34:28,18508.20,100,2096350
20221117,09:34:31,18508.20,1000,2096350
20221117,09:34:34,18505.25,50,2096350
20221117,09:34:40,18503.65,150,2096350
20221117,09:34:54,18508.45,200,2096350
20221117,09:34:55,18504.90,50,2096350
20221117,09:34:59,18504.30,50,2096350
20221117,09:35:01,18507.90,50,2096350
20221117,09:35:02,18505.20,50,2096350
20221117,09:35:05,18506.05,50,2096350
20221117,09:35:07,18508.40,600,2096350
20221117,09:35:08,18507.95,50,2096350
20221117,09:35:11,18505.85,50,2096350
20221117,09:35:22,18508.05,50,2096350
20221117,09:35:28,18508.45,50,2096350
20221117,09:35:33,18505.00,50,2096350
20221117,09:35:34,18505.00,200,2096350
20221117,09:35:35,18504.40,50,2096350
20221117,09:35:48,18505.15,450,2098900
20221117,09:35:50,18505.00,50,2098900
20221117,09:35:53,18507.75,50,2098900
20221117,09:36:04,18504.15,50,2098900
20221117,09:36:10,18506.45,50,2098900
20221117,09:36:18,18505.05,50,2098900
20221117,09:36:20,18504.80,50,2098900
20221117,09:36:25,18504.75,50,2098900
20221117,09:36:25,18504.50,100,2098900
20221117,09:36:26,18504.00,50,2098900
20221117,09:36:39,18505.00,250,2098900
20221117,09:36:40,18506.00,50,2098900
20221117,09:36:45,18508.20,150,2098900
20221117,09:36:52,18509.05,50,2098900
20221117,09:36:55,18504.75,200,2098900
20221117,09:37:27,18506.65,100,2098900
20221117,09:37:33,18506.75,50,2098900
20221117,09:37:58,18509.95,50,2098900
20221117,09:37:59,18509.15,50,2098900
20221117,09:38:00,18509.50,50,2098900
20221117,09:38:05,18510.00,50,2098900
20221117,09:38:11,18509.95,50,2098900
20221117,09:38:26,18509.95,50,2098900
20221117,09:38:40,18511.90,50,2098900
20221117,09:38:46,18510.00,300,2099150
20221117,09:38:51,18511.70,50,2099150
20221117,09:38:54,18510.00,50,2099150
20221117,09:38:56,18510.00,50,2099150
20221117,09:38:58,18510.00,150,2099150
20221117,09:38:58,18510.00,50,2099150
20221117,09:38:59,18510.00,50,2099150
20221117,09:39:01,18510.00,150,2099150
20221117,09:39:04,18506.05,200,2099150
20221117,09:39:08,18505.90,50,2099150
20221117,09:39:11,18507.35,50,2099150
20221117,09:39:17,18505.55,50,2099150
20221117,09:39:33,18506.20,50,2099150
20221117,09:39:34,18505.55,50,2099150
20221117,09:39:40,18506.20,50,2099150
20221117,09:39:42,18505.30,50,2099150
20221117,09:39:44,18506.20,50,2099150
20221117,09:39:46,18506.20,50,2099150
20221117,09:39:52,18506.20,50,2099150
20221117,09:39:53,18507.00,50,2099150
20221117,09:39:57,18506.20,50,2099150
20221117,09:40:02,18507.65,50,2099150
20221117,09:40:04,18505.00,150,2099150
20221117,09:40:05,18505.00,150,2099150
20221117,09:40:08,18505.50,50,2099150
20221117,09:40:19,18506.95,50,2099150
20221117,09:40:23,18504.75,150,2099150
20221117,09:40:26,18505.15,50,2099150
20221117,09:40:27,18504.65,150,2099150
20221117,09:40:30,18504.80,150,2099150
20221117,09:40:34,18504.90,50,2099150
20221117,09:40:48,18505.00,100,2099150
20221117,09:40:54,18508.05,150,2099150
20221117,09:40:56,18505.35,50,2099150
20221117,09:41:40,18505.00,50,2099150
20221117,09:41:46,18504.10,50,2099950
20221117,09:41:49,18504.00,50,2099950
20221117,09:41:57,18504.00,50,2099950
20221117,09:42:04,18502.30,50,2099950
20221117,09:42:05,18502.25,50,2099950
20221117,09:42:07,18502.00,100,2099950
20221117,09:42:08,18502.00,50,2099950
20221117,09:42:09,18502.25,200,2099950
20221117,09:42:10,18502.00,50,2099950
20221117,09:42:14,18502.30,100,2099950
20221117,09:42:17,18502.30,150,2099950
20221117,09:42:18,18502.30,50,2099950
20221117,09:42:29,18502.05,50,2099950
20221117,09:42:35,18502.25,100,2099950
20221117,09:42:37,18501.00,250,2099950
20221117,09:42:44,18501.00,100,2099950
20221117,09:42:45,18501.00,150,2099950
20221117,09:42:46,18503.50,50,2099950
20221117,09:42:47,18503.45,50,2099950
20221117,09:42:58,18501.40,100,2099950
20221117,09:42:59,18501.40,50,2099950
20221117,09:43:00,18501.35,50,2099950
20221117,09:43:07,18502.00,50,2099950
20221117,09:43:20,18502.10,50,2099950
20221117,09:43:25,18502.25,50,2099950
20221117,09:43:27,18501.55,50,2099950
20221117,09:43:28,18502.00,50,2099950
20221117,09:43:36,18501.30,50,2099950
20221117,09:43:48,18501.30,100,2099950
20221117,09:43:49,18501.30,300,2099950
20221117,09:43:54,18502.00,50,2099950
20221117,09:43:56,18501.00,50,2099950
20221117,09:44:05,18501.00,100,2099950
20221117,09:44:06,18501.00,50,2099950
20221117,09:44:07,18501.00,100,2099950
20221117,09:44:09,18500.35,100,2099950
20221117,09:44:11,18501.00,50,2099950
20221117,09:44:13,18502.00,100,2099950
20221117,09:44:15,18502.20,50,2099950
20221117,09:44:31,18505.00,50,2099950
20221117,09:44:33,18505.00,100,2099950
20221117,09:44:59,18501.55,100,2100500
20221117,09:45:00,18501.35,50,2100500
20221117,09:45:10,18501.35,50,2100500
20221117,09:45:15,18503.05,50,2100500
20221117,09:45:28,18501.35,50,2100500
20221117,09:45:29,18501.30,50,2100500
20221117,09:45:32,18500.00,300,2100500
20221117,09:45:33,18500.00,50,2100500
20221117,09:45:34,18500.00,50,2100500
20221117,09:45:39,18500.00,50,2100500
20221117,09:45:41,18500.00,200,2100500
20221117,09:45:48,18499.65,250,2100500
20221117,09:45:53,18500.00,50,2100500
20221117,09:45:58,18499.00,50,2100500
20221117,09:45:59,18500.00,50,2100500
20221117,09:46:01,18499.60,100,2100500
20221117,09:46:07,18498.00,50,2100500
20221117,09:46:10,18497.00,100,2100500
20221117,09:46:13,18498.00,50,2100500
20221117,09:46:16,18497.25,50,2100500
20221117,09:46:21,18497.00,50,2100500
20221117,09:46:31,18496.00,50,2100500
20221117,09:46:37,18495.75,50,2100500
20221117,09:46:40,18497.00,50,2100500
20221117,09:46:42,18495.65,100,2100500
20221117,09:46:44,18497.00,50,2100500
20221117,09:46:48,18497.25,200,2100500
20221117,09:46:49,18497.25,250,2100500
20221117,09:46:51,18498.00,100,2100500
20221117,09:46:55,18498.65,50,2100500
20221117,09:46:56,18500.00,50,2100500
20221117,09:46:59,18500.00,50,2100500
20221117,09:47:00,18500.00,250,2100500
20221117,09:47:02,18500.00,100,2100500
20221117,09:47:04,18498.30,250,2100500
20221117,09:47:05,18498.00,50,2100500
20221117,09:47:09,18497.10,50,2100500
20221117,09:47:11,18497.85,50,2100500
20221117,09:47:14,18500.00,250,2100500
20221117,09:47:15,18501.35,50,2100500
20221117,09:47:23,18500.45,50,2100500
20221117,09:47:28,18502.70,50,2100500
20221117,09:47:29,18500.50,100,2100500
20221117,09:47:30,18500.50,200,2100500
20221117,09:47:31,18499.35,200,2100500
20221117,09:47:34,18500.15,50,2100500
20221117,09:47:35,18499.85,100,2100500
20221117,09:47:39,18501.10,50,2100500
20221117,09:47:43,18500.00,350,2100350
20221117,09:47:47,18501.35,250,2100350
20221117,09:48:02,18501.00,50,2100350
20221117,09:48:03,18500.10,50,2100350
20221117,09:48:05,18499.10,50,2100350
20221117,09:48:13,18499.10,50,2100350
20221117,09:48:25,18501.70,50,2100350
20221117,09:48:26,18501.15,50,2100350
20221117,09:48:27,18502.35,100,2100350
20221117,09:48:30,18501.95,900,2100350
20221117,09:48:33,18505.00,50,2100350
20221117,09:48:47,18505.20,50,2100350
20221117,09:48:50,18506.40,50,2100350
20221117,09:49:00,18507.20,50,2100350
20221117,09:49:03,18506.40,50,2100350
20221117,09:49:06,18506.70,50,2100350
20221117,09:49:11,18506.95,50,2100350
20221117,09:49:19,18506.05,250,2100350
20221117,09:49:26,18505.00,100,2100350
20221117,09:49:29,18504.00,100,2100350
20221117,09:49:34,18500.70,250,2100350
20221117,09:49:45,18502.05,50,2100350
20221117,09:49:50,18500.60,500,2100350
20221117,09:49:53,18502.05,50,2100350
20221117,09:49:54,18502.05,150,2100350
20221117,09:49:55,18502.05,50,2100350
20221117,09:50:03,18502.05,250,2100350
20221117,09:50:07,18504.55,50,2100350
20221117,09:50:13,18502.20,50,2100350
20221117,09:50:19,18502.05,100,2100350
20221117,09:50:25,18500.50,100,2100350
20221117,09:50:32,18500.00,200,2100350
20221117,09:50:34,18500.40,50,2100350
20221117,09:50:36,18499.10,50,2100350
20221117,09:50:37,18499.30,100,2100350
20221117,09:50:41,18498.65,50,2100350
20221117,09:50:43,18497.00,50,2100200
20221117,09:50:55,18499.70,50,2100200
20221117,09:50:57,18499.95,50,2100200
20221117,09:50:58,18500.00,50,2100200
20221117,09:50:59,18500.80,100,2100200
20221117,09:51:03,18502.10,100,2100200
20221117,09:51:06,18503.75,100,2100200
20221117,09:51:09,18501.55,50,2100200
20221117,09:51:11,18502.00,50,2100200
20221117,09:51:13,18502.00,50,2100200
20221117,09:51:18,18501.80,50,2100200
20221117,09:51:23,18502.00,50,2100200
20221117,09:51:31,18502.00,50,2100200
20221117,09:51:34,18502.00,50,2100200
20221117,09:51:35,18503.00,50,2100200
20221117,09:51:38,18504.75,50,2100200
20221117,09:51:53,18503.80,100,2100200
20221117,09:51:58,18507.90,150,2100200
20221117,09:52:04,18508.70,50,2100200
20221117,09:52:08,18509.00,50,2100200
20221117,09:52:21,18509.00,50,2100200
20221117,09:52:25,18509.00,50,2100200
20221117,09:52:28,18509.20,100,2100200
20221117,09:52:32,18510.00,100,2100200
20221117,09:52:34,18510.00,50,2100200
20221117,09:52:34,18512.00,50,2100200
20221117,09:52:38,18512.00,50,2100200
20221117,09:52:39,18511.00,50,2100200
20221117,09:52:40,18512.75,100,2100200
20221117,09:52:43,18512.00,50,2100200
20221117,09:52:57,18510.05,50,2100200
20221117,09:53:07,18511.10,100,2100200
20221117,09:53:13,18510.00,50,2100200
20221117,09:53:23,18511.00,500,2100200
20221117,09:53:34,18511.00,100,2100200
20221117,09:53:36,18511.00,50,2100200
20221117,09:53:39,18511.00,100,2100200
20221117,09:53:41,18511.00,50,2100200
20221117,09:53:42,18511.00,450,2100200
20221117,09:53:45,18510.50,50,2100750
20221117,09:53:47,18510.50,400,2100750
20221117,09:53:48,18510.00,100,2100750
20221117,09:53:52,18510.40,100,2100750
20221117,09:53:53,18510.40,50,2100750
20221117,09:54:00,18509.50,100,2100750
20221117,09:54:17,18506.15,50,2100750
20221117,09:54:29,18506.40,150,2100750
20221117,09:54:30,18509.10,100,2100750
20221117,09:54:33,18509.45,50,2100750
20221117,09:54:40,18509.50,50,2100750
20221117,09:54:44,18508.25,100,2100750
20221117,09:54:45,18508.25,100,2100750
20221117,09:54:47,18508.25,550,2100750
20221117,09:54:50,18508.25,200,2100750
20221117,09:54:52,18508.25,50,2100750
20221117,09:54:53,18508.25,500,2100750
20221117,09:54:59,18507.50,50,2100750
20221117,09:55:12,18509.25,50,2100750
20221117,09:55:14,18509.40,50,2100750
20221117,09:55:15,18509.40,50,2100750
20221117,09:55:22,18509.40,50,2100750
20221117,09:55:30,18511.00,50,2100750
20221117,09:55:31,18511.00,350,2100750
20221117,09:55:35,18512.60,50,2100750
20221117,09:55:36,18513.00,200,2100750
20221117,09:55:37,18515.05,200,2100750
20221117,09:55:39,18515.90,100,2100750
20221117,09:55:42,18516.05,100,2100750
20221117,09:55:44,18516.25,150,2100750
20221117,09:55:46,18519.00,200,2100750
20221117,09:55:48,18517.20,50,2100750
20221117,09:55:51,18519.90,50,2100750
20221117,09:55:52,18519.75,100,2100750
20221117,09:55:53,18519.95,50,2100750
20221117,09:55:54,18519.00,50,2100750
20221117,09:55:56,18516.65,100,2100750
20221117,09:55:59,18516.45,900,2100750
20221117,09:56:01,18519.00,50,2100750
20221117,09:56:02,18518.85,300,2100750
20221117,09:56:03,18520.00,50,2100750
20221117,09:56:07,18519.60,100,2100750
20221117,09:56:11,18522.00,550,2100750
20221117,09:56:13,18520.55,50,2100750
20221117,09:56:23,18522.15,100,2100750
20221117,09:56:25,18522.15,100,2100750
20221117,09:56:30,18519.50,50,2100750
20221117,09:56:31,18519.50,50,2100750
20221117,09:56:32,18520.00,50,2100750
20221117,09:56:35,18521.00,50,2100750
20221117,09:56:36,18520.30,50,2100750
20221117,09:56:39,18522.15,50,2100750
20221117,09:56:49,18521.70,150,2101850
20221117,09:56:52,18522.15,50,2101850
20221117,09:56:57,18521.70,100,2101850
20221117,09:56:59,18521.70,50,2101850
20221117,09:57:01,18520.00,50,2101850
20221117,09:57:05,18521.75,150,2101850
20221117,09:57:06,18520.15,50,2101850
20221117,09:57:17,18520.10,50,2101850
20221117,09:57:19,18520.75,100,2101850
20221117,09:57:27,18524.65,150,2101850
20221117,09:57:28,18524.75,50,2101850
20221117,09:57:29,18527.00,200,2101850
20221117,09:57:31,18528.20,100,2101850
20221117,09:57:33,18528.20,50,2101850
20221117,09:57:35,18524.70,500,2101850
20221117,09:57:37,18527.65,1400,2101850
20221117,09:57:41,18526.45,50,2101850
20221117,09:57:42,18525.40,150,2101850
20221117,09:57:44,18528.75,50,2101850
20221117,09:57:45,18528.75,250,2101850
20221117,09:57:55,18528.75,50,2101850
20221117,09:57:56,18525.00,50,2101850
20221117,09:58:05,18525.40,100,2101850
20221117,09:58:11,18525.00,50,2101850
20221117,09:58:12,18528.15,50,2101850
20221117,09:58:15,18528.40,500,2101850
20221117,09:58:16,18529.00,150,2101850
20221117,09:58:17,18529.00,50,2101850
20221117,09:58:18,18531.60,350,2101850
20221117,09:58:19,18531.65,50,2101850
20221117,09:58:20,18531.65,100,2101850
20221117,09:58:21,18530.00,100,2101850
20221117,09:58:22,18531.25,50,2101850
20221117,09:58:27,18530.00,50,2101850
20221117,09:58:28,18532.00,1700,2101850
20221117,09:58:31,18532.50,50,2101850
20221117,09:58:32,18532.50,50,2101850
20221117,09:58:33,18531.70,50,2101850
20221117,09:58:37,18528.65,50,2101850
20221117,09:58:44,18530.00,50,2101850
20221117,09:58:48,18528.65,50,2101850
20221117,09:58:51,18530.00,50,2101850
20221117,09:59:01,18530.00,900,2101850
20221117,09:59:02,18530.00,150,2101850
20221117,09:59:03,18530.00,100,2101850
20221117,09:59:06,18530.00,50,2101850
20221117,09:59:12,18530.00,50,2101850
20221117,09:59:15,18530.00,50,2101850
20221117,09:59:16,18530.00,50,2101850
20221117,09:59:17,18532.00,2600,2101850
20221117,09:59:20,18533.00,200,2101850
20221117,09:59:24,18532.45,50,2101850
20221117,09:59:29,18530.35,50,2101850
20221117,09:59:31,18531.65,50,2101850
20221117,09:59:35,18533.80,50,2101850
20221117,09:59:42,18533.80,100,2101850
20221117,09:59:45,18535.00,250,2104000
20221117,09:59:58,18533.70,50,2104000
20221117,10:00:02,18535.35,150,2104000
20221117,10:00:13,18532.95,50,2104000
20221117,10:00:17,18532.75,50,2104000
20221117,10:00:23,18534.90,100,2104000
20221117,10:00:26,18533.65,250,2104000
20221117,10:00:28,18533.60,100,2104000
20221117,10:00:32,18533.65,100,2104000
20221117,10:00:41,18533.45,550,2104000
20221117,10:00:50,18531.25,50,2104000
20221117,10:00:52,18529.60,300,2104000
20221117,10:00:53,18528.45,100,2104000
20221117,10:00:54,18528.00,1400,2104000
20221117,10:00:56,18526.55,50,2104000
20221117,10:00:57,18526.45,100,2104000
20221117,10:01:00,18526.55,50,2104000
20221117,10:01:03,18527.15,50,2104000
20221117,10:01:07,18528.00,50,2104000
20221117,10:01:22,18528.00,50,2104000
20221117,10:01:23,18528.00,350,2104000
20221117,10:01:38,18525.25,50,2104000
20221117,10:01:42,18527.60,200,2104000
20221117,10:01:58,18524.55,1000,2104000
20221117,10:02:00,18525.25,50,2104000
20221117,10:02:19,18527.00,50,2104000
20221117,10:02:23,18528.00,100,2104000
20221117,10:02:35,18527.95,50,2104000
20221117,10:02:36,18527.95,100,2104000
20221117,10:02:36,18524.75,50,2104000
20221117,10:02:43,18525.15,50,2104000
20221117,10:02:55,18525.00,100,2104600
20221117,10:02:58,18524.00,50,2104600
20221117,10:03:07,18523.75,100,2104600
20221117,10:03:15,18522.25,50,2104600
20221117,10:03:16,18521.95,50,2104600
20221117,10:03:17,18523.95,50,2104600
20221117,10:03:35,18520.15,100,2104600
20221117,10:03:37,18522.25,50,2104600
20221117,10:03:39,18520.15,150,2104600
20221117,10:03:40,18520.00,350,2104600
20221117,10:03:41,18520.00,100,2104600
20221117,10:03:42,18520.00,50,2104600
20221117,10:03:59,18518.00,50,2104600
20221117,10:04:06,18516.35,1000,2104600
20221117,10:04:07,18516.60,50,2104600
20221117,10:04:09,18520.60,100,2104600
20221117,10:04:10,18520.70,50,2104600
20221117,10:04:17,18518.00,100,2104600
20221117,10:04:18,18518.00,100,2104600
20221117,10:04:23,18518.00,50,2104600
20221117,10:04:30,18517.80,150,2104600
20221117,10:04:38,18517.80,50,2104600
20221117,10:04:40,18519.95,100,2104600
20221117,10:04:59,18516.85,200,2104600
20221117,10:05:03,18516.25,100,2104600
20221117,10:05:09,18516.25,50,2104600
20221117,10:05:10,18515.90,350,2104600
20221117,10:05:12,18515.00,1500,2104600
20221117,10:05:14,18514.45,50,2104600
20221117,10:05:18,18514.20,50,2104600
20221117,10:05:21,18517.65,50,2104600
20221117,10:05:22,18514.90,100,2104600
20221117,10:05:36,18515.00,50,2104600
20221117,10:05:36,18514.25,250,2104600
20221117,10:05:39,18514.00,200,2104600
20221117,10:05:40,18513.95,50,2104600
20221117,10:05:44,18513.95,200,2104600
20221117,10:05:48,18511.95,50,2105500
20221117,10:05:52,18512.25,50,2105500
20221117,10:05:58,18513.95,50,2105500
20221117,10:06:02,18512.25,350,2105500
20221117,10:06:11,18511.00,450,2105500
20221117,10:06:15,18511.40,100,2105500
20221117,10:06:16,18511.40,300,2105500
20221117,10:06:17,18511.30,50,2105500
20221117,10:06:18,18512.25,50,2105500
20221117,10:06:19,18511.45,550,2105500
20221117,10:06:20,18512.45,100,2105500
20221117,10:06:21,18512.55,100,2105500
20221117,10:06:23,18512.50,50,2105500
20221117,10:06:26,18512.00,50,2105500
20221117,10:06:27,18512.40,150,2105500
20221117,10:06:28,18512.80,100,2105500
20221117,10:06:28,18512.80,50,2105500
20221117,10:06:36,18512.65,50,2105500
20221117,10:06:39,18512.65,50,2105500
20221117,10:06:40,18512.55,50,2105500
20221117,10:06:42,18511.55,350,2105500
20221117,10:06:43,18511.20,50,2105500
20221117,10:06:46,18511.65,150,2105500
20221117,10:06:47,18511.90,50,2105500
20221117,10:06:55,18512.45,50,2105500
20221117,10:06:59,18514.20,50,2105500
20221117,10:07:00,18511.50,150,2105500
20221117,10:07:05,18513.70,100,2105500
20221117,10:07:09,18513.55,50,2105500
20221117,10:07:19,18513.60,50,2105500
20221117,10:07:24,18514.30,50,2105500
20221117,10:07:40,18514.75,250,2105500
20221117,10:07:41,18515.65,50,2105500
20221117,10:07:48,18519.95,1000,2105500
20221117,10:07:56,18519.95,100,2105500
20221117,10:07:57,18516.10,50,2105500
20221117,10:08:11,18512.05,50,2105500
20221117,10:08:12,18512.15,50,2105500
20221117,10:08:13,18515.00,50,2105500
20221117,10:08:24,18510.75,450,2105500
20221117,10:08:45,18511.30,50,2105500
20221117,10:09:02,18514.85,100,2107100
20221117,10:09:03,18514.75,50,2107100
20221117,10:09:10,18512.45,250,2107100
20221117,10:09:17,18514.75,500,2107100
20221117,10:09:20,18518.10,50,2107100
20221117,10:09:21,18519.25,100,2107100
20221117,10:09:28,18516.85,50,2107100
20221117,10:09:31,18516.10,200,2107100
20221117,10:09:40,18516.05,50,2107100
20221117,10:09:41,18516.40,150,2107100
20221117,10:09:52,18516.00,400,2107100
20221117,10:10:05,18513.40,100,2107100
20221117,10:10:08,18513.35,50,2107100
20221117,10:10:32,18513.30,50,2107100
20221117,10:10:36,18512.00,100,2107100
20221117,10:10:37,18510.35,50,2107100
20221117,10:10:41,18511.05,100,2107100
20221117,10:10:42,18511.30,50,2107100
20221117,10:10:43,18511.10,50,2107100
20221117,10:10:46,18512.50,50,2107100
20221117,10:10:48,18513.20,50,2107100
20221117,10:10:49,18512.70,50,2107100
20221117,10:10:52,18513.00,50,2107100
20221117,10:10:54,18512.35,100,2107100
20221117,10:11:00,18514.45,50,2107100
20221117,10:11:04,18514.50,50,2107100
20221117,10:11:08,18512.30,100,2107100
20221117,10:11:16,18515.40,50,2107100
20221117,10:11:36,18513.25,50,2107100
20221117,10:11:37,18513.60,100,2107100
20221117,10:11:38,18514.00,50,2107100
20221117,10:11:44,18515.00,300,2107100
20221117,10:11:49,18514.05,50,2108450
20221117,10:11:56,18512.40,50,2108450
20221117,10:12:10,18517.00,200,2108450
20221117,10:12:31,18513.25,100,2108450
20221117,10:12:32,18512.40,50,2108450
20221117,10:12:36,18511.85,400,2108450
20221117,10:12:37,18512.75,250,2108450
20221117,10:12:52,18514.80,100,2108450
20221117,10:12:55,18512.20,50,2108450
20221117,10:13:04,18514.85,50,2108450
20221117,10:13:07,18512.80,50,2108450
20221117,10:13:08,18515.50,100,2108450
20221117,10:13:17,18511.75,100,2108450
20221117,10:13:24,18511.75,50,2108450
20221117,10:13:28,18511.50,200,2108450
20221117,10:13:28,18511.75,50,2108450
20221117,10:13:46,18513.95,50,2108450
20221117,10:13:52,18510.55,150,2108450
20221117,10:14:01,18511.45,50,2108450
20221117,10:14:15,18510.00,450,2108450
20221117,10:14:16,18508.65,400,2108450
20221117,10:14:17,18508.60,50,2108450
20221117,10:14:18,18509.55,50,2108450
20221117,10:14:21,18508.50,250,2108450
20221117,10:14:22,18508.50,200,2108450
20221117,10:14:35,18508.85,50,2108450
20221117,10:14:42,18507.05,50,2108450
20221117,10:14:45,18508.00,50,2108450
20221117,10:14:48,18507.90,50,2110000
20221117,10:14:49,18510.70,50,2110000
20221117,10:15:17,18510.45,50,2110000
20221117,10:15:26,18510.70,50,2110000
20221117,10:15:32,18511.00,150,2110000
20221117,10:15:35,18511.00,50,2110000
20221117,10:15:39,18510.30,50,2110000
20221117,10:15:40,18511.45,100,2110000
20221117,10:15:44,18512.50,100,2110000
20221117,10:15:50,18511.45,50,2110000
20221117,10:15:54,18512.00,150,2110000
20221117,10:15:57,18510.80,50,2110000
20221117,10:16:04,18512.00,50,2110000
20221117,10:16:05,18514.45,100,2110000
20221117,10:16:07,18512.15,200,2110000
20221117,10:16:12,18512.15,50,2110000
20221117,10:16:13,18514.40,50,2110000
20221117,10:16:14,18511.75,50,2110000
20221117,10:16:17,18512.15,50,2110000
20221117,10:16:19,18514.75,100,2110000
20221117,10:16:26,18514.00,50,2110000
20221117,10:16:35,18514.00,50,2110000
20221117,10:16:38,18513.85,50,2110000
20221117,10:16:40,18515.00,200,2110000
20221117,10:16:46,18516.60,50,2110000
20221117,10:16:53,18514.15,50,2110000
20221117,10:16:58,18512.30,50,2110000
20221117,10:17:04,18514.80,50,2110000
20221117,10:17:06,18514.65,50,2110000
20221117,10:17:10,18514.65,50,2110000
20221117,10:17:13,18515.65,50,2110000
20221117,10:17:24,18515.35,50,2110000
20221117,10:17:32,18515.35,50,2110000
20221117,10:17:34,18516.10,50,2110000
20221117,10:17:35,18515.35,50,2110000
20221117,10:18:10,18512.00,100,2110750
20221117,10:18:12,18514.10,50,2110750
20221117,10:18:13,18513.95,50,2110750
20221117,10:18:22,18512.90,50,2110750
20221117,10:18:23,18515.15,100,2110750
20221117,10:18:29,18517.00,100,2110750
20221117,10:18:31,18517.40,50,2110750
20221117,10:18:33,18517.70,50,2110750
20221117,10:18:37,18517.85,50,2110750
20221117,10:18:48,18517.85,50,2110750
20221117,10:19:17,18516.65,50,2110750
20221117,10:19:20,18516.15,100,2110750
20221117,10:19:21,18515.15,50,2110750
20221117,10:19:27,18515.15,100,2110750
20221117,10:19:28,18512.00,250,2110750
20221117,10:19:29,18511.45,50,2110750
20221117,10:19:33,18511.25,50,2110750
20221117,10:19:39,18514.00,50,2110750
20221117,10:19:56,18512.85,150,2110750
20221117,10:20:00,18512.60,100,2110750
20221117,10:20:01,18512.40,150,2110750
20221117,10:20:02,18512.20,50,2110750
20221117,10:20:05,18512.00,50,2110750
20221117,10:20:06,18510.90,50,2110750
20221117,10:20:15,18512.00,50,2110750
20221117,10:20:17,18514.45,1800,2110750
20221117,10:20:20,18512.75,50,2110750
20221117,10:20:39,18512.00,50,2110750
20221117,10:21:00,18512.00,50,2110500
20221117,10:21:09,18516.40,300,2110500
20221117,10:21:23,18516.40,50,2110500
20221117,10:21:25,18516.50,50,2110500
20221117,10:21:49,18511.15,50,2110500
20221117,10:21:50,18513.65,100,2110500
20221117,10:21:54,18514.15,500,2110500
20221117,10:21:56,18511.00,50,2110500
20221117,10:22:06,18511.95,100,2110500
20221117,10:22:09,18508.40,100,2110500
20221117,10:22:16,18507.25,100,2110500
20221117,10:22:17,18507.00,100,2110500
20221117,10:22:19,18505.55,50,2110500
20221117,10:22:27,18509.00,50,2110500
20221117,10:22:39,18510.60,200,2110500
20221117,10:22:47,18505.70,350,2110500
20221117,10:22:52,18506.00,50,2110500
20221117,10:23:03,18506.00,100,2110500
20221117,10:23:09,18506.15,50,2110500
20221117,10:23:20,18507.15,100,2110500
20221117,10:23:21,18507.45,100,2110500
20221117,10:23:25,18507.20,50,2110500
20221117,10:23:31,18506.10,50,2110500
20221117,10:23:33,18506.50,50,2110500
20221117,10:23:33,18505.20,100,2110500
20221117,10:23:38,18505.70,200,2110500
20221117,10:23:42,18506.10,2050,2110500
20221117,10:23:47,18506.45,50,2110500
20221117,10:23:53,18510.10,50,2110500
20221117,10:24:00,18509.60,2200,2110800
20221117,10:24:01,18512.05,50,2110800
20221117,10:24:19,18509.70,50,2110800
20221117,10:24:30,18509.20,50,2110800
20221117,10:24:32,18507.80,50,2110800
20221117,10:24:45,18509.90,500,2110800
20221117,10:24:55,18509.90,450,2110800
20221117,10:25:03,18505.05,300,2110800
20221117,10:25:05,18505.05,50,2110800
20221117,10:25:06,18506.90,50,2110800
20221117,10:25:07,18506.90,50,2110800
20221117,10:25:14,18507.35,50,2110800
20221117,10:25:15,18506.05,400,2110800
20221117,10:25:16,18507.45,300,2110800
20221117,10:25:17,18507.45,1100,2110800
20221117,10:25:20,18508.05,50,2110800
20221117,10:25:28,18505.80,50,2110800
20221117,10:25:33,18507.45,550,2110800
20221117,10:25:43,18506.35,500,2110800
20221117,10:25:46,18507.45,50,2110800
20221117,10:26:08,18508.60,500,2110800
20221117,10:26:09,18509.20,50,2110800
20221117,10:26:17,18508.60,50,2110800
20221117,10:26:19,18508.60,100,2110800
20221117,10:26:21,18507.55,800,2110800
20221117,10:26:32,18507.40,1450,2110800
20221117,10:26:43,18507.00,150,2110800
20221117,10:26:50,18507.00,200,2111250
20221117,10:26:56,18507.10,100,2111250
20221117,10:26:58,18506.85,350,2111250
20221117,10:26:59,18506.30,500,2111250
20221117,10:27:07,18506.95,300,2111250
20221117,10:27:08,18507.15,150,2111250
20221117,10:27:09,18506.85,50,2111250
20221117,10:27:10,18507.25,450,2111250
20221117,10:27:12,18510.55,300,2111250
20221117,10:27:17,18512.10,1000,2111250
20221117,10:27:32,18509.45,500,2111250
20221117,10:27:32,18510.40,50,2111250
20221117,10:27:35,18512.60,50,2111250
20221117,10:27:45,18511.65,150,2111250
20221117,10:27:48,18511.65,50,2111250
20221117,10:27:51,18510.30,100,2111250
20221117,10:27:54,18510.70,150,2111250
20221117,10:28:01,18512.60,50,2111250
20221117,10:28:02,18510.70,150,2111250
20221117,10:28:03,18510.70,200,2111250
20221117,10:28:11,18510.70,50,2111250
20221117,10:28:11,18510.50,50,2111250
20221117,10:28:22,18510.45,100,2111250
20221117,10:28:35,18508.05,100,2111250
20221117,10:28:42,18508.65,50,2111250
20221117,10:28:43,18508.05,350,2111250
20221117,10:29:09,18508.05,100,2111250
20221117,10:29:13,18508.05,100,2111250
20221117,10:29:21,18509.00,50,2111250
20221117,10:29:33,18507.55,100,2111250
20221117,10:29:47,18505.25,50,2111250
20221117,10:29:55,18508.05,50,2112750
20221117,10:30:02,18508.05,50,2112750
20221117,10:30:07,18508.65,50,2112750
20221117,10:30:13,18511.05,50,2112750
20221117,10:30:14,18507.85,50,2112750
20221117,10:30:28,18508.20,150,2112750
20221117,10:30:40,18507.40,100,2112750
20221117,10:31:02,18507.00,100,2112750
20221117,10:31:12,18507.00,150,2112750
20221117,10:31:20,18505.25,1750,2112750
20221117,10:31:40,18508.10,50,2112750
20221117,10:32:16,18508.90,50,2112750
20221117,10:32:20,18508.45,100,2112750
20221117,10:32:31,18508.45,450,2112750
20221117,10:32:38,18506.20,50,2112750
20221117,10:32:39,18508.75,100,2112750
20221117,10:32:59,18510.45,500,2115000
20221117,10:33:02,18508.75,100,2115000
20221117,10:33:03,18507.85,50,2115000
20221117,10:33:05,18508.80,100,2115000
20221117,10:33:06,18506.20,50,2115000
20221117,10:33:19,18506.15,50,2115000
20221117,10:33:21,18505.95,50,2115000
20221117,10:33:33,18505.80,200,2115000
20221117,10:33:47,18507.45,50,2115000
20221117,10:33:50,18505.85,50,2115000
20221117,10:33:52,18508.45,50,2115000
20221117,10:33:54,18509.25,100,2115000
20221117,10:34:10,18505.55,200,2115000
20221117,10:34:12,18506.70,50,2115000
20221117,10:34:19,18506.90,50,2115000
20221117,10:34:52,18506.80,200,2115000
20221117,10:34:53,18506.90,50,2115000
20221117,10:34:59,18505.55,350,2115000
20221117,10:35:00,18505.00,250,2115000
20221117,10:35:01,18504.00,200,2115000
20221117,10:35:05,18504.00,350,2115000
20221117,10:35:06,18503.60,200,2115000
20221117,10:35:10,18503.60,100,2115000
20221117,10:35:13,18503.60,50,2115000
20221117,10:35:18,18505.30,100,2115000
20221117,10:35:21,18507.45,50,2115000
20221117,10:35:30,18503.40,100,2115000
20221117,10:35:46,18506.10,50,2115000
20221117,10:36:03,18505.30,50,2115550
20221117,10:36:04,18505.20,50,2115550
20221117,10:36:15,18503.70,50,2115550
20221117,10:36:17,18505.00,150,2115550
20221117,10:36:28,18505.00,50,2115550
20221117,10:36:30,18505.10,350,2115550
20221117,10:36:38,18502.30,50,2115550
20221117,10:36:55,18504.65,150,2115550
20221117,10:37:03,18503.70,50,2115550
20221117,10:37:13,18503.10,50,2115550
20221117,10:37:22,18503.10,150,2115550
20221117,10:37:28,18504.80,50,2115550
20221117,10:37:37,18504.80,50,2115550
20221117,10:37:48,18505.00,50,2115550
20221117,10:37:52,18504.80,50,2115550
20221117,10:37:58,18502.30,50,2115550
20221117,10:38:04,18505.00,350,2115550
20221117,10:38:08,18505.40,50,2115550
20221117,10:38:33,18505.35,50,2115550
20221117,10:38:36,18505.45,100,2115550
20221117,10:38:38,18505.35,100,2115550
20221117,10:39:09,18505.25,50,2116000
20221117,10:39:15,18506.75,50,2116000
20221117,10:39:22,18507.10,50,2116000
20221117,10:39:26,18505.35,50,2116000
20221117,10:39:30,18507.35,50,2116000
20221117,10:39:44,18506.35,50,2116000
20221117,10:39:45,18506.30,50,2116000
20221117,10:39:47,18506.35,50,2116000
20221117,10:40:13,18509.75,100,2116000
20221117,10:40:23,18509.75,50,2116000
20221117,10:40:31,18509.30,100,2116000
20221117,10:40:46,18509.30,50,2116000
20221117,10:40:47,18509.80,50,2116000
20221117,10:40:57,18512.70,50,2116000
20221117,10:40:59,18509.80,50,2116000
20221117,10:41:26,18510.00,50,2116000
20221117,10:41:30,18510.00,50,2116000
20221117,10:42:12,18508.75,50,2115800
20221117,10:42:29,18506.75,50,2115800
20221117,10:42:38,18506.15,150,2115800
20221117,10:42:57,18511.00,200,2115800
20221117,10:43:14,18507.00,100,2115800
20221117,10:43:15,18509.65,100,2115800
20221117,10:43:44,18506.90,100,2115800
20221117,10:43:52,18509.65,50,2115800
20221117,10:44:15,18509.70,50,2115800
20221117,10:44:20,18510.15,50,2115800
20221117,10:44:22,18509.70,100,2115800
20221117,10:44:22,18507.55,100,2115800
20221117,10:45:23,18509.00,100,2115800
20221117,10:45:30,18509.00,100,2116250
20221117,10:45:43,18507.55,50,2116250
20221117,10:45:47,18506.50,150,2116250
20221117,10:46:28,18506.80,50,2116250
20221117,10:46:35,18509.45,100,2116250
20221117,10:46:51,18509.55,50,2116250
20221117,10:46:54,18510.00,50,2116250
20221117,10:46:56,18511.45,50,2116250
20221117,10:47:01,18511.45,100,2116250
20221117,10:47:02,18514.80,50,2116250
20221117,10:47:55,18513.00,50,2116300
20221117,10:48:01,18513.00,100,2116300
20221117,10:48:02,18513.00,50,2116300
20221117,10:48:06,18515.00,50,2116300
20221117,10:48:08,18515.00,50,2116300
20221117,10:48:11,18515.00,50,2116300
20221117,10:48:13,18515.00,50,2116300
20221117,10:48:14,18515.00,50,2116300
20221117,10:48:27,18519.10,250,2116300
20221117,10:48:39,18519.50,100,2116300
20221117,10:48:42,18519.50,50,2116300
20221117,10:48:43,18519.50,50,2116300
20221117,10:48:50,18517.70,50,2116300
20221117,10:48:51,18519.55,50,2116300
20221117,10:49:07,18514.15,100,2116300
20221117,10:49:19,18514.30,100,2116300
20221117,10:49:31,18517.70,100,2116300
20221117,10:49:32,18517.70,50,2116300
20221117,10:49:45,18515.65,50,2116300
20221117,10:50:55,18515.30,200,2116700
20221117,10:51:40,18518.10,100,2116700
20221117,10:51:50,18515.70,150,2116700
20221117,10:53:06,18515.65,50,2116700
20221117,10:53:17,18514.70,50,2116700
20221117,10:53:37,18516.00,50,2116700
20221117,10:53:52,18515.00,600,2116700
20221117,10:54:00,18515.50,100,2115900
20221117,10:54:17,18514.80,50,2115900
20221117,10:54:25,18515.00,50,2115900
20221117,10:54:30,18515.00,50,2115900
20221117,10:54:32,18514.80,50,2115900
20221117,10:54:33,18515.00,100,2115900
20221117,10:54:37,18514.70,50,2115900
20221117,10:54:38,18514.80,50,2115900
20221117,10:54:39,18517.25,50,2115900
20221117,10:54:44,18515.70,150,2115900
20221117,10:54:47,18515.80,50,2115900
20221117,10:55:03,18517.50,50,2115900
20221117,10:55:04,18517.75,50,2115900
20221117,10:55:06,18516.95,100,2115900
20221117,10:55:07,18517.25,100,2115900
20221117,10:55:09,18517.30,100,2115900
20221117,10:55:20,18519.25,50,2115900
20221117,10:55:28,18516.10,100,2115900
20221117,10:55:49,18516.10,50,2115900
20221117,10:56:02,18516.10,50,2115900
20221117,10:56:13,18517.00,50,2115900
20221117,10:56:40,18516.95,100,2115900
20221117,10:56:47,18516.10,100,2115900
20221117,10:56:54,18516.10,100,2116100
20221117,10:56:56,18516.10,200,2116100
20221117,10:57:03,18514.70,50,2116100
20221117,10:57:06,18514.00,50,2116100
20221117,10:57:26,18511.35,50,2116100
20221117,10:57:33,18510.80,100,2116100
20221117,10:57:48,18514.20,150,2116100
20221117,10:58:01,18513.85,50,2116100
20221117,10:58:04,18511.70,50,2116100
20221117,10:58:08,18511.45,50,2116100
20221117,10:58:09,18511.45,50,2116100
20221117,10:58:14,18511.70,50,2116100
20221117,10:58:16,18511.25,50,2116100
20221117,10:58:24,18511.25,50,2116100
20221117,10:58:28,18511.25,50,2116100
20221117,10:58:31,18511.25,50,2116100
20221117,10:58:43,18511.00,100,2116100
20221117,10:58:46,18510.90,100,2116100
20221117,10:58:53,18511.45,50,2116100
20221117,10:59:22,18509.60,50,2116100
20221117,10:59:31,18512.30,50,2116100
20221117,10:59:32,18510.95,100,2116100
20221117,10:59:34,18510.40,1050,2116100
20221117,10:59:35,18509.15,200,2116100
20221117,10:59:36,18509.40,100,2116100
20221117,10:59:45,18510.90,50,2116100
20221117,10:59:53,18510.90,50,2116100
20221117,11:00:04,18510.90,50,2116000
20221117,11:00:06,18511.65,100,2116000
20221117,11:01:26,18510.00,50,2116000
20221117,11:01:31,18510.00,50,2116000
20221117,11:01:34,18510.00,100,2116000
20221117,11:01:37,18509.00,50,2116000
20221117,11:01:43,18508.00,100,2116000
20221117,11:01:44,18507.85,100,2116000
20221117,11:01:49,18506.65,100,2116000
20221117,11:01:51,18505.00,100,2116000
20221117,11:01:52,18505.00,50,2116000
20221117,11:01:58,18505.00,100,2116000
20221117,11:02:03,18505.00,200,2116000
20221117,11:02:12,18504.80,50,2116000
20221117,11:02:22,18506.30,100,2116000
20221117,11:02:23,18505.90,50,2116000
20221117,11:02:28,18504.05,50,2116000
20221117,11:02:39,18504.05,50,2116000
20221117,11:02:45,18504.25,50,2116000
20221117,11:02:53,18505.80,50,2116000
20221117,11:02:57,18505.15,100,2116350
20221117,11:02:58,18505.00,100,2116350
20221117,11:02:59,18504.00,100,2116350
20221117,11:03:01,18504.00,50,2116350
20221117,11:03:04,18503.05,50,2116350
20221117,11:03:06,18503.05,100,2116350
20221117,11:03:49,18503.20,50,2116350
20221117,11:03:50,18503.00,200,2116350
20221117,11:04:12,18503.00,100,2116350
20221117,11:04:23,18503.70,50,2116350
20221117,11:04:24,18503.70,50,2116350
20221117,11:04:30,18503.00,50,2116350
20221117,11:04:33,18503.00,50,2116350
20221117,11:04:34,18503.70,50,2116350
20221117,11:04:38,18503.00,50,2116350
20221117,11:04:51,18502.00,300,2116350
20221117,11:04:52,18503.00,300,2116350
20221117,11:04:53,18503.00,100,2116350
20221117,11:04:55,18503.00,150,2116350
20221117,11:04:58,18503.00,150,2116350
20221117,11:05:18,18503.95,100,2116350
20221117,11:05:20,18503.95,200,2116350
20221117,11:05:30,18503.95,50,2116350
20221117,11:05:36,18504.00,150,2116350
20221117,11:05:37,18505.00,150,2116350
20221117,11:05:38,18503.95,50,2116350
20221117,11:05:42,18503.50,50,2116350
20221117,11:06:04,18506.80,50,2116700
20221117,11:06:06,18505.00,50,2116700
20221117,11:06:10,18507.20,50,2116700
20221117,11:06:11,18507.20,50,2116700
20221117,11:06:26,18504.90,50,2116700
20221117,11:06:43,18504.00,50,2116700
20221117,11:06:48,18504.90,50,2116700
20221117,11:06:53,18504.90,100,2116700
20221117,11:06:58,18505.00,50,2116700
20221117,11:07:08,18505.00,50,2116700
20221117,11:07:21,18504.00,50,2116700
20221117,11:07:24,18502.70,100,2116700
20221117,11:07:35,18501.55,500,2116700
20221117,11:07:47,18502.50,50,2116700
20221117,11:08:35,18502.00,50,2116700
20221117,11:08:45,18501.65,400,2116700
20221117,11:09:00,18503.75,150,2116700
20221117,11:09:12,18503.65,100,2117000
20221117,11:09:13,18503.65,50,2117000
20221117,11:09:21,18503.65,50,2117000
20221117,11:09:33,18502.20,50,2117000
20221117,11:09:41,18501.70,50,2117000
20221117,11:09:46,18504.05,50,2117000
20221117,11:09:53,18504.05,50,2117000
20221117,11:09:57,18504.05,50,2117000
20221117,11:10:09,18504.30,50,2117000
20221117,11:10:10,18504.40,150,2117000
20221117,11:10:15,18504.40,100,2117000
20221117,11:10:23,18506.35,50,2117000
20221117,11:10:26,18505.00,50,2117000
20221117,11:10:34,18506.65,100,2117000
20221117,11:10:38,18506.00,50,2117000
20221117,11:10:40,18506.00,100,2117000
20221117,11:10:44,18506.70,50,2117000
20221117,11:10:46,18505.00,50,2117000
20221117,11:11:08,18505.00,50,2117000
20221117,11:11:09,18505.00,50,2117000
20221117,11:11:14,18505.00,50,2117000
20221117,11:11:32,18502.05,50,2117000
20221117,11:11:37,18504.55,200,2117000
20221117,11:12:04,18505.00,50,2117200
20221117,11:12:07,18506.00,50,2117200
20221117,11:12:08,18506.00,50,2117200
20221117,11:12:10,18507.70,50,2117200
20221117,11:12:21,18506.90,50,2117200
20221117,11:12:25,18506.90,50,2117200
20221117,11:12:35,18505.30,50,2117200
20221117,11:12:53,18506.95,50,2117200
20221117,11:13:03,18505.50,50,2117200
20221117,11:13:10,18509.05,50,2117200
20221117,11:13:13,18509.00,50,2117200
20221117,11:13:30,18507.85,50,2117200
20221117,11:13:34,18507.00,50,2117200
20221117,11:13:37,18505.00,300,2117200
20221117,11:13:39,18505.00,100,2117200
20221117,11:13:40,18505.00,100,2117200
20221117,11:13:41,18504.55,100,2117200
20221117,11:13:42,18504.10,100,2117200
20221117,11:13:43,18503.65,300,2117200
20221117,11:13:53,18502.15,50,2117200
20221117,11:13:57,18502.40,50,2117200
20221117,11:13:58,18502.00,300,2117200
20221117,11:13:59,18501.70,300,2117200
20221117,11:14:00,18498.65,1300,2117200
20221117,11:14:01,18498.90,100,2117200
20221117,11:14:08,18499.85,50,2117200
20221117,11:14:11,18500.40,500,2117200
20221117,11:14:11,18498.90,50,2117200
20221117,11:14:20,18497.00,200,2117200
20221117,11:14:27,18498.00,50,2117200
20221117,11:14:32,18498.00,50,2117200
20221117,11:14:38,18498.00,50,2117200
20221117,11:14:43,18498.00,150,2117200
20221117,11:14:48,18498.00,50,2117200
20221117,11:14:55,18499.55,50,2117200
20221117,11:15:01,18497.50,50,2118800
20221117,11:15:02,18497.00,150,2118800
20221117,11:15:03,18496.15,50,2118800
20221117,11:15:10,18498.95,50,2118800
20221117,11:15:13,18496.50,50,2118800
20221117,11:15:31,18498.00,50,2118800
20221117,11:15:34,18498.95,50,2118800
20221117,11:15:43,18499.50,100,2118800
20221117,11:15:44,18499.20,100,2118800
20221117,11:15:46,18498.95,50,2118800
20221117,11:15:49,18499.20,50,2118800
20221117,11:15:52,18498.00,50,2118800
20221117,11:15:56,18498.00,50,2118800
20221117,11:15:57,18498.00,550,2118800
20221117,11:15:58,18498.00,50,2118800
20221117,11:16:04,18498.00,50,2118800
20221117,11:16:10,18498.00,50,2118800
20221117,11:16:12,18495.60,300,2118800
20221117,11:16:17,18495.65,250,2118800
20221117,11:16:21,18498.00,100,2118800
20221117,11:16:31,18497.75,100,2118800
20221117,11:16:37,18495.10,50,2118800
20221117,11:16:40,18496.65,200,2118800
20221117,11:16:50,18496.65,100,2118800
20221117,11:16:52,18495.55,50,2118800
20221117,11:17:02,18495.00,100,2118800
20221117,11:17:04,18495.50,50,2118800
20221117,11:17:05,18495.50,50,2118800
20221117,11:17:09,18495.10,100,2118800
20221117,11:17:10,18495.00,150,2118800
20221117,11:17:16,18495.00,50,2118800
20221117,11:17:17,18496.20,150,2118800
20221117,11:17:21,18495.00,400,2118800
20221117,11:17:22,18494.65,50,2118800
20221117,11:17:26,18496.65,100,2118800
20221117,11:17:47,18497.95,100,2118800
20221117,11:17:48,18496.75,50,2118800
20221117,11:17:59,18498.00,50,2118800
20221117,11:18:04,18497.95,100,2119650
20221117,11:18:06,18498.00,50,2119650
20221117,11:18:20,18498.00,50,2119650
20221117,11:18:24,18496.90,50,2119650
20221117,11:18:30,18498.00,700,2119650
20221117,11:18:36,18498.00,50,2119650
20221117,11:18:37,18498.00,400,2119650
20221117,11:18:40,18499.00,100,2119650
20221117,11:18:43,18500.00,100,2119650
20221117,11:18:54,18499.85,50,2119650
20221117,11:18:56,18498.00,50,2119650
20221117,11:18:59,18499.85,50,2119650
20221117,11:19:05,18499.70,50,2119650
20221117,11:19:14,18499.00,150,2119650
20221117,11:19:18,18499.00,50,2119650
20221117,11:19:20,18498.95,50,2119650
20221117,11:19:23,18498.55,200,2119650
20221117,11:19:24,18496.75,50,2119650
20221117,11:19:32,18496.00,50,2119650
20221117,11:19:37,18497.60,100,2119650
20221117,11:19:45,18496.00,50,2119650
20221117,11:19:49,18497.10,50,2119650
20221117,11:19:56,18495.15,50,2119650
20221117,11:20:06,18496.00,50,2119650
20221117,11:20:21,18496.00,50,2119650
20221117,11:20:26,18496.00,100,2119650
20221117,11:20:32,18496.00,100,2119650
20221117,11:20:33,18496.00,50,2119650
20221117,11:20:34,18496.00,850,2119650
20221117,11:20:35,18496.00,50,2119650
20221117,11:20:38,18496.15,50,2119650
20221117,11:20:41,18497.00,100,2119650
20221117,11:20:46,18498.65,100,2119650
20221117,11:20:50,18498.65,50,2119650
20221117,11:20:58,18499.00,50,2119650
20221117,11:21:17,18498.70,100,2120750
20221117,11:21:17,18498.65,150,2120750
20221117,11:21:20,18498.00,50,2120750
20221117,11:21:26,18496.25,50,2120750
20221117,11:21:27,18498.00,50,2120750
20221117,11:21:28,18498.35,50,2120750
20221117,11:22:05,18495.00,500,2120750
20221117,11:22:09,18495.85,50,2120750
20221117,11:22:14,18495.15,50,2120750
20221117,11:22:34,18494.05,50,2120750
20221117,11:22:36,18494.05,50,2120750
20221117,11:22:37,18494.00,150,2120750
20221117,11:22:39,18494.55,50,2120750
20221117,11:22:44,18494.60,50,2120750
20221117,11:22:47,18494.00,200,2120750
20221117,11:22:49,18495.35,50,2120750
20221117,11:22:51,18493.55,50,2120750
20221117,11:22:54,18495.80,150,2120750
20221117,11:23:02,18497.70,150,2120750
20221117,11:23:12,18496.30,200,2120750
20221117,11:23:24,18496.20,50,2120750
20221117,11:23:26,18497.95,50,2120750
20221117,11:23:37,18497.95,50,2120750
20221117,11:23:42,18496.00,250,2120750
20221117,11:23:57,18497.95,50,2120750
20221117,11:23:58,18496.20,100,2121600
20221117,11:24:02,18497.95,100,2121600
20221117,11:24:07,18497.95,50,2121600
20221117,11:24:14,18496.30,50,2121600
20221117,11:24:20,18497.95,100,2121600
20221117,11:24:23,18496.50,50,2121600
20221117,11:24:29,18497.20,50,2121600
20221117,11:24:33,18496.75,50,2121600
20221117,11:24:35,18498.00,50,2121600
20221117,11:24:40,18498.85,50,2121600
20221117,11:24:46,18498.85,50,2121600
20221117,11:24:52,18496.55,150,2121600
20221117,11:24:59,18495.85,100,2121600
20221117,11:25:03,18498.70,50,2121600
20221117,11:25:09,18500.00,50,2121600
20221117,11:25:11,18499.95,50,2121600
20221117,11:25:15,18499.95,50,2121600
20221117,11:25:17,18500.00,400,2121600
20221117,11:25:23,18500.00,50,2121600
20221117,11:25:25,18501.40,100,2121600
20221117,11:25:29,18501.40,50,2121600
20221117,11:25:34,18501.40,100,2121600
20221117,11:25:39,18502.45,100,2121600
20221117,11:25:48,18505.30,800,2121600
20221117,11:25:54,18505.00,100,2121600
20221117,11:25:56,18504.25,50,2121600
20221117,11:25:59,18504.50,150,2121600
20221117,11:26:07,18503.40,50,2121600
20221117,11:26:08,18503.10,150,2121600
20221117,11:26:09,18503.25,50,2121600
20221117,11:26:10,18502.80,100,2121600
20221117,11:26:11,18502.80,50,2121600
20221117,11:26:26,18504.25,400,2121600
20221117,11:26:41,18505.65,300,2121600
20221117,11:27:02,18505.60,100,2121350
20221117,11:27:04,18504.25,150,2121350
20221117,11:27:23,18502.50,50,2121350
20221117,11:27:24,18503.65,50,2121350
20221117,11:27:38,18502.50,50,2121350
20221117,11:27:43,18503.90,50,2121350
20221117,11:27:44,18503.70,100,2121350
20221117,11:27:46,18504.25,50,2121350
20221117,11:28:00,18501.90,250,2121350
20221117,11:28:05,18503.65,100,2121350
20221117,11:28:07,18501.10,600,2121350
20221117,11:28:11,18500.95,100,2121350
20221117,11:28:19,18500.40,1000,2121350
20221117,11:28:24,18501.55,50,2121350
20221117,11:28:25,18503.00,50,2121350
20221117,11:28:28,18503.40,50,2121350
20221117,11:28:36,18500.70,50,2121350
20221117,11:28:38,18499.40,1000,2121350
20221117,11:28:52,18499.50,50,2121350
20221117,11:28:57,18501.40,700,2121350
20221117,11:29:03,18500.30,50,2121350
20221117,11:29:24,18497.30,50,2121350
20221117,11:29:27,18497.30,50,2121350
20221117,11:29:37,18497.30,100,2121350
20221117,11:29:39,18499.25,50,2121350
20221117,11:29:58,18499.25,50,2121350
20221117,11:30:02,18498.95,100,2121800
20221117,11:30:18,18497.50,100,2121800
20221117,11:30:25,18497.05,50,2121800
20221117,11:30:28,18497.05,50,2121800
20221117,11:31:05,18499.25,50,2121800
20221117,11:31:08,18499.50,100,2121800
20221117,11:31:12,18500.00,50,2121800
20221117,11:31:16,18501.15,50,2121800
20221117,11:31:21,18501.25,50,2121800
20221117,11:31:29,18503.75,1000,2121800
20221117,11:31:40,18505.05,450,2121800
20221117,11:31:52,18505.00,50,2121800
20221117,11:32:03,18502.75,50,2121800
20221117,11:32:13,18503.00,50,2121800
20221117,11:32:36,18500.10,50,2121800
20221117,11:32:52,18501.10,1000,2121800
20221117,11:33:10,18508.20,50,2122750
20221117,11:33:11,18507.95,100,2122750
20221117,11:33:40,18504.55,200,2122750
20221117,11:33:42,18505.75,50,2122750
20221117,11:33:58,18509.00,50,2122750
20221117,11:34:02,18509.85,100,2122750
20221117,11:34:03,18509.85,50,2122750
20221117,11:34:04,18509.85,50,2122750
20221117,11:34:14,18510.00,50,2122750
20221117,11:34:22,18508.60,100,2122750
20221117,11:34:34,18509.90,50,2122750
20221117,11:34:57,18508.55,150,2122750
20221117,11:34:58,18507.40,100,2122750
20221117,11:35:03,18509.65,50,2122750
20221117,11:35:05,18509.40,50,2122750
20221117,11:35:06,18509.75,50,2122750
20221117,11:35:08,18510.00,50,2122750
20221117,11:35:09,18510.00,50,2122750
20221117,11:35:11,18512.00,50,2122750
20221117,11:35:12,18512.00,50,2122750
20221117,11:35:13,18512.00,50,2122750
20221117,11:35:14,18512.00,200,2122750
20221117,11:35:16,18514.00,50,2122750
20221117,11:35:21,18510.65,50,2122750
20221117,11:35:27,18512.40,100,2122750
20221117,11:35:29,18513.90,50,2122750
20221117,11:35:30,18510.85,850,2122750
20221117,11:35:34,18514.40,50,2122750
20221117,11:35:37,18512.00,50,2122750
20221117,11:35:41,18514.10,300,2122750
20221117,11:35:48,18512.00,150,2122750
20221117,11:35:49,18510.80,50,2122750
20221117,11:36:06,18514.00,50,2122750
20221117,11:36:08,18515.00,200,2123450
20221117,11:36:11,18515.00,100,2123450
20221117,11:36:12,18513.95,50,2123450
20221117,11:36:13,18515.00,50,2123450
20221117,11:36:21,18515.00,250,2123450
20221117,11:36:23,18515.00,100,2123450
20221117,11:36:24,18514.75,50,2123450
20221117,11:36:26,18515.95,50,2123450
20221117,11:36:29,18514.75,200,2123450
20221117,11:36:40,18512.60,50,2123450
20221117,11:36:46,18511.70,250,2123450
20221117,11:36:49,18511.50,50,2123450
20221117,11:37:03,18511.40,50,2123450
20221117,11:37:18,18512.00,100,2123450
20221117,11:37:19,18512.00,100,2123450
20221117,11:37:23,18512.25,50,2123450
20221117,11:37:24,18511.65,200,2123450
20221117,11:37:25,18511.35,250,2123450
20221117,11:37:25,18510.30,50,2123450
20221117,11:37:28,18512.30,50,2123450
20221117,11:37:30,18511.15,100,2123450
20221117,11:37:31,18513.15,50,2123450
20221117,11:37:32,18511.10,50,2123450
20221117,11:37:33,18512.80,50,2123450
20221117,11:37:42,18511.00,50,2123450
20221117,11:37:46,18511.30,50,2123450
20221117,11:37:54,18513.00,50,2123450
20221117,11:38:05,18514.00,100,2123450
20221117,11:38:07,18514.80,400,2123450
20221117,11:38:16,18514.75,50,2123450
20221117,11:38:21,18515.00,150,2123450
20221117,11:38:28,18516.00,150,2123450
20221117,11:38:36,18516.00,50,2123450
20221117,11:38:38,18516.00,250,2123450
20221117,11:38:47,18516.45,100,2123450
20221117,11:38:48,18516.70,100,2123450
20221117,11:38:50,18516.35,100,2123450
20221117,11:38:55,18515.75,50,2123450
20221117,11:38:58,18515.35,150,2123450
20221117,11:39:03,18515.00,100,2126300
20221117,11:39:19,18515.00,50,2126300
20221117,11:39:28,18515.00,50,2126300
20221117,11:39:31,18515.00,50,2126300
20221117,11:39:45,18514.30,100,2126300
20221117,11:39:46,18513.50,50,2126300
20221117,11:39:47,18512.65,50,2126300
20221117,11:39:49,18513.40,50,2126300
20221117,11:39:58,18512.10,50,2126300
20221117,11:40:01,18512.00,50,2126300
20221117,11:40:10,18511.95,50,2126300
20221117,11:40:18,18512.05,50,2126300
20221117,11:40:27,18512.05,50,2126300
20221117,11:40:34,18512.05,50,2126300
20221117,11:40:35,18511.30,50,2126300
20221117,11:40:41,18511.90,100,2126300
20221117,11:40:48,18510.85,100,2126300
20221117,11:40:53,18510.30,50,2126300
20221117,11:40:58,18511.00,50,2126300
20221117,11:40:59,18511.55,500,2126300
20221117,11:41:00,18511.45,50,2126300
20221117,11:41:02,18510.70,300,2126300
20221117,11:41:06,18510.30,50,2126300
20221117,11:41:19,18512.75,100,2126300
20221117,11:41:21,18511.00,50,2126300
20221117,11:41:28,18510.30,50,2126300
20221117,11:42:22,18510.00,50,2127250
20221117,11:42:27,18510.00,50,2127250
20221117,11:42:28,18510.80,50,2127250
20221117,11:42:29,18510.00,50,2127250
20221117,11:42:34,18508.00,350,2127250
20221117,11:43:01,18510.00,100,2127250
20221117,11:43:02,18511.10,100,2127250
20221117,11:43:08,18510.30,50,2127250
20221117,11:43:14,18512.20,50,2127250
20221117,11:43:23,18513.55,50,2127250
20221117,11:43:31,18513.50,150,2127250
20221117,11:43:34,18512.95,50,2127250
20221117,11:43:53,18512.75,50,2127250
20221117,11:43:54,18510.60,100,2127250
20221117,11:44:16,18510.90,50,2127250
20221117,11:44:17,18512.20,50,2127250
20221117,11:44:58,18510.00,50,2127250
20221117,11:45:02,18510.30,50,2127250
20221117,11:45:03,18510.20,50,2127050
20221117,11:45:13,18512.85,50,2127050
20221117,11:45:16,18510.40,50,2127050
20221117,11:45:18,18513.40,50,2127050
20221117,11:45:20,18513.50,350,2127050
20221117,11:45:22,18510.45,50,2127050
20221117,11:45:40,18510.30,50,2127050
20221117,11:45:44,18511.10,200,2127050
20221117,11:45:48,18511.00,50,2127050
20221117,11:45:50,18511.40,100,2127050
20221117,11:45:53,18511.95,50,2127050
20221117,11:46:04,18511.00,50,2127050
20221117,11:46:06,18511.00,50,2127050
20221117,11:46:15,18511.00,50,2127050
20221117,11:46:33,18511.00,100,2127050
20221117,11:46:38,18508.25,200,2127050
20221117,11:46:39,18508.00,50,2127050
20221117,11:46:43,18510.90,150,2127050
20221117,11:46:50,18507.80,50,2127050
20221117,11:46:53,18507.80,50,2127050
20221117,11:47:16,18509.45,100,2127050
20221117,11:48:15,18507.80,100,2127050
20221117,11:48:15,18507.75,100,2127200
20221117,11:48:17,18510.25,50,2127200
20221117,11:48:30,18509.10,50,2127200
20221117,11:48:42,18508.45,50,2127200
20221117,11:48:47,18509.65,50,2127200
20221117,11:49:00,18509.65,50,2127200
20221117,11:49:32,18510.45,50,2127200
20221117,11:49:44,18512.00,150,2127200
20221117,11:49:59,18515.00,100,2127200
20221117,11:50:00,18515.00,50,2127200
20221117,11:50:04,18516.00,50,2127200
20221117,11:50:11,18513.25,50,2127200
20221117,11:50:12,18515.90,50,2127200
20221117,11:50:23,18512.90,50,2127200
20221117,11:50:52,18514.35,50,2127200
20221117,11:50:56,18514.40,50,2127200
20221117,11:50:57,18514.55,50,2127200
20221117,11:51:09,18513.00,50,2127600
20221117,11:51:14,18514.95,50,2127600
20221117,11:51:22,18512.95,50,2127600
20221117,11:51:23,18512.95,50,2127600
20221117,11:51:38,18515.00,50,2127600
20221117,11:51:43,18513.00,50,2127600
20221117,11:51:46,18513.00,250,2127600
20221117,11:52:12,18516.00,150,2127600
20221117,11:52:29,18516.90,50,2127600
20221117,11:52:35,18516.75,50,2127600
20221117,11:52:40,18516.75,50,2127600
20221117,11:52:48,18516.15,50,2127600
20221117,11:52:49,18516.40,100,2127600
20221117,11:53:02,18513.50,50,2127600
20221117,11:53:31,18512.45,100,2127600
20221117,11:53:44,18513.95,50,2127600
20221117,11:53:45,18514.10,100,2127600
20221117,11:53:47,18514.10,50,2127600
20221117,11:53:52,18512.50,50,2127600
20221117,11:54:02,18513.40,50,2127600
20221117,11:54:08,18513.25,400,2127600
20221117,11:54:36,18512.00,50,2128000
20221117,11:54:43,18513.00,50,2128000
20221117,11:54:47,18511.10,200,2128000
20221117,11:54:50,18513.85,50,2128000
20221117,11:54:52,18514.00,50,2128000
20221117,11:55:00,18512.00,50,2128000
20221117,11:55:23,18511.00,50,2128000
20221117,11:55:33,18511.00,50,2128000
20221117,11:55:34,18509.00,50,2128000
20221117,11:56:06,18510.00,100,2128000
20221117,11:56:08,18510.00,100,2128000
20221117,11:56:22,18507.40,50,2128000
20221117,11:56:33,18507.40,50,2128000
20221117,11:56:41,18506.50,50,2128000
20221117,11:56:51,18507.00,50,2128000
20221117,11:57:02,18505.00,150,2128000
20221117,11:57:21,18506.80,50,2128250
20221117,11:57:22,18507.00,50,2128250
20221117,11:57:24,18507.00,200,2128250
20221117,11:57:27,18509.55,50,2128250
20221117,11:57:52,18508.15,50,2128250
20221117,11:57:56,18507.15,50,2128250
20221117,11:57:57,18508.00,50,2128250
20221117,11:58:43,18508.15,50,2128250
20221117,11:58:45,18509.15,50,2128250
20221117,11:58:58,18509.10,50,2128250
20221117,11:59:05,18507.70,150,2128250
20221117,11:59:06,18507.70,150,2128250
20221117,11:59:10,18508.65,250,2128250
20221117,11:59:13,18505.95,200,2128250
20221117,11:59:15,18506.00,50,2128250
20221117,11:59:17,18505.65,100,2128250
20221117,11:59:19,18505.60,100,2128250
20221117,11:59:20,18505.60,50,2128250
20221117,11:59:21,18505.60,50,2128250
20221117,11:59:22,18505.60,50,2128250
20221117,11:59:24,18505.60,50,2128250
20221117,11:59:31,18505.55,50,2128250
20221117,11:59:35,18505.60,50,2128250
20221117,11:59:37,18507.55,350,2128250
20221117,11:59:41,18507.70,100,2128250
20221117,11:59:47,18505.20,50,2128250
20221117,12:00:01,18507.00,200,2128250
20221117,12:00:10,18506.00,50,2128250
20221117,12:00:19,18505.00,50,2129600
20221117,12:00:23,18505.00,50,2129600
20221117,12:00:32,18505.00,50,2129600
20221117,12:00:42,18505.00,50,2129600
20221117,12:00:43,18505.00,50,2129600
20221117,12:00:45,18505.00,100,2129600
20221117,12:00:46,18505.00,1050,2129600
20221117,12:00:52,18505.25,50,2129600
20221117,12:00:56,18505.55,50,2129600
20221117,12:01:12,18508.10,100,2129600
20221117,12:01:14,18508.10,100,2129600
20221117,12:01:17,18505.15,50,2129600
20221117,12:01:30,18505.00,50,2129600
20221117,12:01:43,18505.00,50,2129600
20221117,12:02:26,18507.00,100,2129600
20221117,12:02:27,18509.00,100,2129600
20221117,12:02:44,18513.20,150,2129600
20221117,12:02:45,18510.00,50,2129600
20221117,12:03:08,18510.65,50,2130000
20221117,12:03:11,18510.00,100,2130000
20221117,12:03:12,18510.40,50,2130000
20221117,12:03:14,18510.20,100,2130000
20221117,12:03:19,18512.15,50,2130000
20221117,12:03:29,18510.75,100,2130000
20221117,12:03:40,18508.00,50,2130000
20221117,12:03:53,18509.70,50,2130000
20221117,12:04:06,18508.00,50,2130000
20221117,12:04:11,18506.00,50,2130000
20221117,12:04:15,18508.80,50,2130000
20221117,12:04:17,18509.85,200,2130000
20221117,12:04:22,18508.40,50,2130000
20221117,12:04:28,18508.40,50,2130000
20221117,12:04:35,18510.00,50,2130000
20221117,12:04:36,18510.00,50,2130000
20221117,12:04:38,18510.00,50,2130000
20221117,12:04:42,18510.00,150,2130000
20221117,12:04:43,18510.00,100,2130000
20221117,12:04:50,18510.00,50,2130000
20221117,12:05:16,18508.90,50,2130000
20221117,12:05:45,18512.40,150,2130000
20221117,12:06:15,18514.00,50,2130300
20221117,12:06:28,18514.50,100,2130300
20221117,12:06:53,18514.00,50,2130300
20221117,12:07:44,18512.00,50,2130300
20221117,12:07:57,18511.60,50,2130300
20221117,12:08:12,18513.50,50,2130300
20221117,12:08:58,18511.70,50,2130300
20221117,12:09:13,18511.05,50,2130500
20221117,12:09:18,18511.00,50,2130500
20221117,12:09:29,18509.30,150,2130500
20221117,12:09:40,18509.00,50,2130500
20221117,12:09:47,18511.00,50,2130500
20221117,12:09:49,18511.90,100,2130500
20221117,12:10:11,18512.00,50,2130500
20221117,12:10:20,18509.80,50,2130500
20221117,12:10:27,18509.70,50,2130500
20221117,12:10:32,18512.00,50,2130500
20221117,12:10:36,18511.05,50,2130500
20221117,12:10:39,18512.00,50,2130500
20221117,12:10:43,18512.00,100,2130500
20221117,12:10:48,18511.80,100,2130500
20221117,12:10:52,18514.45,50,2130500
20221117,12:10:58,18512.30,50,2130500
20221117,12:11:01,18513.05,50,2130500
20221117,12:11:10,18513.00,50,2130500
20221117,12:11:12,18513.00,50,2130500
20221117,12:11:18,18513.95,50,2130500
20221117,12:11:21,18513.75,50,2130500
20221117,12:11:25,18512.70,50,2130500
20221117,12:11:26,18513.00,50,2130500
20221117,12:11:33,18512.90,100,2130500
20221117,12:11:39,18513.00,50,2130500
20221117,12:11:44,18512.75,50,2130500
20221117,12:12:00,18511.00,100,2130500
20221117,12:12:11,18510.95,50,2130700
20221117,12:12:19,18510.15,300,2130700
20221117,12:12:28,18509.00,50,2130700
20221117,12:12:46,18509.00,50,2130700
20221117,12:13:12,18508.60,50,2130700
20221117,12:13:13,18508.60,50,2130700
20221117,12:13:20,18509.00,50,2130700
20221117,12:13:30,18509.00,50,2130700
20221117,12:13:32,18509.00,100,2130700
20221117,12:13:34,18508.25,50,2130700
20221117,12:13:41,18507.40,50,2130700
20221117,12:13:46,18509.00,150,2130700
20221117,12:13:47,18507.90,50,2130700
20221117,12:13:51,18509.00,100,2130700
20221117,12:13:55,18507.40,50,2130700
20221117,12:14:11,18507.35,50,2130700
20221117,12:14:18,18507.35,50,2130700
20221117,12:14:19,18509.40,50,2130700
20221117,12:14:35,18508.85,50,2130700
20221117,12:14:45,18507.30,50,2130700
20221117,12:14:48,18507.00,300,2130700
20221117,12:14:50,18508.90,50,2130700
20221117,12:14:56,18510.15,100,2130700
20221117,12:14:57,18510.40,50,2130700
20221117,12:15:00,18508.10,50,2130700
20221117,12:15:02,18510.55,50,2130700
20221117,12:15:05,18508.85,50,2130700
20221117,12:15:25,18507.00,150,2131600
20221117,12:15:26,18508.70,50,2131600
20221117,12:15:27,18507.00,50,2131600
20221117,12:15:29,18507.00,50,2131600
20221117,12:15:30,18506.95,100,2131600
20221117,12:15:31,18506.95,50,2131600
20221117,12:15:35,18507.00,50,2131600
20221117,12:15:38,18507.00,50,2131600
20221117,12:15:51,18509.40,100,2131600
20221117,12:15:52,18510.20,50,2131600
20221117,12:16:00,18509.45,50,2131600
20221117,12:16:08,18510.40,50,2131600
20221117,12:16:11,18508.25,50,2131600
20221117,12:16:15,18510.00,50,2131600
20221117,12:16:23,18510.85,100,2131600
20221117,12:16:53,18509.30,50,2131600
20221117,12:16:59,18511.00,100,2131600
20221117,12:17:08,18514.10,50,2131600
20221117,12:17:09,18514.15,50,2131600
20221117,12:17:10,18513.05,50,2131600
20221117,12:17:18,18513.05,250,2131600
20221117,12:17:20,18515.00,200,2131600
20221117,12:17:21,18516.00,50,2131600
20221117,12:17:24,18516.90,50,2131600
20221117,12:17:26,18517.00,100,2131600
20221117,12:17:29,18517.10,100,2131600
20221117,12:17:31,18520.00,800,2131600
20221117,12:17:32,18521.00,200,2131600
20221117,12:17:33,18521.00,750,2131600
20221117,12:17:35,18521.45,250,2131600
20221117,12:17:36,18525.00,500,2131600
20221117,12:17:37,18525.00,350,2131600
20221117,12:17:38,18524.35,50,2131600
20221117,12:17:40,18525.00,1550,2131600
20221117,12:17:41,18527.50,1450,2131600
20221117,12:17:42,18527.95,150,2131600
20221117,12:17:43,18527.75,50,2131600
20221117,12:17:48,18524.35,50,2131600
20221117,12:17:53,18523.00,100,2131600
20221117,12:17:56,18524.00,50,2131600
20221117,12:17:57,18524.00,150,2131600
20221117,12:18:04,18523.05,50,2131600
20221117,12:18:06,18524.00,50,2131600
20221117,12:18:07,18522.95,200,2131600
20221117,12:18:13,18523.90,50,2134650
20221117,12:18:38,18521.00,100,2134650
20221117,12:18:41,18520.55,200,2134650
20221117,12:18:53,18520.00,50,2134650
20221117,12:19:06,18519.20,50,2134650
20221117,12:19:12,18519.40,250,2134650
20221117,12:19:22,18518.70,200,2134650
20221117,12:19:24,18519.95,50,2134650
20221117,12:19:26,18519.05,100,2134650
20221117,12:19:28,18518.50,50,2134650
20221117,12:19:44,18519.25,150,2134650
20221117,12:19:46,18519.00,50,2134650
20221117,12:19:47,18518.90,50,2134650
20221117,12:19:49,18519.45,50,2134650
20221117,12:19:58,18519.95,50,2134650
20221117,12:20:20,18518.00,50,2134650
20221117,12:20:24,18518.80,50,2134650
20221117,12:20:26,18518.05,50,2134650
20221117,12:20:30,18519.00,500,2134650
20221117,12:20:44,18521.15,50,2134650
20221117,12:20:46,18521.40,50,2134650
20221117,12:20:50,18519.00,50,2134650
20221117,12:20:57,18520.95,150,2134650
20221117,12:21:03,18519.75,50,2134650
20221117,12:21:10,18519.65,50,2134650
20221117,12:21:22,18519.60,50,2135400
20221117,12:21:25,18520.25,450,2135400
20221117,12:21:29,18518.00,100,2135400
20221117,12:21:35,18517.45,50,2135400
20221117,12:21:41,18519.35,50,2135400
20221117,12:21:42,18518.00,50,2135400
20221117,12:21:53,18517.50,50,2135400
20221117,12:21:54,18517.40,50,2135400
20221117,12:22:07,18517.30,50,2135400
20221117,12:22:11,18517.40,50,2135400
20221117,12:22:20,18518.45,50,2135400
20221117,12:22:21,18518.45,250,2135400
20221117,12:22:24,18517.35,200,2135400
20221117,12:22:26,18517.30,50,2135400
20221117,12:22:28,18519.50,50,2135400
20221117,12:22:32,18519.50,50,2135400
20221117,12:22:35,18517.30,50,2135400
20221117,12:22:48,18519.15,100,2135400
20221117,12:22:49,18519.15,50,2135400
20221117,12:22:52,18518.60,50,2135400
20221117,12:22:53,18519.15,50,2135400
20221117,12:22:56,18519.15,100,2135400
20221117,12:22:59,18519.50,100,2135400
20221117,12:23:00,18519.50,50,2135400
20221117,12:23:03,18517.30,50,2135400
20221117,12:23:10,18519.50,150,2135400
20221117,12:23:20,18518.45,50,2135400
20221117,12:23:21,18518.50,50,2135400
20221117,12:23:25,18519.15,50,2135400
20221117,12:23:35,18518.95,100,2135400
20221117,12:23:40,18518.80,50,2135400
20221117,12:23:41,18518.80,50,2135400
20221117,12:23:45,18517.00,150,2135400
20221117,12:23:51,18519.45,50,2135400
20221117,12:23:55,18520.15,50,2135400
20221117,12:23:56,18519.50,50,2135400
20221117,12:23:58,18518.00,150,2135400
20221117,12:24:14,18518.00,200,2136550
20221117,12:24:20,18518.00,50,2136550
20221117,12:24:39,18519.10,150,2136550
20221117,12:24:57,18518.20,50,2136550
20221117,12:24:59,18518.20,50,2136550
20221117,12:25:05,18518.00,50,2136550
20221117,12:25:06,18517.85,250,2136550
20221117,12:25:50,18519.00,50,2136550
20221117,12:25:57,18516.40,50,2136550
20221117,12:26:05,18518.00,50,2136550
20221117,12:26:06,18518.00,50,2136550
20221117,12:26:07,18517.85,50,2136550
20221117,12:26:29,18517.00,250,2136550
20221117,12:26:38,18517.00,50,2136550
20221117,12:26:41,18515.95,50,2136550
20221117,12:26:49,18516.00,400,2136550
20221117,12:26:55,18516.80,100,2136550
20221117,12:27:03,18518.00,50,2136550
20221117,12:27:20,18518.75,50,2137000
20221117,12:27:25,18518.50,50,2137000
20221117,12:27:41,18519.05,150,2137000
20221117,12:27:54,18520.00,50,2137000
20221117,12:28:01,18520.00,150,2137000
20221117,12:28:02,18520.50,300,2137000
20221117,12:28:03,18520.50,150,2137000
20221117,12:28:04,18520.50,100,2137000
20221117,12:28:06,18521.55,100,2137000
20221117,12:28:08,18522.15,150,2137000
20221117,12:28:10,18523.00,50,2137000
20221117,12:28:44,18523.00,500,2137000
20221117,12:28:48,18523.75,100,2137000
20221117,12:28:58,18524.15,50,2137000
20221117,12:29:06,18524.15,100,2137000
20221117,12:29:17,18524.50,150,2137000
20221117,12:29:18,18524.80,100,2137000
20221117,12:29:30,18525.00,150,2137000
20221117,12:29:36,18524.55,100,2137000
20221117,12:29:55,18523.85,50,2137000
20221117,12:30:00,18524.55,100,2137000
20221117,12:30:00,18525.00,100,2137000
20221117,12:30:02,18525.90,50,2137000
20221117,12:30:03,18526.70,250,2137000
20221117,12:30:09,18526.95,550,2137000
20221117,12:30:16,18524.40,100,2138800
20221117,12:30:19,18527.00,50,2138800
20221117,12:30:22,18527.00,50,2138800
20221117,12:30:23,18527.00,50,2138800
20221117,12:30:25,18527.00,50,2138800
20221117,12:30:30,18527.00,250,2138800
20221117,12:30:39,18527.00,100,2138800
20221117,12:30:42,18524.45,100,2138800
20221117,12:30:53,18526.35,50,2138800
20221117,12:30:56,18526.45,150,2138800
20221117,12:31:05,18527.00,50,2138800
20221117,12:31:08,18526.50,50,2138800
20221117,12:31:14,18527.00,200,2138800
20221117,12:31:16,18527.90,50,2138800
20221117,12:31:19,18527.00,50,2138800
20221117,12:31:32,18527.00,50,2138800
20221117,12:31:41,18527.00,100,2138800
20221117,12:31:42,18527.15,50,2138800
20221117,12:31:45,18526.50,100,2138800
20221117,12:31:47,18528.00,50,2138800
20221117,12:31:48,18529.15,100,2138800
20221117,12:31:49,18528.65,100,2138800
20221117,12:31:50,18530.00,50,2138800
20221117,12:31:52,18530.00,50,2138800
20221117,12:31:53,18530.00,250,2138800
20221117,12:31:58,18529.00,50,2138800
20221117,12:32:00,18529.00,50,2138800
20221117,12:32:06,18530.00,250,2138800
20221117,12:32:08,18530.45,150,2138800
20221117,12:32:09,18530.50,50,2138800
20221117,12:32:10,18528.20,250,2138800
20221117,12:32:14,18530.10,50,2138800
20221117,12:32:20,18528.90,50,2138800
20221117,12:32:22,18528.90,50,2138800
20221117,12:32:29,18528.90,50,2138800
20221117,12:32:34,18529.00,50,2138800
20221117,12:32:53,18528.50,50,2138800
20221117,12:32:54,18528.80,100,2138800
20221117,12:32:59,18528.50,50,2138800
20221117,12:33:02,18528.50,50,2138800
20221117,12:33:13,18526.65,100,2138800
20221117,12:33:16,18526.65,50,2139750
20221117,12:33:20,18527.75,50,2139750
20221117,12:33:22,18527.55,50,2139750
20221117,12:33:23,18529.25,50,2139750
20221117,12:33:34,18529.95,50,2139750
20221117,12:33:53,18529.00,50,2139750
20221117,12:33:54,18529.00,50,2139750
20221117,12:33:56,18530.00,100,2139750
20221117,12:34:07,18529.95,50,2139750
20221117,12:34:11,18529.00,50,2139750
20221117,12:34:24,18529.05,50,2139750
20221117,12:34:27,18530.00,300,2139750
20221117,12:34:39,18530.50,50,2139750
20221117,12:34:40,18530.45,150,2139750
20221117,12:34:44,18530.50,50,2139750
20221117,12:34:47,18530.50,50,2139750
20221117,12:34:48,18530.35,50,2139750
20221117,12:34:49,18530.35,50,2139750
20221117,12:34:51,18530.50,250,2139750
20221117,12:35:00,18530.50,100,2139750
20221117,12:35:06,18530.50,100,2139750
20221117,12:35:08,18530.35,50,2139750
20221117,12:35:16,18530.50,50,2139750
20221117,12:35:18,18528.90,550,2139750
20221117,12:35:23,18530.50,50,2139750
20221117,12:35:24,18530.15,50,2139750
20221117,12:35:30,18530.10,50,2139750
20221117,12:35:38,18529.90,200,2139750
20221117,12:35:39,18528.25,50,2139750
20221117,12:35:40,18528.25,50,2139750
20221117,12:35:43,18529.55,50,2139750
20221117,12:35:44,18528.95,300,2139750
20221117,12:35:48,18530.45,100,2139750
20221117,12:35:52,18529.35,50,2139750
20221117,12:35:54,18529.25,50,2139750
20221117,12:35:59,18530.50,50,2139750
20221117,12:36:05,18529.25,50,2139750
20221117,12:36:08,18530.15,50,2139750
20221117,12:36:09,18529.80,50,2139750
20221117,12:36:10,18529.65,50,2139750
20221117,12:36:11,18529.65,50,2139750
20221117,12:36:12,18528.20,50,2139750
20221117,12:36:21,18529.35,50,2141050
20221117,12:36:26,18529.15,150,2141050
20221117,12:36:31,18528.70,100,2141050
20221117,12:36:33,18528.70,50,2141050
20221117,12:36:38,18528.85,50,2141050
20221117,12:36:40,18528.90,50,2141050
20221117,12:36:43,18528.20,50,2141050
20221117,12:36:59,18527.45,50,2141050
20221117,12:37:09,18527.45,50,2141050
20221117,12:37:14,18529.20,1100,2141050
20221117,12:37:23,18529.00,150,2141050
20221117,12:37:24,18528.25,100,2141050
20221117,12:37:25,18528.75,50,2141050
20221117,12:37:26,18528.75,50,2141050
20221117,12:37:27,18527.90,150,2141050
20221117,12:37:30,18528.75,100,2141050
20221117,12:37:33,18527.45,50,2141050
20221117,12:37:39,18526.65,50,2141050
20221117,12:37:59,18526.65,50,2141050
20221117,12:38:01,18526.65,50,2141050
20221117,12:38:03,18527.45,50,2141050
20221117,12:38:08,18527.40,50,2141050
20221117,12:38:11,18530.00,50,2141050
20221117,12:38:14,18528.45,50,2141050
20221117,12:38:15,18530.00,50,2141050
20221117,12:38:19,18530.15,50,2141050
20221117,12:38:21,18529.75,50,2141050
20221117,12:38:25,18530.00,50,2141050
20221117,12:38:32,18530.00,50,2141050
20221117,12:38:34,18530.00,50,2141050
20221117,12:38:38,18530.50,50,2141050
20221117,12:38:40,18531.00,100,2141050
20221117,12:38:41,18529.90,50,2141050
20221117,12:38:47,18531.00,100,2141050
20221117,12:38:51,18532.00,100,2141050
20221117,12:38:54,18531.90,150,2141050
20221117,12:38:54,18531.90,50,2141050
20221117,12:39:06,18531.75,150,2141050
20221117,12:39:12,18531.75,50,2141050
20221117,12:39:20,18531.75,50,2142650
20221117,12:39:34,18531.75,200,2142650
20221117,12:39:38,18531.75,500,2142650
20221117,12:39:44,18531.55,50,2142650
20221117,12:39:46,18531.05,300,2142650
20221117,12:39:54,18531.05,300,2142650
20221117,12:39:56,18531.05,150,2142650
20221117,12:40:03,18530.60,50,2142650
20221117,12:40:05,18530.60,50,2142650
20221117,12:40:07,18530.60,100,2142650
20221117,12:40:10,18531.00,100,2142650
20221117,12:40:20,18531.00,50,2142650
20221117,12:40:23,18530.85,50,2142650
20221117,12:40:26,18530.85,800,2142650
20221117,12:40:30,18530.25,250,2142650
20221117,12:40:33,18530.25,250,2142650
20221117,12:40:41,18530.20,50,2142650
20221117,12:40:44,18530.15,50,2142650
20221117,12:40:46,18530.00,300,2142650
20221117,12:40:48,18530.10,100,2142650
20221117,12:40:49,18530.00,50,2142650
20221117,12:40:55,18529.90,50,2142650
20221117,12:40:58,18529.90,50,2142650
20221117,12:41:06,18529.80,50,2142650
20221117,12:41:10,18529.80,250,2142650
20221117,12:41:15,18530.00,150,2142650
20221117,12:41:16,18530.00,50,2142650
20221117,12:41:21,18530.00,50,2142650
20221117,12:41:31,18531.00,150,2142650
20221117,12:41:33,18530.25,100,2142650
20221117,12:41:34,18531.00,50,2142650
20221117,12:41:35,18531.05,50,2142650
20221117,12:41:37,18529.30,600,2142650
20221117,12:41:44,18530.00,50,2142650
20221117,12:41:51,18530.00,50,2142650
20221117,12:41:52,18530.05,50,2142650
20221117,12:41:53,18530.05,50,2142650
20221117,12:41:55,18531.00,50,2142650
20221117,12:41:59,18531.05,50,2142650
20221117,12:42:00,18530.90,100,2142650
20221117,12:42:06,18530.65,50,2142650
20221117,12:42:08,18530.90,50,2142650
20221117,12:42:09,18530.60,200,2142650
20221117,12:42:10,18531.00,50,2142650
20221117,12:42:12,18530.50,50,2142650
20221117,12:42:15,18530.40,100,2146100
20221117,12:42:19,18530.30,50,2146100
20221117,12:42:20,18530.50,100,2146100
20221117,12:42:23,18530.30,50,2146100
20221117,12:42:34,18530.30,50,2146100
20221117,12:42:38,18530.30,100,2146100
20221117,12:42:42,18530.30,100,2146100
20221117,12:42:44,18530.30,50,2146100
20221117,12:42:50,18531.00,50,2146100
20221117,12:42:53,18531.00,50,2146100
20221117,12:42:54,18530.95,50,2146100
20221117,12:43:04,18530.90,50,2146100
20221117,12:43:06,18531.05,200,2146100
20221117,12:43:07,18531.05,300,2146100
20221117,12:43:09,18531.55,50,2146100
20221117,12:43:11,18530.90,100,2146100
20221117,12:43:12,18530.30,200,2146100
20221117,12:43:14,18529.95,50,2146100
20221117,12:43:20,18530.50,150,2146100
20221117,12:43:22,18530.05,150,2146100
20221117,12:43:23,18530.05,50,2146100
20221117,12:43:24,18530.05,50,2146100
20221117,12:43:34,18530.35,50,2146100
20221117,12:43:38,18530.35,50,2146100
20221117,12:43:43,18530.40,50,2146100
20221117,12:43:44,18531.00,200,2146100
20221117,12:43:48,18531.10,50,2146100
20221117,12:43:50,18530.80,200,2146100
20221117,12:43:54,18530.45,50,2146100
20221117,12:44:03,18531.20,50,2146100
20221117,12:44:07,18532.00,200,2146100
20221117,12:44:12,18532.00,50,2146100
20221117,12:44:16,18532.50,300,2146100
20221117,12:44:18,18533.00,50,2146100
20221117,12:44:26,18533.75,100,2146100
20221117,12:44:30,18533.75,50,2146100
20221117,12:44:31,18533.80,50,2146100
20221117,12:44:35,18533.75,300,2146100
20221117,12:44:37,18533.60,100,2146100
20221117,12:44:42,18533.60,50,2146100
20221117,12:44:45,18533.50,250,2146100
20221117,12:44:52,18534.25,1000,2146100
20221117,12:44:57,18533.40,100,2146100
20221117,12:44:58,18533.40,100,2146100
20221117,12:44:59,18533.35,50,2146100
20221117,12:45:04,18533.80,50,2146100
20221117,12:45:05,18533.60,50,2146100
20221117,12:45:06,18534.15,50,2146100
20221117,12:45:07,18533.60,100,2146100
20221117,12:45:08,18533.75,50,2146100
20221117,12:45:09,18533.40,350,2146100
20221117,12:45:13,18532.00,350,2146100
20221117,12:45:15,18532.35,250,2146100
20221117,12:45:16,18532.25,100,2150150
20221117,12:45:24,18532.25,50,2150150
20221117,12:45:32,18532.70,150,2150150
20221117,12:45:34,18532.40,150,2150150
20221117,12:45:38,18532.00,200,2150150
20221117,12:45:39,18531.45,100,2150150
20221117,12:45:45,18531.80,50,2150150
20221117,12:45:46,18531.75,50,2150150
20221117,12:45:47,18531.50,250,2150150
20221117,12:45:58,18531.75,50,2150150
20221117,12:46:08,18531.05,250,2150150
20221117,12:46:10,18531.40,50,2150150
20221117,12:46:14,18531.25,100,2150150
20221117,12:46:16,18531.10,100,2150150
20221117,12:46:28,18531.10,50,2150150
20221117,12:46:29,18531.10,50,2150150
20221117,12:46:42,18531.10,100,2150150
20221117,12:46:48,18530.90,200,2150150
20221117,12:46:50,18530.50,300,2150150
20221117,12:46:58,18529.85,100,2150150
20221117,12:47:01,18529.75,50,2150150
20221117,12:47:09,18529.65,100,2150150
20221117,12:47:10,18529.60,150,2150150
20221117,12:47:17,18529.45,100,2150150
20221117,12:47:19,18530.00,150,2150150
20221117,12:47:21,18530.00,50,2150150
20221117,12:47:22,18529.80,50,2150150
20221117,12:47:23,18529.40,400,2150150
20221117,12:47:24,18529.35,400,2150150
20221117,12:47:33,18528.00,250,2150150
20221117,12:47:35,18528.50,100,2150150
20221117,12:47:37,18526.90,100,2150150
20221117,12:47:38,18526.90,50,2150150
20221117,12:47:48,18526.40,350,2150150
20221117,12:47:49,18526.55,100,2150150
20221117,12:47:50,18526.40,50,2150150
20221117,12:47:51,18526.35,150,2150150
20221117,12:47:52,18526.40,50,2150150
20221117,12:47:55,18526.35,150,2150150
20221117,12:47:56,18525.95,50,2150150
20221117,12:47:57,18526.00,200,2150150
20221117,12:47:58,18526.05,300,2150150
20221117,12:48:01,18526.05,50,2150150
20221117,12:48:02,18526.05,50,2150150
20221117,12:48:05,18525.30,100,2150150
20221117,12:48:08,18526.00,150,2150150
20221117,12:48:09,18526.00,100,2150150
20221117,12:48:15,18526.00,50,2150150
20221117,12:48:21,18526.00,200,2154900
20221117,12:48:24,18526.00,150,2154900
20221117,12:48:29,18526.25,100,2154900
20221117,12:48:31,18526.55,100,2154900
20221117,12:48:36,18526.45,150,2154900
20221117,12:48:38,18526.45,1000,2154900
20221117,12:48:41,18526.05,50,2154900
20221117,12:48:51,18523.90,100,2154900
20221117,12:48:54,18523.95,100,2154900
20221117,12:48:55,18523.95,50,2154900
20221117,12:48:56,18523.75,50,2154900
20221117,12:48:57,18523.95,50,2154900
20221117,12:49:05,18523.80,50,2154900
20221117,12:49:14,18523.75,50,2154900
20221117,12:49:23,18523.75,1350,2154900
20221117,12:49:31,18522.75,100,2154900
20221117,12:49:35,18522.80,150,2154900
20221117,12:49:36,18523.30,200,2154900
20221117,12:49:39,18523.15,50,2154900
20221117,12:49:43,18523.20,50,2154900
20221117,12:49:48,18523.20,50,2154900
20221117,12:50:03,18524.35,50,2154900
20221117,12:50:25,18525.95,100,2154900
20221117,12:50:29,18525.90,50,2154900
20221117,12:50:37,18527.45,50,2154900
20221117,12:50:38,18528.70,100,2154900
20221117,12:50:41,18528.70,50,2154900
20221117,12:50:50,18527.15,50,2154900
20221117,12:51:00,18527.15,50,2154900
20221117,12:51:01,18529.00,50,2154900
20221117,12:51:08,18527.15,50,2154900
20221117,12:51:11,18529.30,50,2154900
20221117,12:51:17,18529.90,300,2158600
20221117,12:51:23,18529.00,50,2158600
20221117,12:51:26,18527.85,100,2158600
20221117,12:51:35,18527.85,50,2158600
20221117,12:51:47,18525.60,200,2158600
20221117,12:52:14,18525.00,50,2158600
20221117,12:52:27,18525.00,50,2158600
20221117,12:52:48,18525.00,50,2158600
20221117,12:52:53,18524.25,50,2158600
20221117,12:52:56,18525.60,50,2158600
20221117,12:53:07,18524.75,100,2158600
20221117,12:53:08,18524.65,50,2158600
20221117,12:53:10,18524.65,50,2158600
20221117,12:53:20,18524.65,100,2158600
20221117,12:53:23,18524.65,50,2158600
20221117,12:53:24,18525.60,50,2158600
20221117,12:53:28,18524.70,50,2158600
20221117,12:53:30,18524.25,50,2158600
20221117,12:53:33,18524.25,50,2158600
20221117,12:53:44,18524.20,50,2158600
20221117,12:53:46,18524.15,50,2158600
20221117,12:53:51,18524.15,100,2158600
20221117,12:53:52,18524.10,50,2158600
20221117,12:53:55,18524.15,50,2158600
20221117,12:54:09,18524.60,50,2158600
20221117,12:54:14,18524.60,50,2158600
20221117,12:54:16,18526.00,50,2158600
20221117,12:54:19,18527.10,250,2159450
20221117,12:54:25,18525.95,100,2159450
20221117,12:54:38,18525.85,50,2159450
20221117,12:54:54,18526.10,50,2159450
20221117,12:54:56,18525.85,50,2159450
20221117,12:55:03,18528.30,450,2159450
20221117,12:55:07,18528.30,50,2159450
20221117,12:55:11,18525.00,50,2159450
20221117,12:55:34,18524.00,50,2159450
20221117,12:55:36,18523.70,50,2159450
20221117,12:55:39,18523.80,100,2159450
20221117,12:55:45,18524.00,50,2159450
20221117,12:55:58,18524.70,50,2159450
20221117,12:56:00,18524.70,50,2159450
20221117,12:56:11,18526.65,100,2159450
20221117,12:56:27,18525.30,50,2159450
20221117,12:56:35,18524.45,700,2159450
20221117,12:56:39,18525.25,50,2159450
20221117,12:56:46,18526.20,50,2159450
20221117,12:56:50,18528.00,50,2159450
20221117,12:56:52,18528.00,50,2159450
20221117,12:56:55,18526.15,50,2159450
20221117,12:57:37,18527.20,50,2161350
20221117,12:57:40,18528.50,50,2161350
20221117,12:57:45,18528.50,50,2161350
20221117,12:57:46,18527.95,50,2161350
20221117,12:57:48,18527.95,50,2161350
20221117,12:57:59,18528.00,50,2161350
20221117,12:58:00,18530.00,1000,2161350
20221117,12:58:03,18527.95,50,2161350
20221117,12:58:26,18529.95,100,2161350
20221117,12:58:33,18530.00,50,2161350
20221117,12:58:39,18530.00,50,2161350
20221117,12:58:42,18530.00,50,2161350
20221117,12:58:50,18530.00,50,2161350
20221117,12:58:57,18530.00,50,2161350
20221117,12:59:13,18530.00,50,2161350
20221117,12:59:31,18530.00,50,2161350
20221117,12:59:40,18530.00,50,2161350
20221117,12:59:43,18528.05,50,2161350
20221117,12:59:50,18529.90,100,2161350
20221117,12:59:56,18530.00,50,2161350
20221117,12:59:59,18530.00,50,2161350
20221117,13:00:04,18530.00,600,2161350
20221117,13:00:09,18531.25,150,2161350
20221117,13:00:09,18530.05,50,2161350
20221117,13:00:13,18532.15,200,2161350
20221117,13:00:24,18532.15,50,2161350
20221117,13:00:25,18530.85,50,2161600
20221117,13:00:27,18530.45,300,2161600
20221117,13:00:28,18530.40,50,2161600
20221117,13:00:29,18530.15,300,2161600
20221117,13:00:34,18530.05,50,2161600
20221117,13:00:42,18530.20,200,2161600
20221117,13:00:48,18530.10,50,2161600
20221117,13:00:49,18533.10,100,2161600
20221117,13:00:51,18529.90,300,2161600
20221117,13:00:52,18529.90,200,2161600
20221117,13:00:57,18529.25,100,2161600
20221117,13:01:02,18532.65,500,2161600
20221117,13:01:11,18528.90,50,2161600
20221117,13:01:17,18528.90,50,2161600
20221117,13:01:18,18527.50,100,2161600
20221117,13:01:30,18527.00,150,2161600
20221117,13:01:57,18531.85,50,2161600
20221117,13:02:10,18531.85,50,2161600
20221117,13:02:45,18532.10,50,2161600
20221117,13:02:55,18528.15,400,2161600
20221117,13:03:03,18528.15,50,2161600
20221117,13:03:11,18528.10,50,2161600
20221117,13:03:18,18527.75,50,2162300
20221117,13:03:24,18529.05,50,2162300
20221117,13:03:56,18529.05,50,2162300
20221117,13:03:58,18529.50,50,2162300
20221117,13:04:01,18528.65,50,2162300
20221117,13:04:06,18529.55,50,2162300
20221117,13:04:27,18530.00,50,2162300
20221117,13:04:29,18530.15,50,2162300
20221117,13:04:37,18532.15,400,2162300
20221117,13:04:50,18532.15,50,2162300
20221117,13:05:05,18534.00,50,2162300
20221117,13:05:07,18535.00,200,2162300
20221117,13:05:11,18535.00,100,2162300
20221117,13:05:13,18533.75,150,2162300
20221117,13:05:14,18535.00,100,2162300
20221117,13:05:15,18535.65,1350,2162300
20221117,13:05:16,18536.10,200,2162300
20221117,13:05:16,18536.10,50,2162300
20221117,13:05:17,18536.10,150,2162300
20221117,13:05:18,18537.10,50,2162300
20221117,13:05:23,18537.40,100,2162300
20221117,13:05:24,18537.40,50,2162300
20221117,13:05:37,18536.85,50,2162300
20221117,13:05:42,18536.85,50,2162300
20221117,13:05:46,18533.35,550,2162300
20221117,13:05:47,18535.00,50,2162300
20221117,13:05:49,18536.00,50,2162300
20221117,13:05:50,18533.40,50,2162300
20221117,13:05:52,18536.70,300,2162300
20221117,13:05:55,18533.10,150,2162300
20221117,13:05:57,18536.65,50,2162300
20221117,13:06:03,18534.05,50,2162300
20221117,13:06:04,18534.05,50,2162300
20221117,13:06:09,18536.55,100,2162300
20221117,13:06:21,18534.00,50,2151950
20221117,13:06:24,18536.70,100,2151950
20221117,13:06:29,18533.35,50,2151950
20221117,13:06:33,18533.70,150,2151950
20221117,13:06:36,18533.70,50,2151950
20221117,13:06:38,18533.65,50,2151950
20221117,13:06:40,18533.70,50,2151950
20221117,13:06:46,18535.70,50,2151950
20221117,13:06:50,18533.00,250,2151950
20221117,13:06:53,18535.65,150,2151950
20221117,13:07:03,18533.90,100,2151950
20221117,13:07:14,18536.00,150,2151950
20221117,13:07:16,18535.00,50,2151950
20221117,13:07:28,18535.00,100,2151950
20221117,13:07:36,18532.75,150,2151950
20221117,13:07:40,18536.55,550,2151950
20221117,13:07:47,18536.65,150,2151950
20221117,13:08:21,18536.65,50,2151950
20221117,13:08:31,18532.90,50,2151950
20221117,13:08:34,18535.25,300,2151950
20221117,13:08:37,18535.05,50,2151950
20221117,13:08:46,18533.00,50,2151950
20221117,13:08:48,18535.55,50,2151950
20221117,13:08:55,18532.00,150,2151950
20221117,13:09:10,18535.25,100,2151950
20221117,13:09:30,18534.00,150,2152750
20221117,13:09:41,18532.00,100,2152750
20221117,13:09:42,18530.10,100,2152750
20221117,13:09:53,18534.00,350,2152750
20221117,13:10:06,18530.05,50,2152750
20221117,13:10:17,18530.30,50,2152750
20221117,13:10:28,18533.30,100,2152750
20221117,13:10:31,18530.20,50,2152750
20221117,13:10:34,18533.60,50,2152750
20221117,13:10:40,18530.10,50,2152750
20221117,13:10:49,18530.05,50,2152750
20221117,13:10:53,18530.05,50,2152750
20221117,13:10:58,18531.10,150,2152750
20221117,13:11:01,18531.65,150,2152750
20221117,13:11:06,18530.00,150,2152750
20221117,13:11:09,18528.15,50,2152750
20221117,13:11:10,18530.60,50,2152750
20221117,13:11:32,18528.00,50,2152750
20221117,13:11:38,18530.90,50,2152750
20221117,13:11:48,18530.90,50,2152750
20221117,13:12:09,18528.65,50,2152750
20221117,13:12:10,18528.55,50,2152750
20221117,13:12:13,18528.40,50,2152750
20221117,13:12:14,18528.40,50,2152750
20221117,13:12:20,18528.40,50,2153100
20221117,13:12:22,18528.00,850,2153100
20221117,13:12:23,18530.90,50,2153100
20221117,13:12:30,18531.00,100,2153100
