20221125,09:16:13,43650.05,1,525
20221125,09:16:13,43650.05,25,525
20221125,09:16:27,43775.05,125,525
20221125,09:16:41,43775.15,100,525
20221125,09:16:54,43785.45,200,525
20221125,09:17:09,43786.40,175,525
20221125,09:17:24,43793.35,100,525
20221125,09:17:38,43802.40,100,525
20221125,09:17:52,43805.00,175,525
20221125,09:18:06,43810.30,200,525
20221125,09:18:13,43810.00,25,525
20221125,09:18:16,43811.40,100,525
20221125,09:18:23,43899.95,25,525
20221125,09:18:29,43899.95,100,525
20221125,09:18:42,43860.55,100,525
20221125,09:18:55,43855.90,100,525
20221125,09:19:07,43950.00,100,525
20221125,09:19:10,43950.00,25,525
20221125,09:19:15,43818.75,25,525
20221125,09:19:18,43810.75,300,525
20221125,09:19:40,43825.00,25,525
20221125,09:19:45,43822.20,25,525
20221125,09:19:48,43858.00,125,525
20221125,09:20:02,43849.80,25,525
20221125,09:20:10,43989.95,100,525
20221125,09:20:13,43989.95,25,525
20221125,09:20:23,43835.00,75,1850
20221125,09:20:38,43947.30,50,1850
20221125,09:20:43,43845.00,500,1850
20221125,09:20:46,43831.20,75,1850
20221125,09:20:48,43866.60,100,1850
20221125,09:20:53,43845.00,100,1850
20221125,09:20:54,43831.20,25,1850
20221125,09:20:56,43831.20,25,1850
20221125,09:20:58,43850.00,325,1850
20221125,09:20:59,43834.20,25,1850
20221125,09:21:03,43845.00,25,1850
20221125,09:21:06,43875.20,50,1850
20221125,09:21:14,43866.55,100,1850
20221125,09:21:17,43866.55,50,1850
20221125,09:21:31,43859.75,50,1850
20221125,09:21:42,43844.95,50,1850
20221125,09:21:49,43843.30,200,1850
20221125,09:21:57,43849.95,50,1850
20221125,09:22:01,43843.30,175,1850
20221125,09:22:11,43840.05,25,1850
20221125,09:22:14,43840.05,25,1850
20221125,09:22:18,43839.20,125,1850
20221125,09:22:19,43838.65,25,1850
20221125,09:22:23,43847.90,50,1850
20221125,09:22:36,43850.00,25,1850
20221125,09:22:37,43850.75,25,1850
20221125,09:22:41,43853.95,50,1850
20221125,09:22:47,43848.60,25,1850
20221125,09:22:54,43856.15,100,1850
20221125,09:23:07,43856.00,50,1850
20221125,09:23:12,43857.60,50,1850
20221125,09:23:24,43862.00,125,3475
20221125,09:23:27,43866.90,50,3475
20221125,09:23:30,43860.65,50,3475
20221125,09:23:32,43874.90,75,3475
20221125,09:23:37,43864.90,25,3475
20221125,09:23:40,43864.85,200,3475
20221125,09:23:42,43863.70,100,3475
20221125,09:23:47,43861.20,25,3475
20221125,09:24:01,43859.60,25,3475
20221125,09:24:03,43859.15,25,3475
20221125,09:24:29,43861.20,25,3475
20221125,09:25:07,43866.00,25,3475
20221125,09:25:10,43866.95,25,3475
20221125,09:25:17,43877.65,25,3475
20221125,09:25:55,43903.50,100,3475
20221125,09:26:04,43905.55,25,3475
20221125,09:26:32,43899.95,25,3875
20221125,09:26:43,43900.00,25,3875
20221125,09:26:50,43903.50,25,3875
20221125,09:27:01,43905.65,25,3875
20221125,09:27:06,43905.95,25,3875
20221125,09:27:20,43905.95,25,3875
20221125,09:27:30,43906.00,50,3875
20221125,09:27:46,43907.25,25,3875
20221125,09:28:43,43936.30,25,3875
20221125,09:28:58,43934.15,25,3875
20221125,09:29:12,43948.00,25,3875
20221125,09:29:15,43950.00,50,3875
20221125,09:29:37,43957.00,25,4050
20221125,09:30:00,43951.10,75,4050
20221125,09:30:12,43950.00,25,4050
20221125,09:30:25,43958.75,50,4050
20221125,09:30:30,43958.75,25,4050
20221125,09:30:41,43954.05,150,4050
20221125,09:30:44,43954.05,25,4050
20221125,09:30:52,43953.50,25,4050
20221125,09:31:10,43960.00,1425,4050
20221125,09:31:17,43965.65,25,4050
20221125,09:31:20,43973.45,25,4050
20221125,09:31:23,43965.65,75,4050
20221125,09:31:26,43965.65,75,4050
20221125,09:31:44,43965.60,25,4050
20221125,09:31:53,43965.65,225,4050
20221125,09:32:27,43980.00,500,4650
20221125,09:33:29,43980.00,150,4650
20221125,09:33:43,43980.25,25,4650
20221125,09:33:58,43976.80,125,4650
20221125,09:34:13,43965.00,25,4650
20221125,09:35:25,43951.00,25,4850
20221125,09:35:39,43952.05,25,4850
20221125,09:35:53,43950.00,50,4850
20221125,09:36:06,43911.85,25,4850
20221125,09:36:08,43920.00,25,4850
20221125,09:36:10,43923.00,25,4850
20221125,09:36:26,43931.00,50,4850
20221125,09:36:38,43931.00,25,4850
20221125,09:36:39,43928.00,25,4850
20221125,09:36:41,43928.55,100,4850
20221125,09:36:46,43923.00,25,4850
20221125,09:37:01,43910.00,25,4850
20221125,09:37:02,43910.00,275,4850
20221125,09:37:24,43900.00,75,4850
20221125,09:38:24,43900.60,100,5175
20221125,09:39:27,43910.00,25,5175
20221125,09:39:32,43920.00,25,5175
20221125,09:40:15,43934.45,25,5175
20221125,09:40:41,43925.05,50,5175
20221125,09:40:51,43932.95,200,5175
20221125,09:40:52,43925.05,25,5175
20221125,09:40:57,43925.00,100,5175
20221125,09:41:01,43917.00,25,5175
20221125,09:42:03,43921.80,50,5500
20221125,09:42:47,43905.00,100,5500
20221125,09:44:01,43899.05,200,5500
20221125,09:44:40,43896.85,25,5500
20221125,09:44:51,43904.00,25,5700
20221125,09:44:59,43904.70,25,5700
20221125,09:45:38,43884.05,125,5700
20221125,09:46:05,43885.00,25,5700
20221125,09:46:47,43885.00,25,5700
20221125,09:49:54,43899.95,50,5900
20221125,09:50:27,43900.00,25,5875
20221125,09:50:34,43900.00,75,5875
20221125,09:51:01,43909.80,25,5875
20221125,09:51:31,43925.00,75,5875
20221125,09:53:27,43926.60,300,5900
20221125,09:53:33,43920.05,50,5900
20221125,09:53:44,43931.10,100,5900
20221125,09:54:13,43938.15,25,5900
20221125,09:54:40,43940.00,100,5900
20221125,09:55:24,43927.85,50,5900
20221125,09:55:52,43920.00,25,5900
20221125,09:56:05,43906.60,50,5900
20221125,09:56:06,43904.25,25,5900
20221125,09:56:45,43900.00,50,6400
20221125,09:56:50,43893.15,25,6400
20221125,09:56:52,43893.10,25,6400
20221125,09:56:53,43891.40,25,6400
20221125,09:57:08,43889.55,75,6400
20221125,09:57:14,43890.65,25,6400
20221125,09:57:17,43889.95,75,6400
20221125,09:57:59,43883.85,25,6400
20221125,10:00:15,43877.65,25,6450
20221125,10:00:31,43875.00,25,6450
20221125,10:02:09,43877.65,25,6450
20221125,10:03:05,43882.85,25,6475
20221125,10:03:06,43879.90,25,6475
20221125,10:03:48,43880.05,25,6475
20221125,10:04:02,43880.00,25,6475
20221125,10:04:13,43871.00,25,6475
20221125,10:04:15,43860.00,50,6475
20221125,10:04:41,43850.00,75,6475
20221125,10:04:45,43847.95,25,6475
20221125,10:05:34,43840.00,25,6700
20221125,10:05:50,43847.95,25,6700
20221125,10:07:03,43857.85,25,6700
20221125,10:08:21,43840.00,25,6700
20221125,10:08:58,43847.90,125,6725
20221125,10:09:40,43853.95,25,6725
20221125,10:10:42,43865.05,25,6725
20221125,10:10:44,43865.00,100,6725
20221125,10:10:46,43865.00,100,6725
20221125,10:10:50,43854.00,25,6725
20221125,10:11:05,43862.85,25,6725
20221125,10:11:21,43854.00,375,6725
20221125,10:11:58,43850.00,25,6725
20221125,10:13:29,43855.00,50,7200
20221125,10:13:56,43855.00,200,7200
20221125,10:15:27,43858.95,50,7325
20221125,10:15:40,43855.00,25,7325
20221125,10:15:54,43859.15,225,7325
20221125,10:16:09,43859.00,25,7325
20221125,10:16:17,43864.50,25,7325
20221125,10:19:39,43865.00,50,7300
20221125,10:20:32,43865.00,25,7325
20221125,10:20:56,43859.40,25,7325
20221125,10:22:01,43854.85,25,7325
20221125,10:22:15,43862.05,25,7325
20221125,10:23:21,43867.40,25,7325
20221125,10:23:59,43860.05,150,7425
20221125,10:25:45,43851.40,125,7425
20221125,10:27:02,43864.30,50,7575
20221125,10:27:39,43867.80,50,7575
20221125,10:27:52,43864.30,25,7575
20221125,10:28:05,43863.00,100,7575
20221125,10:28:13,43863.00,25,7575
20221125,10:28:30,43875.00,50,7575
20221125,10:28:40,43880.00,25,7575
20221125,10:29:19,43882.95,175,7575
20221125,10:29:26,43879.70,125,7575
20221125,10:29:45,43891.20,325,7700
20221125,10:29:47,43897.70,50,7700
20221125,10:30:00,43899.00,25,7700
20221125,10:30:02,43900.00,50,7700
20221125,10:30:27,43899.00,50,7700
20221125,10:30:37,43900.00,25,7700
20221125,10:30:48,43902.10,50,7700
20221125,10:31:46,43895.60,50,7700
20221125,10:33:26,43895.00,25,7500
20221125,10:33:40,43892.25,50,7500
20221125,10:33:49,43889.85,100,7500
20221125,10:36:29,43879.70,25,7675
20221125,10:37:00,43873.55,50,7675
20221125,10:37:06,43882.60,25,7675
20221125,10:37:17,43885.00,25,7675
20221125,10:37:27,43892.80,25,7675
20221125,10:37:52,43895.60,25,7675
20221125,10:38:05,43898.35,25,7675
20221125,10:38:22,43884.95,50,7675
20221125,10:38:54,43890.00,25,7675
20221125,10:39:02,43894.60,50,7675
20221125,10:39:50,43893.70,150,7675
20221125,10:40:23,43895.95,150,7675
20221125,10:42:30,43899.40,200,7775
20221125,10:42:55,43892.85,25,7775
20221125,10:43:10,43900.00,125,7775
20221125,10:45:08,43911.90,25,7850
20221125,10:45:22,43910.75,25,7850
20221125,10:45:53,43910.75,50,7850
20221125,10:46:12,43915.00,25,7850
20221125,10:46:16,43920.50,50,7850
20221125,10:47:06,43923.00,25,7850
20221125,10:47:54,43917.75,50,7850
20221125,10:49:01,43909.00,25,7875
20221125,10:50:02,43900.00,25,7875
20221125,10:50:15,43901.00,25,7875
20221125,10:51:21,43890.85,25,7975
20221125,10:51:33,43891.25,100,7975
20221125,10:51:58,43896.00,25,7975
20221125,10:55:05,43865.00,25,8025
20221125,10:55:32,43863.40,325,8025
20221125,10:56:59,43855.00,25,8250
20221125,10:57:47,43863.40,25,8250
20221125,11:00:37,43851.00,50,8275
20221125,11:00:49,43856.15,25,8275
20221125,11:01:40,43850.00,100,8275
20221125,11:02:32,43850.00,50,8275
20221125,11:02:57,43852.00,25,8450
20221125,11:03:11,43852.00,25,8450
20221125,11:03:19,43850.00,25,8450
20221125,11:03:44,43850.00,150,8450
20221125,11:03:46,43850.00,100,8450
20221125,11:03:48,43850.00,100,8450
20221125,11:05:48,43840.00,75,8675
20221125,11:06:01,43832.05,25,8675
20221125,11:06:06,43829.00,50,8675
20221125,11:06:11,43825.00,25,8675
20221125,11:06:14,43820.25,25,8675
20221125,11:06:29,43823.30,25,8675
20221125,11:06:31,43820.00,50,8675
20221125,11:06:47,43820.25,25,8675
20221125,11:07:06,43822.00,100,8675
20221125,11:09:07,43822.00,100,8825
20221125,11:09:31,43822.00,25,8825
20221125,11:09:35,43820.00,50,8825
20221125,11:11:04,43816.00,50,8825
20221125,11:11:06,43810.00,25,8825
20221125,11:11:27,43805.00,50,8825
20221125,11:11:30,43805.00,50,8825
20221125,11:11:33,43805.00,25,8825
20221125,11:12:01,43805.00,25,9200
20221125,11:12:02,43805.00,25,9200
20221125,11:12:04,43801.00,275,9200
20221125,11:12:06,43801.00,25,9200
20221125,11:12:09,43786.30,350,9200
20221125,11:13:16,43772.95,25,9200
20221125,11:13:30,43769.95,25,9200
20221125,11:13:45,43770.00,25,9200
20221125,11:15:03,43751.00,50,9825
20221125,11:15:15,43747.70,25,9825
20221125,11:15:18,43753.50,50,9825
20221125,11:16:19,43767.75,50,9825
20221125,11:16:24,43768.30,50,9825
20221125,11:16:29,43766.65,25,9825
20221125,11:17:14,43765.05,25,9825
20221125,11:17:32,43764.65,25,9825
20221125,11:18:51,43764.65,25,9725
20221125,11:19:47,43775.20,25,9725
20221125,11:20:23,43778.30,200,9725
20221125,11:21:04,43776.60,25,9725
20221125,11:21:06,43777.65,25,9825
20221125,11:21:07,43778.75,75,9825
20221125,11:21:38,43771.60,25,9825
20221125,11:21:45,43772.00,25,9825
20221125,11:22:11,43779.85,25,9825
20221125,11:23:12,43778.25,25,9825
20221125,11:25:15,43779.90,25,9900
20221125,11:26:41,43778.00,25,9925
20221125,11:26:51,43771.60,100,9925
20221125,11:29:11,43781.45,25,9925
20221125,11:30:31,43785.90,25,10050
20221125,11:37:24,43795.75,25,10050
20221125,11:40:35,43785.00,25,10075
20221125,11:40:58,43783.45,25,10075
20221125,11:41:03,43783.45,50,10075
20221125,11:41:06,43781.25,25,10075
20221125,11:41:39,43780.00,25,10075
20221125,11:42:49,43757.15,125,10050
20221125,11:44:33,43749.05,25,10050
20221125,11:46:07,43736.70,425,10025
20221125,11:46:17,43729.85,25,10025
20221125,11:47:40,43730.85,50,10025
20221125,11:47:56,43735.00,25,10425
20221125,11:48:05,43737.95,50,10425
20221125,11:48:10,43741.25,25,10425
20221125,11:49:22,43711.45,50,10425
20221125,11:49:48,43705.00,25,10425
20221125,11:50:11,43705.95,25,10425
20221125,11:51:48,43700.00,100,10425
20221125,11:57:59,43703.40,200,10425
20221125,11:59:17,43700.00,25,10425
20221125,11:59:20,43695.00,25,10425
20221125,11:59:29,43690.00,25,10425
20221125,12:00:02,43692.00,25,10625
20221125,12:00:15,43690.00,25,10625
20221125,12:00:31,43690.00,75,10625
20221125,12:00:50,43695.00,25,10625
20221125,12:00:56,43690.00,50,10625
20221125,12:01:27,43680.00,75,10625
20221125,12:02:11,43685.25,25,10625
20221125,12:02:22,43675.00,25,10625
20221125,12:03:51,43672.85,25,10750
20221125,12:04:17,43671.00,50,10750
20221125,12:04:32,43681.65,125,10750
20221125,12:05:22,43700.15,25,10750
20221125,12:06:41,43713.95,25,10700
20221125,12:06:45,43718.50,125,10700
20221125,12:06:56,43721.00,25,10700
20221125,12:08:24,43703.95,25,10700
20221125,12:12:49,43699.30,25,10625
20221125,12:13:19,43713.30,100,10625
20221125,12:17:20,43718.30,25,10650
20221125,12:18:17,43717.00,50,10650
20221125,12:18:48,43724.50,250,10650
20221125,12:19:58,43733.65,25,10650
20221125,12:20:10,43730.90,25,10650
20221125,12:20:17,43739.05,25,10650
20221125,12:20:18,43730.85,25,10650
20221125,12:20:25,43730.90,50,10650
20221125,12:20:37,43727.15,25,10650
20221125,12:21:19,43726.65,25,11050
20221125,12:21:22,43726.25,50,11050
20221125,12:22:19,43741.25,25,11050
20221125,12:23:31,43739.15,25,11050
20221125,12:23:35,43739.15,50,11050
20221125,12:24:06,43738.10,75,11000
20221125,12:24:32,43737.50,50,11000
20221125,12:24:38,43736.95,50,11000
20221125,12:26:45,43723.30,100,11000
20221125,12:26:50,43723.30,25,11125
20221125,12:27:34,43718.30,50,11125
20221125,12:27:42,43712.20,25,11125
20221125,12:31:21,43712.30,25,11225
20221125,12:31:53,43726.70,50,11225
20221125,12:34:12,43717.65,100,11225
20221125,12:35:23,43737.65,25,11200
20221125,12:40:37,43723.15,25,11125
20221125,12:42:06,43737.00,100,11150
20221125,12:42:17,43740.00,25,11150
20221125,12:42:30,43740.00,25,11150
20221125,12:45:01,43720.00,25,11100
20221125,12:45:12,43720.00,25,11100
20221125,12:45:15,43720.00,25,11100
20221125,12:47:25,43705.15,50,11100
20221125,12:47:27,43701.30,25,11100
20221125,12:49:01,43734.60,50,11175
20221125,12:49:09,43743.25,50,11175
20221125,12:53:36,43770.00,25,11175
20221125,12:53:39,43771.60,50,11175
20221125,12:53:46,43768.25,25,11175
20221125,12:54:00,43765.00,25,11125
20221125,12:54:02,43771.60,75,11125
20221125,12:54:04,43772.70,50,11125
20221125,12:55:16,43769.25,25,11125
20221125,12:55:29,43773.70,75,11125
20221125,12:56:01,43774.75,25,11125
20221125,12:56:39,43782.95,25,11125
20221125,12:56:42,43776.45,25,11125
20221125,12:57:12,43782.95,50,11050
20221125,12:58:48,43782.00,25,11050
20221125,12:59:49,43767.10,25,11050
20221125,13:04:09,43750.00,50,11100
20221125,13:04:37,43750.00,25,11100
20221125,13:04:55,43740.00,25,11100
20221125,13:06:28,43738.00,25,11125
20221125,13:06:31,43738.90,25,11125
20221125,13:06:34,43738.00,75,11125
20221125,13:06:59,43732.00,25,11125
20221125,13:07:09,43731.95,25,11125
20221125,13:07:15,43729.00,25,11125
20221125,13:07:51,43725.00,25,11125
20221125,13:09:14,43721.35,25,11325
20221125,13:09:15,43718.10,25,11325
20221125,13:09:45,43721.50,25,11325
20221125,13:12:12,43737.20,25,11350
20221125,13:14:39,43747.80,25,11350
20221125,13:15:54,43727.35,25,11350
20221125,13:17:40,43732.65,25,11350
20221125,13:18:43,43735.00,25,11350
20221125,13:20:22,43725.00,25,11350
20221125,13:20:49,43733.70,50,11350
20221125,13:21:52,43734.10,50,11450
20221125,13:22:14,43734.00,50,11450
20221125,13:36:56,43770.00,75,11475
20221125,13:37:41,43773.80,125,11475
20221125,13:37:51,43775.00,25,11475
20221125,13:37:52,43783.70,125,11475
20221125,13:38:02,43785.35,50,11475
20221125,13:42:06,43782.75,25,11375
20221125,13:42:47,43782.00,25,11375
20221125,13:43:28,43757.35,25,11375
20221125,13:48:31,43781.00,50,11400
20221125,13:53:12,43789.05,25,11400
20221125,13:54:37,43790.45,50,11425
20221125,13:54:52,43790.80,25,11425
20221125,13:55:14,43800.00,75,11425
20221125,13:55:16,43796.00,25,11425
20221125,13:55:19,43800.00,200,11425
20221125,13:56:10,43818.60,500,11425
20221125,13:56:47,43819.00,50,11425
20221125,13:58:04,43807.00,50,11675
20221125,13:59:29,43804.30,25,11675
20221125,13:59:39,43800.10,100,11675
20221125,13:59:47,43800.05,25,11675
20221125,13:59:49,43800.10,25,11675
20221125,13:59:52,43800.00,25,11675
20221125,14:02:53,43803.35,50,11675
20221125,14:03:08,43800.90,50,11675
20221125,14:03:13,43787.70,300,11675
20221125,14:04:42,43787.10,25,11675
20221125,14:05:56,43805.75,25,11675
20221125,14:10:01,43787.60,50,11750
20221125,14:11:58,43760.00,150,11750
20221125,14:12:00,43750.00,250,11750
20221125,14:16:39,43694.70,25,12100
20221125,14:17:06,43680.00,25,12100
20221125,14:18:05,43687.00,50,12100
20221125,14:18:31,43672.25,50,12125
20221125,14:19:05,43670.00,50,12125
20221125,14:19:51,43667.75,25,12125
20221125,14:20:33,43670.00,25,12125
20221125,14:21:49,43683.40,25,12250
20221125,14:22:20,43680.00,25,12250
20221125,14:22:28,43665.00,25,12250
20221125,14:22:35,43664.75,25,12250
20221125,14:22:51,43659.90,50,12250
20221125,14:26:20,43700.05,25,12300
20221125,14:26:45,43710.00,25,12300
20221125,14:26:53,43720.00,25,12300
20221125,14:34:00,43750.00,25,12275
20221125,14:35:54,43766.00,25,12275
20221125,14:39:21,43777.50,25,12325
20221125,14:40:41,43790.00,25,12325
20221125,14:41:18,43794.15,25,12325
20221125,14:41:21,43794.05,25,12325
20221125,14:43:49,43755.65,25,12325
20221125,14:43:51,43755.70,50,12325
20221125,14:43:59,43751.25,25,12325
20221125,14:44:02,43750.70,25,12325
20221125,14:44:09,43750.00,25,12325
20221125,14:44:12,43746.75,25,12325
20221125,14:46:15,43771.55,50,12475
20221125,14:47:43,43761.30,300,12475
20221125,14:53:14,43737.55,25,12650
20221125,14:53:19,43726.35,25,12650
20221125,14:53:33,43713.60,25,12650
20221125,14:53:38,43713.55,25,12650
20221125,14:54:15,43721.65,25,12650
20221125,14:54:34,43731.40,25,12700
20221125,14:55:03,43755.00,25,12700
20221125,14:55:24,43788.00,50,12700
20221125,14:55:26,43789.05,25,12700
20221125,14:55:49,43788.35,25,12700
20221125,14:56:03,43794.45,25,12700
20221125,14:56:05,43799.50,25,12700
20221125,14:59:07,43795.00,25,12725
20221125,14:59:10,43799.00,25,12725
20221125,14:59:13,43818.10,325,12725
20221125,14:59:46,43820.00,25,12725
20221125,15:00:04,43830.00,25,12725
20221125,15:00:25,43842.90,25,12650
20221125,15:00:40,43840.55,25,12650
20221125,15:00:44,43840.50,25,12650
20221125,15:00:49,43825.60,25,12650
20221125,15:00:51,43819.55,50,12650
20221125,15:01:01,43793.20,75,12650
20221125,15:01:31,43793.70,75,12650
20221125,15:01:50,43794.00,50,12650
20221125,15:02:07,43794.00,25,12650
20221125,15:02:09,43794.00,50,12650
20221125,15:02:18,43794.00,25,12650
20221125,15:03:25,43735.85,50,12750
20221125,15:08:01,43782.55,25,12775
20221125,15:08:30,43790.25,225,12775
20221125,15:08:40,43794.00,25,12775
20221125,15:09:31,43792.15,25,13000
20221125,15:10:35,43799.00,25,13000
20221125,15:11:06,43815.00,200,13000
20221125,15:11:10,43822.70,25,13000
20221125,15:11:15,43824.25,25,13000
20221125,15:14:51,43822.90,25,13000
20221125,15:15:09,43804.15,25,12875
20221125,15:15:10,43800.00,25,12875
20221125,15:15:52,43801.75,100,12900
20221125,15:16:41,43816.70,25,12900
20221125,15:16:44,43825.00,25,12900
20221125,15:17:32,43807.30,25,12900
20221125,15:19:27,43806.00,25,12875
20221125,15:19:37,43800.00,25,12875
20221125,15:23:22,43795.95,25,12875
20221125,15:23:35,43798.65,50,12875
20221125,15:27:05,43788.80,25,12900
20221125,15:27:46,43785.00,25,12900
20221125,15:28:02,43785.00,25,12900
20221125,15:28:33,43785.00,25,12900
20221125,15:28:44,43785.00,25,12900
20221125,15:28:47,43785.00,25,12900
20221125,15:28:53,43790.00,100,12900
20221125,15:29:15,43790.00,25,12900
20221125,15:29:20,43790.00,25,12900
20221125,15:29:45,43785.00,25,12900
20221125,15:29:46,43785.00,25,12900
20221125,15:29:53,43785.00,25,12900
20221125,15:29:54,43785.00,50,12900
