20221125,09:15:03,43570.00,1,254075
20221125,09:15:03,43599.85,75,254075
20221125,09:15:04,43545.80,300,254075
20221125,09:15:06,43572.60,125,254075
20221125,09:15:08,43584.85,25,254075
20221125,09:15:13,43582.70,75,254075
20221125,09:15:16,43600.00,75,254075
20221125,09:15:17,43608.20,75,254075
20221125,09:15:18,43614.75,50,254075
20221125,09:15:19,43616.95,150,254075
20221125,09:15:20,43617.95,425,254075
20221125,09:15:22,43619.75,100,254075
20221125,09:15:26,43610.25,50,254075
20221125,09:15:35,43601.70,100,254075
20221125,09:15:36,43608.00,25,254075
20221125,09:15:38,43603.15,25,254075
20221125,09:15:39,43608.00,25,254075
20221125,09:15:40,43600.00,25,254075
20221125,09:15:44,43600.00,25,254075
20221125,09:15:45,43600.00,25,254075
20221125,09:15:46,43601.60,100,254075
20221125,09:15:46,43592.10,25,254075
20221125,09:15:47,43600.00,25,254075
20221125,09:15:53,43580.00,25,254075
20221125,09:15:54,43594.75,275,254075
20221125,09:16:01,43576.50,350,254075
20221125,09:16:03,43583.65,50,254075
20221125,09:16:05,43573.60,50,254075
20221125,09:16:07,43574.40,50,254075
20221125,09:16:09,43583.15,25,254075
20221125,09:16:11,43589.90,75,254075
20221125,09:16:17,43589.95,25,254075
20221125,09:16:20,43581.95,25,254075
20221125,09:16:22,43589.95,25,254075
20221125,09:16:24,43584.35,25,254075
20221125,09:16:25,43582.75,25,254075
20221125,09:16:26,43589.95,200,254075
20221125,09:16:27,43584.35,25,254075
20221125,09:16:29,43590.00,25,254075
20221125,09:16:33,43587.20,75,254075
20221125,09:16:37,43590.40,100,254075
20221125,09:16:40,43595.00,50,254075
20221125,09:16:44,43592.00,25,254075
20221125,09:16:50,43591.70,25,254075
20221125,09:16:52,43592.10,25,254075
20221125,09:16:56,43586.75,25,254075
20221125,09:17:00,43583.80,25,254075
20221125,09:17:06,43585.90,50,254075
20221125,09:17:07,43588.75,300,254075
20221125,09:17:09,43600.00,75,254075
20221125,09:17:13,43595.20,25,254125
20221125,09:17:14,43599.95,25,254125
20221125,09:17:15,43599.95,50,254125
20221125,09:17:21,43599.95,25,254125
20221125,09:17:22,43599.90,25,254125
20221125,09:17:24,43598.20,75,254125
20221125,09:17:26,43590.85,25,254125
20221125,09:17:37,43600.00,600,254125
20221125,09:17:39,43585.95,100,254125
20221125,09:17:45,43589.15,25,254125
20221125,09:17:55,43589.25,50,254125
20221125,09:17:56,43588.80,25,254125
20221125,09:18:01,43587.65,25,254125
20221125,09:18:10,43586.00,25,254125
20221125,09:18:15,43585.95,50,254125
20221125,09:18:20,43586.00,50,254125
20221125,09:18:22,43585.35,25,254125
20221125,09:18:24,43584.75,25,254125
20221125,09:18:25,43583.95,25,254125
20221125,09:18:27,43589.00,25,254125
20221125,09:18:30,43592.30,25,254125
20221125,09:18:37,43588.35,25,254125
20221125,09:18:38,43595.60,150,254125
20221125,09:18:40,43589.75,25,254125
20221125,09:18:41,43590.10,25,254125
20221125,09:18:43,43583.40,475,254125
20221125,09:18:45,43590.00,25,254125
20221125,09:18:51,43586.45,25,254125
20221125,09:18:54,43589.15,25,254125
20221125,09:19:06,43590.00,50,254125
20221125,09:19:08,43589.65,75,254125
20221125,09:19:11,43590.05,25,254125
20221125,09:19:13,43593.20,25,254125
20221125,09:19:14,43597.80,50,254125
20221125,09:19:16,43600.00,25,254125
20221125,09:19:17,43595.95,25,254125
20221125,09:19:26,43590.00,25,254125
20221125,09:19:40,43576.80,500,254125
20221125,09:19:43,43585.55,25,254125
20221125,09:19:47,43594.55,25,254125
20221125,09:20:00,43590.00,25,254125
20221125,09:20:08,43596.00,25,254125
20221125,09:20:13,43586.40,25,254125
20221125,09:20:22,43571.00,575,254825
20221125,09:20:24,43594.15,75,254825
20221125,09:20:33,43594.15,25,254825
20221125,09:20:42,43600.00,375,254825
20221125,09:20:44,43592.20,75,254825
20221125,09:20:46,43589.30,175,254825
20221125,09:20:47,43592.40,50,254825
20221125,09:20:57,43600.95,350,254825
20221125,09:20:59,43590.35,150,254825
20221125,09:21:01,43597.95,50,254825
20221125,09:21:02,43594.15,25,254825
20221125,09:21:07,43604.80,25,254825
20221125,09:21:12,43596.35,50,254825
20221125,09:21:17,43604.70,25,254825
20221125,09:21:22,43601.65,50,254825
20221125,09:21:24,43601.65,100,254825
20221125,09:21:29,43596.65,150,254825
20221125,09:21:30,43596.20,50,254825
20221125,09:21:32,43605.70,250,254825
20221125,09:21:37,43595.10,50,254825
20221125,09:21:42,43592.40,25,254825
20221125,09:21:44,43598.45,25,254825
20221125,09:21:49,43590.00,50,254825
20221125,09:21:55,43592.50,25,254825
20221125,09:22:00,43596.40,175,254825
20221125,09:22:05,43587.30,25,254825
20221125,09:22:18,43588.80,50,254825
20221125,09:22:22,43588.70,25,254825
20221125,09:22:25,43595.00,25,254825
20221125,09:22:30,43595.00,25,254825
20221125,09:22:33,43595.90,100,254825
20221125,09:22:36,43603.10,50,254825
20221125,09:22:43,43597.65,25,254825
20221125,09:22:48,43600.00,125,254825
20221125,09:22:50,43602.25,25,254825
20221125,09:22:53,43594.45,100,254825
20221125,09:22:54,43602.25,50,254825
20221125,09:22:56,43602.25,50,254825
20221125,09:22:58,43600.00,50,254825
20221125,09:22:59,43606.00,25,254825
20221125,09:23:01,43598.50,100,254825
20221125,09:23:07,43596.40,25,254825
20221125,09:23:11,43598.50,25,254825
20221125,09:23:21,43595.95,100,254475
20221125,09:23:24,43609.45,75,254475
20221125,09:23:29,43610.00,25,254475
20221125,09:23:31,43619.95,75,254475
20221125,09:23:36,43619.95,25,254475
20221125,09:23:41,43613.60,250,254475
20221125,09:23:42,43613.15,50,254475
20221125,09:23:54,43615.10,50,254475
20221125,09:24:06,43615.10,50,254475
20221125,09:24:16,43610.00,25,254475
20221125,09:24:21,43615.10,50,254475
20221125,09:24:24,43615.10,50,254475
20221125,09:24:27,43619.00,25,254475
20221125,09:24:29,43615.10,25,254475
20221125,09:24:41,43609.50,25,254475
20221125,09:24:45,43609.50,25,254475
20221125,09:24:49,43609.50,50,254475
20221125,09:24:52,43609.50,50,254475
20221125,09:24:56,43614.95,75,254475
20221125,09:25:01,43609.55,25,254475
20221125,09:25:02,43609.50,25,254475
20221125,09:25:07,43615.00,75,254475
20221125,09:25:09,43619.00,25,254475
20221125,09:25:12,43630.00,250,254475
20221125,09:25:14,43630.00,25,254475
20221125,09:25:25,43630.00,25,254475
20221125,09:25:27,43630.00,150,254475
20221125,09:25:35,43640.00,25,254475
20221125,09:25:37,43640.00,25,254475
20221125,09:25:42,43640.00,25,254475
20221125,09:25:45,43650.00,100,254475
20221125,09:25:47,43650.10,125,254475
20221125,09:25:48,43650.10,25,254475
20221125,09:25:50,43648.35,25,254475
20221125,09:25:52,43651.00,50,254475
20221125,09:25:53,43651.00,50,254475
20221125,09:25:55,43653.05,75,254475
20221125,09:25:57,43653.05,25,254475
20221125,09:25:58,43657.45,450,254475
20221125,09:26:00,43657.45,25,254475
20221125,09:26:02,43658.90,25,254475
20221125,09:26:03,43660.65,25,254475
20221125,09:26:05,43660.65,25,254475
20221125,09:26:10,43655.95,325,254475
20221125,09:26:11,43655.95,25,254475
20221125,09:26:15,43656.00,100,255300
20221125,09:26:18,43655.95,25,255300
20221125,09:26:21,43655.95,75,255300
20221125,09:26:23,43645.00,625,255300
20221125,09:26:31,43643.45,50,255300
20221125,09:26:39,43650.00,50,255300
20221125,09:26:42,43650.00,50,255300
20221125,09:26:44,43655.00,25,255300
20221125,09:26:47,43660.00,75,255300
20221125,09:26:49,43651.55,25,255300
20221125,09:26:57,43655.00,50,255300
20221125,09:26:59,43652.50,25,255300
20221125,09:27:01,43659.05,50,255300
20221125,09:27:05,43650.55,250,255300
20221125,09:27:10,43659.05,25,255300
20221125,09:27:18,43659.90,25,255300
20221125,09:27:19,43659.05,75,255300
20221125,09:27:21,43659.75,25,255300
20221125,09:27:31,43660.00,375,255300
20221125,09:27:32,43660.00,50,255300
20221125,09:27:37,43668.00,25,255300
20221125,09:27:39,43668.00,25,255300
20221125,09:27:47,43669.75,25,255300
20221125,09:27:49,43669.75,25,255300
20221125,09:27:52,43658.90,50,255300
20221125,09:27:59,43668.60,50,255300
20221125,09:28:00,43660.55,50,255300
20221125,09:28:05,43670.00,75,255300
20221125,09:28:07,43675.00,25,255300
20221125,09:28:15,43675.00,275,255300
20221125,09:28:16,43675.00,100,255300
20221125,09:28:18,43675.95,75,255300
20221125,09:28:21,43683.65,250,255300
20221125,09:28:23,43683.65,25,255300
20221125,09:28:25,43676.35,25,255300
20221125,09:28:26,43683.45,25,255300
20221125,09:28:33,43691.35,50,255300
20221125,09:28:38,43698.95,25,255300
20221125,09:28:46,43698.95,25,255300
20221125,09:28:49,43698.60,25,255300
20221125,09:28:55,43694.20,25,255300
20221125,09:28:59,43688.10,25,255300
20221125,09:29:02,43699.00,50,255300
20221125,09:29:04,43702.65,225,255300
20221125,09:29:07,43709.00,50,255300
20221125,09:29:09,43709.00,25,255300
20221125,09:29:12,43713.30,75,255300
20221125,09:29:15,43717.00,125,255525
20221125,09:29:20,43719.20,25,255525
20221125,09:29:22,43719.20,25,255525
20221125,09:29:25,43718.25,25,255525
20221125,09:29:30,43718.25,50,255525
20221125,09:29:32,43717.35,25,255525
20221125,09:29:41,43717.25,25,255525
20221125,09:29:50,43710.00,25,255525
20221125,09:29:51,43717.10,25,255525
20221125,09:29:56,43711.00,25,255525
20221125,09:30:01,43708.40,100,255525
20221125,09:30:03,43709.50,75,255525
20221125,09:30:04,43703.80,25,255525
20221125,09:30:11,43710.55,75,255525
20221125,09:30:13,43713.15,25,255525
20221125,09:30:14,43720.00,75,255525
20221125,09:30:16,43725.00,50,255525
20221125,09:30:17,43723.40,25,255525
20221125,09:30:25,43723.45,25,255525
20221125,09:30:27,43720.30,50,255525
20221125,09:30:32,43715.50,75,255525
20221125,09:30:43,43717.80,25,255525
20221125,09:30:46,43716.90,75,255525
20221125,09:30:47,43716.15,50,255525
20221125,09:30:49,43716.80,150,255525
20221125,09:30:57,43719.25,25,255525
20221125,09:30:59,43719.45,25,255525
20221125,09:31:02,43723.45,25,255525
20221125,09:31:04,43725.00,25,255525
20221125,09:31:05,43721.05,25,255525
20221125,09:31:07,43725.00,25,255525
20221125,09:31:08,43729.85,50,255525
20221125,09:31:10,43735.55,625,255525
20221125,09:31:12,43745.40,225,255525
20221125,09:31:13,43745.40,25,255525
20221125,09:31:23,43743.80,75,255525
20221125,09:31:30,43746.95,25,255525
20221125,09:31:35,43746.95,25,255525
20221125,09:31:41,43748.70,100,255525
20221125,09:31:43,43748.80,50,255525
20221125,09:31:45,43748.80,50,255525
20221125,09:31:53,43747.60,225,255525
20221125,09:31:54,43749.00,25,255525
20221125,09:31:57,43760.00,550,255525
20221125,09:32:01,43757.95,25,255525
20221125,09:32:04,43762.95,150,255525
20221125,09:32:06,43762.95,25,255525
20221125,09:32:07,43765.15,25,255525
20221125,09:32:17,43765.15,25,256575
20221125,09:32:20,43755.05,50,256575
20221125,09:32:25,43769.95,250,256575
20221125,09:32:27,43764.50,125,256575
20221125,09:32:30,43763.55,25,256575
20221125,09:32:32,43774.80,50,256575
20221125,09:32:34,43775.00,50,256575
20221125,09:32:35,43790.00,150,256575
20221125,09:32:37,43792.65,50,256575
20221125,09:32:39,43784.80,50,256575
20221125,09:32:47,43774.80,150,256575
20221125,09:32:50,43778.55,25,256575
20221125,09:32:59,43783.50,125,256575
20221125,09:33:09,43775.00,125,256575
20221125,09:33:11,43774.00,25,256575
20221125,09:33:12,43756.95,25,256575
20221125,09:33:16,43755.05,25,256575
20221125,09:33:17,43762.95,25,256575
20221125,09:33:21,43765.80,25,256575
20221125,09:33:22,43766.90,100,256575
20221125,09:33:24,43757.55,25,256575
20221125,09:33:26,43762.95,25,256575
20221125,09:33:27,43757.20,25,256575
20221125,09:33:32,43764.65,25,256575
20221125,09:33:53,43755.00,50,256575
20221125,09:33:55,43755.00,25,256575
20221125,09:33:57,43755.00,200,256575
20221125,09:34:02,43755.00,25,256575
20221125,09:34:05,43748.25,25,256575
20221125,09:34:07,43748.25,25,256575
20221125,09:34:13,43735.00,25,256575
20221125,09:34:16,43735.00,25,256575
20221125,09:34:18,43730.65,75,256575
20221125,09:34:21,43730.95,25,256575
20221125,09:34:28,43740.60,25,256575
20221125,09:34:30,43738.85,50,256575
20221125,09:34:32,43748.15,25,256575
20221125,09:34:36,43731.00,75,256575
20221125,09:34:55,43730.95,25,256575
20221125,09:35:02,43725.00,25,256575
20221125,09:35:03,43723.75,50,256575
20221125,09:35:07,43720.00,25,256575
20221125,09:35:10,43720.00,500,256575
20221125,09:35:11,43720.40,50,256575
20221125,09:35:13,43722.20,50,256575
20221125,09:35:15,43723.60,25,256575
20221125,09:35:16,43730.95,50,257125
20221125,09:35:18,43730.95,25,257125
20221125,09:35:21,43730.95,25,257125
20221125,09:35:23,43738.10,25,257125
20221125,09:35:26,43728.30,25,257125
20221125,09:35:31,43728.05,25,257125
20221125,09:35:36,43732.55,25,257125
20221125,09:35:40,43723.60,75,257125
20221125,09:35:41,43720.40,25,257125
20221125,09:35:46,43712.10,25,257125
20221125,09:35:51,43700.00,475,257125
20221125,09:35:55,43693.00,25,257125
20221125,09:35:58,43692.90,50,257125
20221125,09:36:01,43680.65,50,257125
20221125,09:36:03,43694.90,50,257125
20221125,09:36:06,43698.00,25,257125
20221125,09:36:09,43697.90,25,257125
20221125,09:36:13,43686.15,250,257125
20221125,09:36:18,43693.55,125,257125
20221125,09:36:23,43699.60,25,257125
20221125,09:36:24,43700.00,25,257125
20221125,09:36:26,43697.95,50,257125
20221125,09:36:32,43692.45,50,257125
20221125,09:36:39,43692.45,25,257125
20221125,09:36:40,43694.90,25,257125
20221125,09:36:42,43688.50,25,257125
20221125,09:36:49,43679.75,75,257125
20221125,09:36:50,43671.20,25,257125
20221125,09:36:57,43682.80,25,257125
20221125,09:37:05,43659.45,50,257125
20221125,09:37:06,43660.40,50,257125
20221125,09:37:10,43666.85,25,257125
20221125,09:37:11,43662.10,25,257125
20221125,09:37:15,43653.00,250,257125
20221125,09:37:18,43661.35,100,257125
20221125,09:37:20,43657.35,25,257125
20221125,09:37:28,43667.45,75,257125
20221125,09:37:36,43667.80,25,257125
20221125,09:37:43,43667.95,25,257125
20221125,09:37:55,43672.95,25,257125
20221125,09:38:00,43673.00,25,257125
20221125,09:38:01,43679.90,75,257125
20221125,09:38:03,43668.55,25,257125
20221125,09:38:11,43674.80,25,257125
20221125,09:38:16,43671.70,25,257125
20221125,09:38:21,43668.00,25,257825
20221125,09:38:23,43668.00,25,257825
20221125,09:38:28,43665.00,100,257825
20221125,09:38:29,43670.25,75,257825
20221125,09:38:31,43666.35,50,257825
20221125,09:38:42,43668.30,25,257825
20221125,09:38:47,43673.85,150,257825
20221125,09:38:55,43667.50,25,257825
20221125,09:38:59,43674.00,25,257825
20221125,09:39:05,43670.00,25,257825
20221125,09:39:07,43666.35,50,257825
20221125,09:39:10,43666.25,25,257825
20221125,09:39:12,43670.00,50,257825
20221125,09:39:22,43673.40,25,257825
20221125,09:39:27,43680.00,300,257825
20221125,09:39:28,43690.25,25,257825
20221125,09:39:38,43689.10,50,257825
20221125,09:39:40,43689.05,75,257825
20221125,09:39:48,43686.55,200,257825
20221125,09:39:54,43699.65,50,257825
20221125,09:39:56,43700.00,25,257825
20221125,09:39:58,43700.00,25,257825
20221125,09:40:01,43701.00,25,257825
20221125,09:40:03,43699.95,25,257825
20221125,09:40:07,43702.80,25,257825
20221125,09:40:12,43698.40,25,257825
20221125,09:40:22,43711.65,25,257825
20221125,09:40:24,43711.60,50,257825
20221125,09:40:26,43711.60,25,257825
20221125,09:40:29,43711.65,50,257825
20221125,09:40:34,43706.85,50,257825
20221125,09:40:35,43706.85,25,257825
20221125,09:40:37,43706.85,25,257825
20221125,09:40:40,43700.00,25,257825
20221125,09:40:42,43686.55,125,257825
20221125,09:40:48,43691.90,25,257825
20221125,09:40:58,43687.90,25,257825
20221125,09:41:00,43681.05,25,257825
20221125,09:41:06,43688.40,100,257825
20221125,09:41:10,43687.90,25,257825
20221125,09:41:20,43689.90,50,258300
20221125,09:41:23,43681.60,250,258300
20221125,09:41:41,43680.00,25,258300
20221125,09:41:43,43680.00,25,258300
20221125,09:41:44,43680.00,50,258300
20221125,09:41:46,43680.00,25,258300
20221125,09:41:51,43680.00,25,258300
20221125,09:41:54,43681.60,25,258300
20221125,09:42:04,43689.90,25,258300
20221125,09:42:09,43688.55,25,258300
20221125,09:42:12,43680.00,150,258300
20221125,09:42:25,43677.90,100,258300
20221125,09:42:30,43675.00,125,258300
20221125,09:42:37,43670.00,25,258300
20221125,09:42:43,43661.00,125,258300
20221125,09:42:47,43660.00,25,258300
20221125,09:42:50,43660.00,25,258300
20221125,09:42:59,43663.90,25,258300
20221125,09:43:03,43675.00,25,258300
20221125,09:43:04,43679.10,25,258300
20221125,09:43:12,43666.75,25,258300
20221125,09:43:14,43660.00,50,258300
20221125,09:43:19,43660.40,75,258300
20221125,09:43:56,43661.15,25,258300
20221125,09:44:01,43661.00,25,258300
20221125,09:44:03,43660.00,50,258300
20221125,09:44:34,43666.30,50,258700
20221125,09:44:37,43660.20,25,258700
20221125,09:44:43,43665.80,25,258700
20221125,09:44:49,43668.20,50,258700
20221125,09:45:07,43671.35,50,258700
20221125,09:45:20,43662.50,25,258700
20221125,09:45:23,43662.00,50,258700
20221125,09:45:25,43658.75,75,258700
20221125,09:45:27,43650.00,200,258700
20221125,09:45:28,43645.00,75,258700
20221125,09:45:35,43640.00,250,258700
20221125,09:45:38,43636.45,100,258700
20221125,09:45:43,43646.90,25,258700
20221125,09:45:45,43638.50,50,258700
20221125,09:45:46,43638.50,25,258700
20221125,09:45:48,43645.85,100,258700
20221125,09:45:56,43646.90,25,258700
20221125,09:45:57,43646.90,75,258700
20221125,09:46:07,43646.90,100,258700
20221125,09:46:08,43646.90,800,258700
20221125,09:46:10,43649.95,25,258700
20221125,09:46:15,43649.95,75,258700
20221125,09:46:23,43660.00,25,258700
20221125,09:46:46,43645.00,50,258700
20221125,09:47:07,43654.75,25,258700
20221125,09:47:14,43655.00,25,258700
20221125,09:47:20,43660.00,25,259275
20221125,09:47:38,43655.05,75,259275
20221125,09:47:40,43663.85,25,259275
20221125,09:47:51,43663.65,25,259275
20221125,09:47:54,43663.00,150,259275
20221125,09:48:01,43654.75,25,259275
20221125,09:48:04,43650.00,25,259275
20221125,09:48:15,43654.40,50,259275
20221125,09:48:25,43660.75,50,259275
20221125,09:48:27,43661.35,25,259275
20221125,09:48:28,43666.25,150,259275
20221125,09:48:32,43666.70,50,259275
20221125,09:48:45,43661.25,25,259275
20221125,09:49:17,43670.00,25,259275
20221125,09:49:22,43672.85,25,259275
20221125,09:49:34,43672.45,100,259275
20221125,09:49:36,43672.85,25,259275
20221125,09:49:38,43670.90,25,259275
20221125,09:49:41,43665.15,25,259275
20221125,09:49:46,43673.95,25,259275
20221125,09:49:49,43679.40,200,259275
20221125,09:50:05,43675.50,50,259275
20221125,09:50:10,43676.95,25,259275
20221125,09:50:27,43682.85,100,259400
20221125,09:50:31,43675.65,75,259400
20221125,09:50:47,43693.45,25,259400
20221125,09:50:54,43697.20,50,259400
20221125,09:50:55,43695.95,100,259400
20221125,09:50:59,43690.45,275,259400
20221125,09:51:02,43690.20,100,259400
20221125,09:51:11,43695.95,50,259400
20221125,09:51:15,43700.00,150,259400
20221125,09:51:30,43700.30,25,259400
20221125,09:51:31,43709.95,550,259400
20221125,09:51:33,43699.50,25,259400
20221125,09:51:38,43699.00,25,259400
20221125,09:51:52,43699.00,25,259400
20221125,09:51:55,43699.00,25,259400
20221125,09:52:00,43705.10,25,259400
20221125,09:52:08,43693.40,25,259400
20221125,09:52:24,43704.15,25,259400
20221125,09:52:40,43707.05,500,259400
20221125,09:53:03,43697.95,25,259400
20221125,09:53:08,43686.05,25,259400
20221125,09:53:11,43684.50,25,259400
20221125,09:53:14,43688.40,25,259400
20221125,09:53:21,43688.40,25,259400
20221125,09:54:02,43700.00,25,260150
20221125,09:54:14,43708.25,50,260150
20221125,09:54:23,43702.05,125,260150
20221125,09:54:27,43708.70,25,260150
20221125,09:54:31,43700.00,25,260150
20221125,09:54:51,43703.00,25,260150
20221125,09:55:05,43698.00,25,260150
20221125,09:55:33,43688.40,25,260150
20221125,09:55:39,43674.65,100,260150
20221125,09:55:51,43666.10,25,260150
20221125,09:55:55,43665.30,25,260150
20221125,09:56:26,43673.70,50,260225
20221125,09:56:46,43665.15,25,260225
20221125,09:56:51,43660.00,25,260225
20221125,09:57:04,43657.90,25,260225
20221125,09:57:11,43655.00,25,260225
20221125,09:57:13,43657.90,25,260225
20221125,09:57:25,43650.00,100,260225
20221125,09:57:28,43650.00,300,260225
20221125,09:57:30,43654.35,50,260225
20221125,09:57:42,43650.00,25,260225
20221125,09:57:52,43650.00,75,260225
20221125,09:57:57,43655.95,25,260225
20221125,09:58:00,43654.90,25,260225
20221125,09:58:03,43645.95,75,260225
20221125,09:58:16,43650.45,25,260225
20221125,09:58:29,43644.20,25,260225
20221125,09:58:34,43651.15,25,260225
20221125,09:58:39,43652.70,25,260225
20221125,09:59:00,43650.00,25,260225
20221125,09:59:02,43652.90,50,260225
20221125,09:59:08,43642.15,75,260225
20221125,09:59:26,43641.05,25,260450
20221125,10:00:14,43633.00,750,260450
20221125,10:00:19,43634.15,25,260450
20221125,10:00:21,43634.15,500,260450
20221125,10:00:22,43634.15,500,260450
20221125,10:00:27,43634.15,50,260450
20221125,10:00:35,43631.95,200,260450
20221125,10:00:37,43631.80,75,260450
20221125,10:00:42,43630.00,25,260450
20221125,10:00:48,43630.15,25,260450
20221125,10:01:05,43639.00,25,260450
20221125,10:01:07,43640.00,100,260450
20221125,10:01:20,43643.45,50,260450
20221125,10:01:48,43643.45,25,260450
20221125,10:02:05,43643.45,50,260450
20221125,10:02:13,43631.85,175,260450
20221125,10:02:15,43632.15,25,260450
20221125,10:02:23,43630.00,25,262475
20221125,10:02:24,43632.25,25,262475
20221125,10:02:30,43640.00,75,262475
20221125,10:02:37,43634.55,25,262475
20221125,10:02:38,43632.00,150,262475
20221125,10:02:41,43640.50,25,262475
20221125,10:02:56,43640.50,75,262475
20221125,10:03:02,43644.85,25,262475
20221125,10:03:08,43640.50,25,262475
20221125,10:03:16,43644.75,25,262475
20221125,10:03:20,43640.20,25,262475
20221125,10:03:21,43644.75,25,262475
20221125,10:03:23,43644.35,50,262475
20221125,10:03:26,43644.75,50,262475
20221125,10:03:42,43644.70,25,262475
20221125,10:03:43,43644.70,50,262475
20221125,10:03:45,43644.70,50,262475
20221125,10:03:48,43644.70,25,262475
20221125,10:03:54,43642.00,100,262475
20221125,10:04:10,43632.30,25,262475
20221125,10:04:12,43627.90,75,262475
20221125,10:04:13,43621.00,550,262475
20221125,10:04:23,43620.00,100,262475
20221125,10:04:26,43617.05,25,262475
20221125,10:04:34,43617.05,25,262475
20221125,10:04:36,43617.05,25,262475
20221125,10:04:37,43617.05,50,262475
20221125,10:04:39,43617.00,25,262475
20221125,10:04:42,43606.50,125,262475
20221125,10:04:52,43611.50,50,262475
20221125,10:05:00,43599.00,325,262475
20221125,10:05:02,43590.00,100,262475
20221125,10:05:05,43590.00,75,262475
20221125,10:05:08,43598.00,25,262475
20221125,10:05:10,43591.95,100,262475
20221125,10:05:18,43600.00,50,262475
20221125,10:05:33,43599.60,100,263925
20221125,10:05:35,43599.10,100,263925
20221125,10:05:36,43611.10,25,263925
20221125,10:05:56,43617.05,25,263925
20221125,10:05:58,43617.05,50,263925
20221125,10:06:00,43617.05,25,263925
20221125,10:06:01,43617.05,50,263925
20221125,10:06:03,43624.55,175,263925
20221125,10:06:09,43611.10,25,263925
20221125,10:06:26,43609.95,50,263925
20221125,10:06:35,43618.00,25,263925
20221125,10:06:59,43620.00,50,263925
20221125,10:07:25,43609.55,25,263925
20221125,10:07:26,43609.60,25,263925
20221125,10:07:46,43599.90,100,263925
20221125,10:08:09,43602.75,125,263925
20221125,10:08:14,43609.70,50,263925
20221125,10:10:16,43615.00,25,264500
20221125,10:10:23,43620.80,25,264500
20221125,10:10:24,43618.30,25,264500
20221125,10:10:26,43618.30,25,264500
20221125,10:10:27,43623.50,100,264500
20221125,10:10:34,43625.00,25,264500
20221125,10:10:42,43624.50,25,264500
20221125,10:10:45,43620.00,100,264500
20221125,10:11:30,43615.85,25,264575
20221125,10:11:35,43606.70,25,264575
20221125,10:11:38,43603.55,25,264575
20221125,10:11:52,43607.65,25,264575
20221125,10:11:54,43603.55,25,264575
20221125,10:12:05,43602.40,100,264575
20221125,10:12:41,43603.55,50,264575
20221125,10:13:12,43605.05,25,264575
20221125,10:13:17,43613.00,25,264575
20221125,10:13:21,43613.00,75,264575
20221125,10:13:24,43624.50,25,264575
20221125,10:13:42,43618.10,75,264575
20221125,10:13:45,43623.00,25,264575
20221125,10:13:48,43623.00,25,264575
20221125,10:13:50,43616.75,25,264575
20221125,10:13:58,43616.65,25,264575
20221125,10:14:01,43616.65,25,264575
20221125,10:15:05,43616.65,25,264575
20221125,10:15:10,43622.85,25,264725
20221125,10:15:27,43613.70,50,264725
20221125,10:15:30,43622.80,25,264725
20221125,10:15:35,43622.00,25,264725
20221125,10:15:39,43623.00,25,264725
20221125,10:15:40,43631.00,25,264725
20221125,10:15:52,43634.05,25,264725
20221125,10:15:53,43634.05,25,264725
20221125,10:15:59,43635.00,125,264725
20221125,10:16:01,43632.30,25,264725
20221125,10:16:03,43635.70,100,264725
20221125,10:16:16,43635.70,100,264725
20221125,10:16:19,43631.80,50,264725
20221125,10:16:24,43631.80,25,264725
20221125,10:17:00,43626.95,25,264725
20221125,10:17:02,43629.30,25,264725
20221125,10:17:06,43623.90,25,264725
20221125,10:17:13,43635.00,50,264725
20221125,10:17:39,43625.00,25,265075
20221125,10:17:49,43625.00,25,265075
20221125,10:17:56,43620.15,25,265075
20221125,10:18:00,43620.00,25,265075
20221125,10:18:17,43638.90,75,265075
20221125,10:18:20,43633.15,25,265075
20221125,10:18:28,43627.60,25,265075
20221125,10:18:29,43635.10,25,265075
20221125,10:18:32,43634.45,50,265075
20221125,10:18:40,43636.40,25,265075
20221125,10:18:44,43637.80,50,265075
20221125,10:18:45,43635.95,25,265075
20221125,10:18:48,43637.40,75,265075
20221125,10:18:50,43634.40,25,265075
20221125,10:18:56,43639.00,25,265075
20221125,10:18:58,43638.00,25,265075
20221125,10:19:02,43638.70,25,265075
20221125,10:19:28,43634.45,25,265075
20221125,10:19:34,43631.45,25,265075
20221125,10:19:46,43644.70,75,265075
20221125,10:19:47,43643.90,25,265075
20221125,10:19:51,43644.70,75,265075
20221125,10:19:58,43641.90,125,265075
20221125,10:20:01,43638.30,50,265075
20221125,10:20:03,43637.50,50,265075
20221125,10:20:04,43638.35,25,265075
20221125,10:20:06,43629.10,125,265075
20221125,10:20:09,43636.90,25,265075
20221125,10:20:23,43635.00,25,265075
20221125,10:20:33,43632.50,25,265975
20221125,10:20:47,43627.70,25,265975
20221125,10:21:02,43632.95,25,265975
20221125,10:21:14,43625.70,25,265975
20221125,10:21:22,43630.65,25,265975
20221125,10:21:31,43624.95,25,265975
20221125,10:21:36,43622.50,25,265975
20221125,10:21:38,43629.10,25,265975
20221125,10:21:49,43629.75,25,265975
20221125,10:22:00,43639.95,100,265975
20221125,10:22:05,43644.70,25,265975
20221125,10:22:06,43644.70,25,265975
20221125,10:22:08,43644.70,100,265975
20221125,10:22:27,43644.70,25,265975
20221125,10:22:29,43644.70,75,265975
20221125,10:22:32,43646.65,25,265975
20221125,10:22:41,43642.15,25,265975
20221125,10:23:09,43645.00,25,265975
20221125,10:23:15,43640.85,100,265975
20221125,10:23:24,43645.00,25,265975
20221125,10:23:29,43645.10,25,266150
20221125,10:23:33,43645.10,25,266150
20221125,10:23:40,43639.95,25,266150
20221125,10:23:49,43647.30,25,266150
20221125,10:23:52,43647.00,75,266150
20221125,10:23:53,43640.35,25,266150
20221125,10:23:56,43643.10,25,266150
20221125,10:24:01,43637.50,25,266150
20221125,10:24:03,43645.75,150,266150
20221125,10:24:09,43645.80,25,266150
20221125,10:24:13,43640.05,25,266150
20221125,10:24:22,43647.10,25,266150
20221125,10:24:24,43642.50,50,266150
20221125,10:24:25,43644.70,25,266150
20221125,10:24:33,43640.80,25,266150
20221125,10:24:41,43644.80,25,266150
20221125,10:24:45,43648.30,25,266150
20221125,10:24:49,43644.45,25,266150
20221125,10:24:52,43644.45,25,266150
20221125,10:24:53,43649.10,25,266150
20221125,10:25:04,43647.70,25,266150
20221125,10:25:14,43649.45,100,266150
20221125,10:25:18,43649.45,125,266150
20221125,10:25:19,43649.50,25,266150
20221125,10:25:23,43645.50,25,266150
20221125,10:25:24,43649.05,25,266150
20221125,10:25:27,43644.35,50,266150
20221125,10:25:31,43643.00,75,266150
20221125,10:25:32,43640.80,300,266150
20221125,10:25:34,43640.80,25,266150
20221125,10:25:40,43645.90,25,266150
20221125,10:25:49,43640.00,25,266150
20221125,10:26:02,43639.35,75,266150
20221125,10:26:11,43641.85,25,266150
20221125,10:26:13,43641.85,25,266150
20221125,10:26:40,43644.70,125,267250
20221125,10:26:41,43646.05,25,267250
20221125,10:26:49,43648.05,25,267250
20221125,10:27:01,43648.05,25,267250
20221125,10:27:04,43646.25,75,267250
20221125,10:27:09,43649.75,50,267250
20221125,10:27:17,43644.35,250,267250
20221125,10:27:27,43650.00,75,267250
20221125,10:27:28,43652.50,150,267250
20221125,10:27:38,43647.50,25,267250
20221125,10:27:48,43646.80,25,267250
20221125,10:28:19,43644.40,75,267250
20221125,10:28:24,43655.00,25,267250
20221125,10:28:26,43658.00,25,267250
20221125,10:28:36,43661.50,25,267250
20221125,10:28:37,43665.00,25,267250
20221125,10:28:39,43666.45,50,267250
20221125,10:28:55,43667.65,25,267250
20221125,10:28:58,43663.50,25,267250
20221125,10:29:08,43671.75,50,267250
20221125,10:29:20,43675.00,50,267250
20221125,10:29:25,43671.75,25,267250
20221125,10:29:27,43676.00,100,267250
20221125,10:29:28,43675.90,25,268150
20221125,10:29:33,43672.50,50,268150
20221125,10:29:35,43677.30,50,268150
20221125,10:29:37,43672.65,25,268150
20221125,10:29:45,43676.05,50,268150
20221125,10:29:47,43682.80,75,268150
20221125,10:29:48,43683.60,25,268150
20221125,10:29:56,43685.55,50,268150
20221125,10:30:00,43685.55,100,268150
20221125,10:30:01,43687.55,75,268150
20221125,10:30:08,43684.65,25,268150
20221125,10:30:13,43687.05,125,268150
20221125,10:30:36,43690.00,50,268150
20221125,10:30:58,43680.10,25,268150
20221125,10:31:11,43676.65,25,268150
20221125,10:31:14,43676.65,25,268150
20221125,10:32:18,43685.75,25,268150
20221125,10:32:45,43672.75,250,268725
20221125,10:32:50,43676.90,25,268725
20221125,10:33:00,43665.40,25,268725
20221125,10:34:34,43677.55,75,268725
20221125,10:34:47,43686.75,425,268725
20221125,10:35:18,43680.00,25,268725
20221125,10:36:27,43661.60,25,269175
20221125,10:36:47,43659.25,25,269175
20221125,10:37:51,43680.00,25,269175
20221125,10:38:29,43675.00,25,269175
20221125,10:39:07,43680.00,25,269225
20221125,10:39:38,43675.00,25,269225
20221125,10:40:31,43675.00,25,269225
20221125,10:41:40,43677.80,25,269300
20221125,10:42:10,43663.00,25,269300
20221125,10:42:47,43677.80,25,269300
20221125,10:42:49,43679.95,25,269300
20221125,10:43:38,43676.05,25,269300
20221125,10:44:41,43682.60,100,269375
20221125,10:44:58,43681.20,50,269375
20221125,10:45:06,43690.00,125,269375
20221125,10:45:14,43683.00,50,269375
20221125,10:45:33,43683.00,25,269375
20221125,10:45:52,43694.35,25,269375
20221125,10:46:12,43700.00,200,269375
20221125,10:46:13,43700.00,225,269375
20221125,10:46:15,43709.70,600,269375
20221125,10:46:34,43707.15,25,269375
20221125,10:46:43,43707.05,50,269375
20221125,10:46:52,43703.00,25,269375
20221125,10:47:05,43694.35,50,269375
20221125,10:47:07,43694.50,25,269375
20221125,10:47:13,43694.45,50,269375
20221125,10:47:17,43694.45,25,269375
20221125,10:47:31,43690.00,75,269825
20221125,10:47:35,43690.00,25,269825
20221125,10:47:59,43677.70,25,269825
20221125,10:49:16,43670.15,100,269825
20221125,10:49:54,43670.00,75,269825
20221125,10:49:59,43670.00,50,269825
20221125,10:50:06,43670.00,75,269825
20221125,10:50:07,43670.00,50,269825
20221125,10:50:58,43660.55,25,270200
20221125,10:51:01,43660.55,25,270200
20221125,10:51:04,43660.50,25,270200
20221125,10:51:10,43665.00,25,270200
20221125,10:51:18,43660.50,25,270200
20221125,10:52:25,43661.30,100,270200
20221125,10:52:37,43658.00,25,270200
20221125,10:52:56,43655.00,50,270200
20221125,10:53:06,43655.00,25,270200
20221125,10:53:09,43657.45,25,270200
20221125,10:53:20,43650.20,25,270200
20221125,10:53:49,43650.00,25,270300
20221125,10:54:42,43646.20,25,270300
20221125,10:54:50,43640.00,50,270300
20221125,10:54:55,43640.00,25,270300
20221125,10:54:58,43629.85,125,270300
20221125,10:55:07,43632.20,25,270300
20221125,10:55:17,43640.00,25,270300
20221125,10:55:32,43643.90,25,270300
20221125,10:55:48,43635.00,25,270300
20221125,10:55:53,43637.90,25,270300
20221125,10:56:58,43642.95,25,270475
20221125,10:57:19,43638.45,25,270475
20221125,10:57:31,43634.95,100,270475
20221125,10:58:07,43639.00,25,270475
20221125,10:59:52,43634.90,25,270575
20221125,10:59:56,43635.35,50,270575
20221125,11:00:00,43626.65,25,270575
20221125,11:00:21,43621.70,25,270575
20221125,11:00:27,43624.55,25,270575
20221125,11:01:03,43620.10,50,270575
20221125,11:01:25,43615.50,125,270575
20221125,11:01:29,43620.00,25,270575
20221125,11:01:35,43613.45,25,270575
20221125,11:01:45,43617.90,25,270575
20221125,11:02:27,43618.00,25,270575
20221125,11:04:02,43611.00,25,270500
20221125,11:04:25,43611.00,100,270500
20221125,11:04:30,43615.00,25,270500
20221125,11:04:56,43615.00,25,270500
20221125,11:05:12,43617.60,25,270500
20221125,11:05:32,43606.80,50,270500
20221125,11:05:35,43606.80,100,270600
20221125,11:05:37,43606.80,150,270600
20221125,11:05:39,43606.80,1525,270600
20221125,11:05:40,43606.80,350,270600
20221125,11:05:44,43606.80,225,270600
20221125,11:05:47,43606.80,75,270600
20221125,11:05:48,43606.80,50,270600
20221125,11:05:50,43606.80,25,270600
20221125,11:05:52,43606.80,75,270600
20221125,11:05:55,43606.80,25,270600
20221125,11:05:56,43606.80,275,270600
20221125,11:06:03,43606.80,50,270600
20221125,11:06:04,43600.00,2125,270600
20221125,11:06:07,43600.00,100,270600
20221125,11:06:09,43600.00,175,270600
20221125,11:06:10,43599.00,125,270600
20221125,11:06:17,43599.00,50,270600
20221125,11:06:22,43590.65,25,270600
20221125,11:06:23,43590.00,125,270600
20221125,11:06:37,43589.90,50,270600
20221125,11:06:39,43589.90,25,270600
20221125,11:06:47,43596.35,25,270600
20221125,11:06:50,43596.00,25,270600
20221125,11:07:10,43596.00,25,270600
20221125,11:07:13,43595.65,50,270600
20221125,11:07:18,43596.00,50,270600
20221125,11:07:29,43594.05,50,270600
20221125,11:07:38,43588.00,25,270600
20221125,11:07:46,43587.00,25,270600
20221125,11:07:47,43594.95,275,270600
20221125,11:07:54,43594.95,25,270600
20221125,11:08:02,43592.45,100,270600
20221125,11:08:26,43596.85,25,270600
20221125,11:08:28,43587.45,25,270600
20221125,11:08:34,43588.00,25,270600
20221125,11:08:53,43592.15,25,275925
20221125,11:09:05,43595.70,25,275925
20221125,11:09:10,43589.30,50,275925
20221125,11:09:19,43594.95,25,275925
20221125,11:09:39,43592.00,25,275925
20221125,11:09:44,43588.60,25,275925
20221125,11:09:59,43592.00,25,275925
20221125,11:10:01,43591.05,25,275925
20221125,11:10:12,43596.90,25,275925
20221125,11:10:17,43596.85,75,275925
20221125,11:10:37,43596.85,25,275925
20221125,11:10:38,43591.00,25,275925
20221125,11:10:43,43595.75,25,275925
20221125,11:10:49,43589.00,25,275925
20221125,11:11:04,43580.00,125,275925
20221125,11:11:06,43577.95,125,275925
20221125,11:11:26,43575.00,125,275925
20221125,11:11:44,43575.25,25,276075
20221125,11:11:51,43575.00,25,276075
20221125,11:12:00,43570.00,125,276075
20221125,11:12:02,43573.55,75,276075
20221125,11:12:04,43569.00,75,276075
20221125,11:12:05,43565.00,25,276075
20221125,11:12:09,43550.00,650,276075
20221125,11:12:20,43550.00,25,276075
20221125,11:12:22,43550.00,25,276075
20221125,11:12:33,43550.00,75,276075
20221125,11:12:42,43545.00,25,276075
20221125,11:12:56,43545.00,125,276075
20221125,11:13:06,43540.60,50,276075
20221125,11:13:09,43540.00,25,276075
20221125,11:13:13,43533.00,25,276075
20221125,11:13:24,43533.00,25,276075
20221125,11:13:26,43536.85,25,276075
20221125,11:13:35,43540.00,25,276075
20221125,11:13:39,43549.95,50,276075
20221125,11:13:55,43540.85,25,276075
20221125,11:14:04,43542.20,25,276075
20221125,11:14:25,43543.00,25,276075
20221125,11:14:50,43540.00,50,276625
20221125,11:15:03,43525.00,50,276625
20221125,11:15:16,43525.00,25,276625
20221125,11:15:19,43540.00,100,276625
20221125,11:15:34,43542.90,25,276625
20221125,11:15:41,43541.50,25,276625
20221125,11:15:44,43545.00,25,276625
20221125,11:15:47,43542.90,75,276625
20221125,11:15:58,43542.90,25,276625
20221125,11:16:01,43542.90,25,276625
20221125,11:16:05,43540.00,75,276625
20221125,11:16:06,43544.90,25,276625
20221125,11:16:13,43545.00,25,276625
20221125,11:16:18,43550.00,25,276625
20221125,11:16:28,43553.30,25,276625
20221125,11:16:38,43548.70,25,276625
20221125,11:16:51,43545.00,25,276625
20221125,11:16:56,43547.95,200,276625
20221125,11:17:38,43538.00,25,276625
20221125,11:18:04,43545.00,25,276825
20221125,11:18:37,43544.90,25,276825
20221125,11:19:25,43560.45,25,276825
20221125,11:19:46,43558.55,25,276825
20221125,11:19:56,43560.00,25,276825
20221125,11:19:58,43567.95,25,276825
20221125,11:19:59,43570.15,25,276825
20221125,11:20:27,43566.80,25,276825
20221125,11:20:50,43564.15,25,276800
20221125,11:20:51,43565.70,25,276800
20221125,11:20:55,43564.25,25,276800
20221125,11:21:03,43561.00,25,276800
20221125,11:21:32,43555.70,50,276800
20221125,11:21:42,43547.35,25,276800
20221125,11:22:34,43565.50,25,276800
20221125,11:23:00,43553.95,75,276800
20221125,11:23:07,43563.05,25,276800
20221125,11:23:38,43551.50,75,276875
20221125,11:24:05,43545.50,25,276875
20221125,11:25:01,43555.00,25,276875
20221125,11:26:21,43554.45,125,276875
20221125,11:26:32,43550.00,25,276875
20221125,11:26:35,43550.00,50,276875
20221125,11:26:37,43540.80,25,276875
20221125,11:26:43,43547.50,50,276850
20221125,11:26:50,43544.05,25,276850
20221125,11:26:56,43540.00,25,276850
20221125,11:26:59,43536.35,25,276850
20221125,11:27:07,43541.35,25,276850
20221125,11:27:33,43540.00,25,276850
20221125,11:27:40,43534.95,75,276850
20221125,11:27:41,43543.45,50,276850
20221125,11:27:53,43535.35,50,276850
20221125,11:28:03,43540.00,25,276850
20221125,11:28:53,43550.00,175,276850
20221125,11:29:01,43552.60,25,276850
20221125,11:29:03,43556.95,25,276850
20221125,11:29:27,43555.35,25,276850
20221125,11:29:47,43560.00,25,277150
20221125,11:29:50,43560.45,25,277150
20221125,11:30:20,43554.35,25,277150
20221125,11:30:21,43563.50,25,277150
20221125,11:30:47,43560.30,25,277150
20221125,11:31:17,43573.45,50,277150
20221125,11:31:34,43566.80,50,277150
20221125,11:32:25,43561.50,75,277150
20221125,11:33:16,43562.80,25,277250
20221125,11:33:24,43563.70,125,277250
20221125,11:33:55,43562.50,25,277250
20221125,11:33:56,43558.00,25,277250
20221125,11:34:06,43559.45,25,277250
20221125,11:34:15,43560.10,25,277250
20221125,11:34:56,43570.00,25,277250
20221125,11:35:09,43584.15,75,277250
20221125,11:35:13,43584.40,25,277250
20221125,11:35:14,43583.70,25,277250
20221125,11:35:16,43586.45,100,277250
20221125,11:35:18,43574.85,25,277250
20221125,11:35:32,43581.35,25,277250
20221125,11:35:43,43580.35,25,277200
20221125,11:35:46,43579.35,25,277200
20221125,11:36:15,43577.55,75,277200
20221125,11:36:31,43577.10,25,277200
20221125,11:37:09,43570.00,25,277200
20221125,11:37:27,43559.55,50,277200
20221125,11:38:12,43571.80,25,277200
20221125,11:39:51,43563.55,50,277200
20221125,11:41:15,43553.75,25,277200
20221125,11:41:24,43553.05,25,277200
20221125,11:41:29,43553.75,25,277200
20221125,11:41:40,43563.20,100,277200
20221125,11:41:51,43550.00,25,277325
20221125,11:41:52,43550.00,25,277325
20221125,11:41:57,43540.00,25,277325
20221125,11:42:22,43540.00,125,277325
20221125,11:42:23,43531.85,25,277325
20221125,11:42:47,43530.00,125,277325
20221125,11:42:50,43510.00,775,277325
20221125,11:42:57,43510.00,25,277325
20221125,11:42:59,43524.40,25,277325
20221125,11:43:22,43524.35,75,277325
20221125,11:43:23,43524.35,25,277325
20221125,11:43:28,43514.10,25,277325
20221125,11:43:30,43524.00,25,277325
20221125,11:44:06,43524.35,50,277325
20221125,11:45:14,43527.25,50,277325
20221125,11:45:36,43522.00,25,278150
20221125,11:45:43,43520.15,100,278150
20221125,11:46:03,43520.10,25,278150
20221125,11:46:06,43508.00,50,278150
20221125,11:46:13,43503.10,25,278150
20221125,11:46:40,43503.10,50,278150
20221125,11:46:43,43514.10,25,278150
20221125,11:46:54,43513.90,25,278150
20221125,11:47:41,43513.90,75,278200
20221125,11:48:35,43513.90,25,278200
20221125,11:48:54,43507.00,50,278200
20221125,11:49:04,43503.80,25,278200
20221125,11:49:11,43501.00,50,278200
20221125,11:49:12,43501.00,150,278200
20221125,11:49:14,43500.50,50,278200
20221125,11:49:16,43500.00,275,278200
20221125,11:49:17,43500.00,200,278200
20221125,11:49:19,43499.00,300,278200
20221125,11:49:24,43490.00,225,278200
20221125,11:49:29,43480.00,225,278200
20221125,11:49:36,43480.00,100,278200
20221125,11:49:41,43482.95,25,278200
20221125,11:49:42,43490.00,50,278200
20221125,11:49:44,43487.70,25,278200
20221125,11:49:59,43487.20,400,278200
20221125,11:50:04,43491.25,25,278200
20221125,11:50:06,43491.25,25,278200
20221125,11:50:09,43497.35,50,278200
20221125,11:50:11,43498.50,25,278200
20221125,11:50:29,43479.05,350,278200
20221125,11:50:34,43485.00,50,278200
20221125,11:50:48,43495.70,25,278950
20221125,11:51:24,43485.05,25,278950
20221125,11:51:30,43479.05,25,278950
20221125,11:51:43,43480.00,50,278950
20221125,11:51:47,43475.00,75,278950
20221125,11:52:14,43475.00,50,278950
20221125,11:52:17,43485.05,50,278950
20221125,11:53:25,43499.90,25,278950
20221125,11:53:33,43500.00,25,278950
20221125,11:55:02,43502.00,25,278900
20221125,11:55:56,43502.00,75,278900
20221125,11:55:58,43497.00,25,278900
20221125,11:56:21,43491.20,25,278900
20221125,11:56:26,43490.00,50,278900
20221125,11:57:16,43490.00,25,278900
20221125,11:57:33,43499.90,125,278975
20221125,11:58:00,43485.05,50,278975
20221125,11:58:01,43483.20,25,278975
20221125,11:58:03,43480.00,25,278975
20221125,11:58:32,43481.45,100,278975
20221125,11:58:39,43484.40,150,278975
20221125,11:58:58,43488.15,150,278975
20221125,11:59:15,43482.15,50,278975
20221125,11:59:18,43474.50,75,278975
20221125,11:59:23,43471.95,50,278975
20221125,11:59:30,43461.05,50,278975
20221125,11:59:48,43461.05,25,279000
20221125,12:00:04,43463.00,50,279000
20221125,12:00:24,43465.05,100,279000
20221125,12:00:33,43471.35,50,279000
20221125,12:00:35,43470.05,75,279000
20221125,12:00:36,43470.40,50,279000
20221125,12:00:41,43470.05,150,279000
20221125,12:01:03,43470.00,25,279000
20221125,12:01:08,43470.00,25,279000
20221125,12:01:16,43469.00,25,279000
20221125,12:01:23,43460.00,600,279000
20221125,12:01:28,43460.00,50,279000
20221125,12:02:00,43460.00,50,279000
20221125,12:02:09,43470.00,25,279000
20221125,12:02:22,43460.00,75,279000
20221125,12:02:39,43459.95,25,279000
20221125,12:03:01,43459.90,25,279900
20221125,12:03:07,43459.90,25,279900
20221125,12:03:12,43459.90,25,279900
20221125,12:03:16,43459.90,25,279900
20221125,12:03:57,43467.35,25,279900
20221125,12:04:16,43469.25,25,279900
20221125,12:04:21,43468.45,50,279900
20221125,12:04:31,43468.50,150,279900
20221125,12:04:33,43470.00,25,279900
20221125,12:06:03,43495.00,25,279975
20221125,12:06:42,43508.95,150,279975
20221125,12:06:46,43505.00,125,279975
20221125,12:06:47,43508.05,125,279975
20221125,12:06:54,43509.00,150,279975
20221125,12:06:55,43508.05,25,279975
20221125,12:06:57,43509.00,25,279975
20221125,12:07:05,43505.00,50,279975
20221125,12:07:07,43507.15,75,279975
20221125,12:07:12,43500.00,75,279975
20221125,12:07:24,43495.00,25,279975
20221125,12:07:40,43499.95,25,279975
20221125,12:07:46,43493.95,25,279975
20221125,12:08:28,43490.20,25,279975
20221125,12:09:08,43479.95,25,279850
20221125,12:09:18,43470.15,25,279850
20221125,12:09:36,43490.90,25,279850
20221125,12:10:20,43499.40,25,279850
20221125,12:10:47,43490.90,25,279850
20221125,12:11:14,43490.00,50,279850
20221125,12:11:19,43490.00,25,279850
20221125,12:11:30,43490.00,25,279850
20221125,12:11:37,43485.00,25,279850
20221125,12:11:58,43492.65,25,279850
20221125,12:12:12,43479.70,25,279850
20221125,12:12:54,43495.00,25,279850
20221125,12:14:19,43488.00,25,279850
20221125,12:15:02,43498.50,25,279850
20221125,12:15:18,43492.80,25,279850
20221125,12:15:46,43490.00,25,279850
20221125,12:15:51,43488.00,25,279850
20221125,12:16:42,43491.00,175,279850
20221125,12:17:13,43502.90,75,279850
20221125,12:17:21,43506.45,75,279850
20221125,12:17:23,43505.80,25,279850
20221125,12:17:29,43505.80,25,279850
20221125,12:17:33,43505.95,25,279850
20221125,12:17:34,43507.15,50,279850
20221125,12:17:44,43504.90,25,279850
20221125,12:17:47,43505.05,100,279850
20221125,12:18:39,43503.95,25,279800
20221125,12:18:44,43503.10,25,279800
20221125,12:18:50,43504.20,50,279800
20221125,12:18:54,43508.10,125,279800
20221125,12:19:02,43519.75,25,279800
20221125,12:19:19,43520.00,25,279800
20221125,12:19:30,43520.00,25,279800
20221125,12:19:43,43520.00,50,279800
20221125,12:19:46,43520.00,50,279800
20221125,12:20:17,43512.00,25,279800
20221125,12:20:37,43501.40,50,279800
20221125,12:20:52,43500.05,25,279800
20221125,12:21:20,43501.00,25,279800
20221125,12:21:59,43512.00,25,279800
20221125,12:22:14,43512.00,100,279800
20221125,12:22:37,43513.00,25,279800
20221125,12:23:28,43513.00,25,279800
20221125,12:23:50,43513.00,50,279875
20221125,12:23:54,43516.25,25,279875
20221125,12:24:00,43513.00,50,279875
20221125,12:24:03,43513.00,25,279875
20221125,12:24:04,43517.95,25,279875
20221125,12:24:36,43516.40,100,279875
20221125,12:25:01,43516.45,100,279875
20221125,12:25:14,43519.10,25,279875
20221125,12:25:30,43510.00,25,279875
20221125,12:26:37,43500.00,50,279875
20221125,12:26:38,43500.00,25,279875
20221125,12:26:40,43499.00,50,279875
20221125,12:27:34,43488.00,25,279875
20221125,12:28:31,43490.00,25,280000
20221125,12:29:42,43490.40,25,280000
20221125,12:29:55,43490.00,25,280025
20221125,12:30:44,43491.65,25,280025
20221125,12:32:48,43504.05,25,280025
20221125,12:33:19,43497.30,25,280050
20221125,12:34:35,43500.00,25,280050
20221125,12:34:56,43504.05,25,280050
20221125,12:35:02,43510.00,25,280050
20221125,12:35:20,43520.50,50,280050
20221125,12:35:40,43520.00,100,280050
20221125,12:35:45,43515.00,75,280050
20221125,12:35:46,43515.00,25,280050
20221125,12:36:32,43510.20,25,280050
20221125,12:37:16,43513.45,25,280125
20221125,12:37:26,43510.00,25,280125
20221125,12:37:37,43512.85,25,280125
20221125,12:38:58,43510.00,25,280125
20221125,12:39:11,43507.10,25,280150
20221125,12:39:19,43500.30,25,280150
20221125,12:39:25,43503.35,25,280150
20221125,12:40:03,43505.00,25,280150
20221125,12:40:14,43496.10,25,280150
20221125,12:40:16,43495.15,25,280150
20221125,12:40:47,43495.15,25,280150
20221125,12:41:22,43500.15,50,280150
20221125,12:43:09,43509.00,25,280150
20221125,12:43:32,43508.40,25,280225
20221125,12:44:15,43508.40,25,280225
20221125,12:44:17,43507.10,50,280225
20221125,12:44:40,43500.00,25,280225
20221125,12:44:46,43500.00,25,280225
20221125,12:44:59,43490.05,50,280275
20221125,12:45:15,43490.00,25,280275
20221125,12:45:21,43495.00,25,280275
20221125,12:45:26,43490.00,25,280275
20221125,12:46:05,43489.95,25,280275
20221125,12:47:07,43485.45,25,280275
20221125,12:47:23,43481.00,75,280275
20221125,12:47:24,43481.00,150,280275
20221125,12:47:26,43480.00,75,280275
20221125,12:48:04,43486.40,25,280450
20221125,12:48:22,43499.00,25,280450
20221125,12:48:59,43510.00,25,280450
20221125,12:49:09,43522.10,125,280450
20221125,12:49:10,43529.00,25,280450
20221125,12:50:02,43540.00,50,280450
20221125,12:50:09,43545.00,25,280450
20221125,12:50:15,43541.50,25,280450
20221125,12:50:22,43550.00,50,280450
20221125,12:50:24,43550.00,25,280450
20221125,12:50:25,43550.00,450,280450
20221125,12:50:33,43561.55,25,280450
20221125,12:50:58,43551.75,25,280025
20221125,12:51:06,43551.00,25,280025
20221125,12:51:09,43547.70,25,280025
20221125,12:51:20,43541.00,100,280025
20221125,12:51:33,43540.00,25,280025
20221125,12:51:38,43548.05,250,280025
20221125,12:51:40,43541.00,25,280025
20221125,12:51:50,43545.00,125,280025
20221125,12:51:59,43541.00,100,280025
20221125,12:52:02,43537.05,100,280025
20221125,12:52:14,43541.00,25,280025
20221125,12:52:27,43541.95,25,280025
20221125,12:52:35,43541.95,75,280025
20221125,12:52:38,43541.95,25,280025
20221125,12:53:10,43541.95,100,280025
20221125,12:53:15,43545.00,25,280025
20221125,12:53:31,43550.00,50,280025
20221125,12:53:32,43550.00,25,280025
20221125,12:53:54,43555.00,25,280025
20221125,12:54:16,43555.00,50,280350
20221125,12:54:47,43560.00,50,280350
20221125,12:54:50,43560.00,100,280350
20221125,12:54:52,43560.00,50,280350
20221125,12:54:57,43560.00,25,280350
20221125,12:55:20,43560.00,75,280350
20221125,12:55:22,43560.00,75,280350
20221125,12:55:33,43570.00,25,280350
20221125,12:55:56,43568.80,50,280350
20221125,12:56:02,43569.85,25,280350
20221125,12:56:08,43569.25,25,280350
20221125,12:57:02,43565.00,25,280300
20221125,12:57:22,43565.00,25,280300
20221125,12:58:02,43565.00,50,280300
20221125,12:58:24,43557.05,25,280300
20221125,12:58:36,43565.00,25,280300
20221125,12:58:39,43565.00,50,280300
20221125,12:58:46,43565.00,100,280300
20221125,12:58:48,43565.00,325,280300
20221125,12:59:03,43559.00,50,280300
20221125,12:59:05,43557.00,25,280300
20221125,12:59:39,43549.55,25,280300
20221125,13:01:01,43549.55,25,280900
20221125,13:01:04,43562.45,50,280900
20221125,13:01:36,43562.45,25,280900
20221125,13:01:55,43562.45,25,280900
20221125,13:02:11,43552.55,100,280900
20221125,13:03:26,43543.00,25,280900
20221125,13:03:41,43534.20,25,280900
20221125,13:04:04,43530.75,25,280900
20221125,13:04:10,43533.00,150,280900
20221125,13:04:49,43519.15,25,280900
20221125,13:05:03,43509.45,75,280900
20221125,13:06:05,43515.05,25,280800
20221125,13:06:27,43515.00,25,280800
20221125,13:06:37,43498.05,125,280800
20221125,13:06:39,43500.00,25,280800
20221125,13:07:13,43500.05,100,280800
20221125,13:07:29,43500.20,25,280800
20221125,13:07:48,43500.70,25,280800
20221125,13:07:50,43500.00,75,280800
20221125,13:07:52,43500.00,25,280800
20221125,13:07:53,43500.00,50,280800
20221125,13:09:08,43499.95,225,281075
20221125,13:09:18,43491.85,25,281075
20221125,13:09:50,43500.30,25,281075
20221125,13:11:32,43523.25,25,281075
20221125,13:11:37,43520.10,25,281075
20221125,13:12:01,43523.75,125,281275
20221125,13:12:42,43515.15,25,281275
20221125,13:13:00,43520.00,25,281275
20221125,13:14:07,43521.90,25,281275
20221125,13:15:24,43520.75,50,281325
20221125,13:16:31,43509.00,25,281325
20221125,13:16:37,43507.35,25,281325
20221125,13:18:26,43500.05,100,281375
20221125,13:18:29,43500.00,50,281375
20221125,13:18:57,43500.05,50,281375
20221125,13:20:22,43500.05,75,281375
20221125,13:20:36,43503.20,50,281375
20221125,13:20:44,43502.30,25,281375
20221125,13:21:55,43507.10,50,281650
20221125,13:22:05,43514.00,50,281650
20221125,13:22:17,43510.00,25,281650
20221125,13:23:27,43518.75,25,281650
20221125,13:23:46,43519.00,25,281650
20221125,13:23:49,43519.00,25,281650
20221125,13:27:50,43527.30,50,281725
20221125,13:27:56,43530.00,25,281725
20221125,13:28:40,43529.60,25,281725
20221125,13:28:51,43529.00,25,281725
20221125,13:29:11,43529.00,25,281725
20221125,13:29:32,43522.00,25,281725
20221125,13:30:21,43530.00,25,281750
20221125,13:30:53,43526.70,25,281750
20221125,13:31:00,43528.65,25,281750
20221125,13:32:07,43528.65,25,281750
20221125,13:32:17,43534.00,25,281750
20221125,13:34:06,43532.70,25,281750
20221125,13:34:38,43536.30,25,281800
20221125,13:35:19,43548.80,25,281800
20221125,13:36:28,43539.75,25,281800
20221125,13:36:50,43542.00,25,281800
20221125,13:37:00,43547.00,25,281800
20221125,13:37:26,43549.30,25,281800
20221125,13:37:50,43550.00,25,281800
20221125,13:40:35,43550.95,250,281800
20221125,13:40:50,43549.95,100,281800
20221125,13:41:05,43556.70,25,281800
20221125,13:41:54,43555.00,25,281800
20221125,13:42:08,43559.75,25,282025
20221125,13:42:38,43547.00,25,282025
20221125,13:43:15,43540.00,25,282025
20221125,13:43:45,43538.45,75,282025
20221125,13:43:47,43535.20,50,282025
20221125,13:44:05,43539.25,25,282025
20221125,13:44:38,43533.10,50,282025
20221125,13:45:14,43533.10,25,282250
20221125,13:45:30,43523.20,25,282250
20221125,13:45:37,43522.10,50,282250
20221125,13:45:50,43529.00,25,282250
20221125,13:46:16,43528.95,50,282250
20221125,13:46:59,43533.10,25,282250
20221125,13:47:38,43533.40,50,282250
20221125,13:47:54,43538.85,50,282250
20221125,13:47:58,43537.75,50,282250
20221125,13:48:05,43555.20,25,282250
20221125,13:48:15,43554.25,50,282250
20221125,13:48:16,43554.25,50,282475
20221125,13:48:31,43558.00,50,282475
20221125,13:48:33,43560.00,25,282475
20221125,13:48:34,43558.95,50,282475
20221125,13:48:53,43554.25,25,282475
20221125,13:48:58,43554.05,25,282475
20221125,13:48:59,43554.40,25,282475
20221125,13:49:20,43541.25,75,282475
20221125,13:49:30,43539.65,50,282475
20221125,13:49:59,43542.15,25,282475
20221125,13:50:59,43551.60,25,282475
20221125,13:52:52,43564.00,25,282625
20221125,13:53:13,43565.00,25,282625
20221125,13:53:38,43566.15,25,282625
20221125,13:54:03,43570.00,25,282625
20221125,13:54:20,43570.00,50,282700
20221125,13:54:25,43570.00,50,282700
20221125,13:54:35,43567.35,50,282700
20221125,13:54:46,43570.00,25,282700
20221125,13:54:48,43570.00,75,282700
20221125,13:55:01,43579.00,50,282700
20221125,13:55:12,43580.00,25,282700
20221125,13:55:23,43591.00,75,282700
20221125,13:55:44,43590.15,25,282700
20221125,13:55:53,43595.00,150,282700
20221125,13:56:08,43589.20,50,282700
20221125,13:56:31,43590.55,25,282700
20221125,13:56:59,43590.40,25,282700
20221125,13:57:25,43590.00,25,282825
20221125,13:57:43,43584.00,25,282825
20221125,13:58:08,43580.00,50,282825
20221125,13:58:14,43584.00,25,282825
20221125,13:58:44,43583.95,75,282825
20221125,13:59:34,43575.00,25,282825
20221125,13:59:41,43563.10,25,282825
20221125,13:59:42,43574.70,100,282825
20221125,13:59:58,43570.00,50,282825
20221125,14:00:12,43576.85,50,283000
20221125,14:00:43,43570.80,500,283000
20221125,14:00:48,43576.85,25,283000
20221125,14:00:53,43583.65,25,283000
20221125,14:01:22,43583.95,25,283000
20221125,14:01:23,43581.55,25,283000
20221125,14:01:40,43583.65,25,283000
20221125,14:01:43,43589.90,25,283000
20221125,14:01:51,43587.50,25,283000
20221125,14:02:12,43581.70,25,283000
20221125,14:02:21,43575.00,25,283000
20221125,14:02:46,43573.75,50,283000
20221125,14:03:04,43573.00,25,283000
20221125,14:03:06,43573.00,25,283000
20221125,14:03:17,43555.00,50,282825
20221125,14:03:35,43560.00,25,282825
20221125,14:03:44,43551.05,200,282825
20221125,14:03:49,43550.00,25,282825
20221125,14:04:23,43550.60,50,282825
20221125,14:04:41,43565.00,25,282825
20221125,14:04:44,43567.50,25,282825
20221125,14:05:00,43563.95,25,282825
20221125,14:05:34,43573.75,25,282825
20221125,14:05:54,43568.55,25,282825
20221125,14:07:21,43580.00,75,283075
20221125,14:07:22,43580.00,25,283075
20221125,14:08:23,43580.00,100,283075
20221125,14:08:31,43553.75,900,283075
20221125,14:08:43,43545.80,600,283075
20221125,14:09:56,43551.85,25,283675
20221125,14:09:58,43551.55,125,283675
20221125,14:10:02,43556.25,25,283675
20221125,14:10:17,43548.00,25,283675
20221125,14:11:12,43555.00,675,283675
20221125,14:11:14,43555.00,825,283675
20221125,14:11:34,43542.35,50,283675
20221125,14:11:59,43521.95,25,283675
20221125,14:12:01,43513.05,175,283675
20221125,14:12:09,43496.00,75,283675
20221125,14:12:14,43480.00,450,282950
20221125,14:12:17,43480.70,25,282950
20221125,14:12:25,43490.25,25,282950
20221125,14:13:08,43492.40,25,282950
20221125,14:13:22,43505.95,25,282950
20221125,14:13:31,43505.70,100,282950
20221125,14:13:48,43505.00,25,282950
20221125,14:14:07,43512.40,25,282950
20221125,14:15:00,43500.00,25,282950
20221125,14:15:05,43490.20,25,282950
20221125,14:15:13,43490.00,75,282975
20221125,14:15:15,43490.00,75,282975
20221125,14:15:24,43482.40,25,282975
20221125,14:15:33,43493.15,25,282975
20221125,14:16:11,43490.00,25,282975
20221125,14:16:12,43480.05,25,282975
20221125,14:16:25,43480.00,25,282975
20221125,14:16:28,43465.00,250,282975
20221125,14:16:36,43460.25,25,282975
20221125,14:16:41,43455.00,75,282975
20221125,14:17:04,43455.00,25,282975
20221125,14:17:05,43451.95,25,282975
20221125,14:17:07,43450.00,500,282975
20221125,14:17:09,43449.25,50,282975
20221125,14:17:14,43449.25,75,282975
20221125,14:17:20,43454.65,100,282975
20221125,14:17:37,43461.00,25,282975
20221125,14:17:45,43457.65,25,282975
20221125,14:17:46,43445.90,100,282975
20221125,14:18:01,43445.90,50,282975
20221125,14:18:04,43445.90,75,282975
20221125,14:18:14,43445.90,25,283525
20221125,14:18:24,43440.15,50,283525
20221125,14:18:25,43440.00,75,283525
20221125,14:18:42,43440.00,100,283525
20221125,14:18:45,43440.00,25,283525
20221125,14:18:55,43425.85,850,283525
20221125,14:18:56,43432.15,50,283525
20221125,14:19:04,43431.75,25,283525
20221125,14:19:11,43425.55,25,283525
20221125,14:19:23,43425.55,25,283525
20221125,14:19:33,43441.15,25,283525
20221125,14:19:50,43426.60,25,283525
20221125,14:19:52,43426.60,50,283525
20221125,14:20:16,43431.30,100,283525
20221125,14:20:22,43441.90,25,283525
20221125,14:20:46,43434.80,25,283525
20221125,14:20:48,43440.95,25,283525
20221125,14:20:57,43439.95,25,283525
20221125,14:21:02,43442.00,350,283525
20221125,14:21:17,43442.00,25,283150
20221125,14:21:35,43457.95,25,283150
20221125,14:21:50,43454.90,75,283150
20221125,14:21:52,43445.00,50,283150
20221125,14:21:55,43451.90,275,283150
20221125,14:21:57,43445.00,25,283150
20221125,14:22:12,43444.95,300,283150
20221125,14:22:15,43440.00,25,283150
20221125,14:22:17,43447.20,250,283150
20221125,14:22:19,43440.00,75,283150
20221125,14:22:27,43427.00,250,283150
20221125,14:22:28,43425.55,50,283150
20221125,14:22:30,43425.00,525,283150
20221125,14:22:32,43421.00,200,283150
20221125,14:22:41,43420.00,25,283150
20221125,14:22:50,43420.00,75,283150
20221125,14:22:51,43422.00,150,283150
20221125,14:22:55,43417.05,250,283150
20221125,14:23:01,43417.05,50,283150
20221125,14:23:09,43431.80,25,283150
20221125,14:23:20,43432.30,50,283150
20221125,14:23:25,43435.20,25,283150
20221125,14:23:27,43427.90,75,283150
20221125,14:23:56,43450.00,25,283150
20221125,14:24:19,43449.00,25,284200
20221125,14:24:44,43456.30,25,284200
20221125,14:24:47,43461.15,25,284200
20221125,14:24:51,43469.70,25,284200
20221125,14:25:02,43469.85,25,284200
20221125,14:25:04,43470.00,25,284200
20221125,14:25:07,43470.00,25,284200
20221125,14:25:14,43469.80,25,284200
20221125,14:25:20,43461.35,50,284200
20221125,14:25:23,43466.80,250,284200
20221125,14:25:58,43462.15,100,284200
20221125,14:26:09,43463.00,25,284200
20221125,14:26:14,43457.80,50,284200
20221125,14:26:17,43464.70,75,284200
20221125,14:26:29,43470.00,125,284200
20221125,14:26:31,43475.00,50,284200
20221125,14:26:32,43480.00,25,284200
20221125,14:26:45,43488.60,200,284200
20221125,14:26:50,43490.00,25,284200
20221125,14:27:31,43480.00,25,284250
20221125,14:28:01,43495.00,25,284250
20221125,14:28:16,43500.00,200,284250
20221125,14:28:17,43500.00,225,284250
20221125,14:28:31,43500.00,25,284250
20221125,14:28:39,43505.00,100,284250
20221125,14:28:57,43500.00,50,284250
20221125,14:29:00,43500.00,25,284250
20221125,14:29:05,43500.00,25,284250
20221125,14:29:11,43502.35,225,284250
20221125,14:29:18,43502.35,25,284250
20221125,14:29:23,43510.00,50,284250
20221125,14:29:25,43515.00,25,284250
20221125,14:29:33,43525.45,250,284250
20221125,14:29:38,43525.45,25,284250
20221125,14:29:58,43529.95,25,284250
20221125,14:30:11,43518.15,75,284250
20221125,14:30:19,43546.90,225,284375
20221125,14:30:21,43542.70,25,284375
20221125,14:30:45,43537.15,200,284375
20221125,14:31:12,43543.10,25,284375
20221125,14:31:13,43549.80,25,284375
20221125,14:31:22,43544.40,25,284375
20221125,14:31:34,43537.30,50,284375
20221125,14:32:05,43526.70,25,284375
20221125,14:33:09,43537.15,150,284375
20221125,14:34:03,43517.60,25,284425
20221125,14:34:29,43536.60,25,284425
20221125,14:34:34,43535.85,25,284425
20221125,14:35:09,43521.75,25,284425
20221125,14:36:12,43530.35,150,284425
20221125,14:36:36,43535.00,25,284525
20221125,14:36:42,43535.00,25,284525
20221125,14:37:59,43534.85,25,284525
20221125,14:38:03,43527.30,100,284525
20221125,14:38:18,43531.00,25,284525
20221125,14:38:47,43537.15,25,284525
20221125,14:39:07,43537.15,50,284525
20221125,14:39:17,43545.35,25,284525
20221125,14:39:22,43550.00,50,284450
20221125,14:39:47,43556.50,25,284450
20221125,14:40:09,43556.50,25,284450
20221125,14:40:28,43550.00,25,284450
20221125,14:40:37,43560.00,75,284450
20221125,14:40:38,43560.00,25,284450
20221125,14:40:56,43565.00,25,284450
20221125,14:41:05,43565.00,25,284450
20221125,14:41:21,43556.50,75,284450
20221125,14:41:24,43545.10,50,284450
20221125,14:41:31,43556.50,25,284450
20221125,14:41:47,43554.10,25,284450
20221125,14:41:55,43553.95,25,284450
20221125,14:41:58,43547.00,225,284450
20221125,14:41:59,43547.00,200,284450
20221125,14:42:01,43547.00,50,284450
20221125,14:42:02,43547.00,25,284450
20221125,14:42:05,43544.05,50,284450
20221125,14:42:32,43536.10,25,283975
20221125,14:42:36,43545.80,25,283975
20221125,14:42:43,43536.05,25,283975
20221125,14:42:49,43549.15,25,283975
20221125,14:42:59,43533.10,25,283975
20221125,14:43:14,43536.10,25,283975
20221125,14:43:26,43539.10,25,283975
20221125,14:44:26,43518.10,25,283975
20221125,14:45:34,43511.65,25,284075
20221125,14:46:14,43540.00,25,284075
20221125,14:46:19,43543.95,25,284075
20221125,14:47:13,43522.00,25,284075
20221125,14:47:28,43522.00,25,284075
20221125,14:47:29,43520.50,25,284075
20221125,14:48:07,43515.30,50,284075
20221125,14:48:19,43522.55,50,284200
20221125,14:48:36,43532.50,25,284200
20221125,14:49:29,43517.60,25,284200
20221125,14:49:51,43523.55,25,284200
20221125,14:49:54,43518.00,25,284200
20221125,14:50:54,43515.80,25,284200
20221125,14:51:23,43526.90,25,284225
20221125,14:52:15,43513.50,25,284225
20221125,14:52:44,43514.70,25,284225
20221125,14:52:48,43515.00,50,284225
20221125,14:53:08,43503.80,25,284225
20221125,14:53:13,43502.55,25,284225
20221125,14:53:16,43500.00,150,284225
20221125,14:53:29,43485.00,25,284225
20221125,14:53:31,43480.10,50,284225
20221125,14:53:33,43480.00,50,284225
20221125,14:53:36,43480.00,25,284225
20221125,14:53:39,43480.00,25,284225
20221125,14:53:41,43480.00,25,284225
20221125,14:53:56,43486.75,25,284225
20221125,14:54:01,43486.75,75,284225
20221125,14:54:02,43499.90,25,284225
20221125,14:54:17,43500.00,50,284225
20221125,14:54:21,43502.90,25,284075
20221125,14:54:25,43497.65,150,284075
20221125,14:54:59,43513.55,75,284075
20221125,14:55:09,43538.00,50,284075
20221125,14:55:18,43556.45,75,284075
20221125,14:55:24,43566.75,25,284075
20221125,14:55:46,43555.10,25,284075
20221125,14:56:04,43570.00,25,284075
20221125,14:56:05,43570.50,50,284075
20221125,14:56:12,43570.50,25,284075
20221125,14:56:15,43560.20,75,284075
20221125,14:56:30,43557.15,250,284075
20221125,14:56:50,43557.15,25,284075
20221125,14:57:56,43558.00,25,284200
20221125,14:58:38,43546.65,250,284200
20221125,14:59:00,43558.00,75,284200
20221125,14:59:09,43570.00,75,284200
20221125,14:59:11,43575.00,25,284200
20221125,14:59:13,43596.00,675,284200
20221125,14:59:21,43593.95,25,284200
20221125,14:59:32,43592.15,25,284200
20221125,14:59:37,43582.60,25,284200
20221125,14:59:49,43592.00,50,284200
20221125,14:59:54,43591.40,250,284200
20221125,15:00:00,43582.60,125,284200
20221125,15:00:04,43592.15,25,284200
20221125,15:00:05,43599.00,50,284200
20221125,15:00:07,43600.00,250,284200
20221125,15:00:13,43600.00,175,284200
20221125,15:00:15,43603.50,100,284200
20221125,15:00:45,43609.00,575,283500
20221125,15:00:47,43604.75,75,283500
20221125,15:00:52,43580.70,25,283500
20221125,15:01:05,43560.35,25,283500
20221125,15:01:20,43567.05,75,283500
20221125,15:01:46,43552.25,500,283500
20221125,15:01:51,43555.60,50,283500
20221125,15:01:53,43550.30,100,283500
20221125,15:02:09,43555.05,25,283500
20221125,15:02:17,43550.00,50,283500
20221125,15:02:25,43540.00,25,283500
20221125,15:02:35,43513.00,150,283500
20221125,15:02:37,43519.55,25,283500
20221125,15:02:40,43500.00,200,283500
20221125,15:02:50,43494.85,50,283500
20221125,15:02:58,43480.00,25,283500
20221125,15:03:03,43494.05,25,283500
20221125,15:03:12,43501.05,25,283500
20221125,15:03:16,43494.05,25,283500
20221125,15:04:07,43499.80,100,283425
20221125,15:04:10,43503.00,25,283425
20221125,15:04:14,43500.90,25,283425
20221125,15:04:20,43515.40,25,283425
20221125,15:04:25,43509.55,25,283425
20221125,15:04:45,43512.35,100,283425
20221125,15:04:56,43520.00,25,283425
20221125,15:06:11,43520.00,50,283425
20221125,15:06:34,43527.45,25,283425
20221125,15:07:23,43546.35,25,283425
20221125,15:07:38,43545.50,25,283425
20221125,15:07:56,43554.65,50,283425
20221125,15:08:15,43553.00,50,283425
20221125,15:08:17,43553.00,50,283425
20221125,15:08:31,43559.00,300,283425
20221125,15:08:39,43560.00,50,283425
20221125,15:09:07,43570.00,50,283425
20221125,15:09:11,43570.00,100,283425
20221125,15:09:17,43566.65,25,283425
20221125,15:09:42,43570.65,125,283500
20221125,15:09:58,43560.25,25,283500
20221125,15:10:16,43577.55,75,283500
20221125,15:10:27,43574.90,25,283500
20221125,15:10:35,43580.00,75,283500
20221125,15:10:42,43575.70,25,283500
20221125,15:10:46,43573.60,50,283500
20221125,15:10:50,43580.00,25,283500
20221125,15:10:51,43580.35,25,283500
20221125,15:10:55,43585.55,50,283500
20221125,15:10:56,43586.35,25,283500
20221125,15:11:04,43587.25,25,283500
20221125,15:11:06,43591.65,125,283500
20221125,15:11:07,43599.80,100,283500
20221125,15:11:09,43595.20,25,283500
20221125,15:11:36,43592.45,25,283500
20221125,15:11:38,43600.00,250,283500
20221125,15:11:39,43607.90,300,283500
20221125,15:11:41,43609.75,25,283500
20221125,15:11:47,43609.55,25,283500
20221125,15:11:49,43609.35,25,283500
20221125,15:11:57,43609.75,250,283500
20221125,15:12:01,43600.20,50,283500
20221125,15:12:04,43597.95,50,283500
20221125,15:12:07,43602.10,25,283500
20221125,15:12:12,43608.95,25,283500
20221125,15:12:17,43604.90,50,283500
20221125,15:12:25,43583.45,50,283225
20221125,15:12:29,43580.00,25,283225
20221125,15:12:43,43567.10,25,283225
20221125,15:12:55,43575.20,25,283225
20221125,15:12:59,43571.80,25,283225
20221125,15:13:03,43589.75,50,283225
20221125,15:13:14,43590.00,250,283225
20221125,15:13:22,43584.80,50,283225
20221125,15:13:42,43591.70,250,283225
20221125,15:13:43,43580.40,25,283225
20221125,15:13:45,43584.80,25,283225
20221125,15:13:48,43583.40,25,283225
20221125,15:13:58,43585.70,50,283225
20221125,15:14:04,43584.35,25,283225
20221125,15:14:06,43593.40,125,283225
20221125,15:14:20,43590.70,125,283225
20221125,15:14:43,43591.55,150,283225
20221125,15:15:01,43573.10,100,283225
20221125,15:15:03,43584.35,300,283225
20221125,15:15:05,43574.25,50,283225
20221125,15:15:06,43583.90,125,283225
20221125,15:15:09,43563.15,25,283225
20221125,15:15:14,43555.40,25,283225
20221125,15:15:18,43550.00,50,283225
20221125,15:15:19,43555.00,25,283225
20221125,15:15:23,43550.20,25,283925
20221125,15:15:28,43550.20,25,283925
20221125,15:15:29,43556.40,125,283925
20221125,15:15:31,43544.15,50,283925
20221125,15:15:36,43542.15,25,283925
20221125,15:15:39,43549.70,25,283925
20221125,15:15:56,43583.65,125,283925
20221125,15:16:07,43579.85,25,283925
20221125,15:16:14,43584.90,50,283925
20221125,15:16:16,43579.85,275,283925
20221125,15:16:24,43581.85,25,283925
20221125,15:16:35,43588.60,50,283925
20221125,15:16:38,43583.35,25,283925
20221125,15:16:42,43589.00,25,283925
20221125,15:16:43,43590.00,25,283925
20221125,15:16:58,43583.00,25,283925
20221125,15:17:06,43580.60,25,283925
20221125,15:17:16,43578.15,25,283925
20221125,15:17:19,43585.60,25,283925
20221125,15:17:21,43579.70,75,283925
20221125,15:17:36,43589.60,25,283925
20221125,15:17:42,43585.00,25,283925
20221125,15:17:44,43587.40,50,283925
20221125,15:17:47,43585.95,25,283925
20221125,15:17:59,43584.55,25,283925
20221125,15:18:24,43574.35,25,283825
20221125,15:18:31,43587.45,150,283825
20221125,15:18:34,43573.70,100,283825
20221125,15:18:39,43579.75,25,283825
20221125,15:19:30,43569.00,25,283825
20221125,15:19:38,43556.55,50,283825
20221125,15:19:58,43552.40,25,283825
20221125,15:20:08,43553.45,100,283825
20221125,15:20:14,43550.00,25,283825
20221125,15:20:16,43549.00,25,283825
20221125,15:20:17,43548.05,25,283825
20221125,15:20:20,43545.05,25,283825
20221125,15:20:25,43542.00,50,283825
20221125,15:20:27,43536.05,50,283825
20221125,15:20:35,43533.05,25,283825
20221125,15:20:43,43540.00,25,283825
20221125,15:20:50,43565.10,75,283825
20221125,15:21:03,43544.75,25,283825
20221125,15:21:07,43547.70,50,283825
20221125,15:21:12,43553.05,25,283825
20221125,15:21:20,43551.00,25,283825
20221125,15:21:27,43553.40,25,284025
20221125,15:21:39,43568.55,75,284025
20221125,15:21:41,43567.80,150,284025
20221125,15:21:44,43568.95,425,284025
20221125,15:22:02,43571.95,25,284025
20221125,15:22:08,43572.75,25,284025
20221125,15:22:15,43568.10,25,284025
20221125,15:23:08,43565.95,25,284025
20221125,15:23:12,43560.30,25,284025
20221125,15:23:18,43566.00,375,284025
20221125,15:24:10,43562.00,100,284025
20221125,15:24:46,43562.00,25,283650
20221125,15:25:06,43559.00,25,283650
20221125,15:25:08,43562.00,25,283650
20221125,15:25:13,43562.00,25,283650
20221125,15:25:18,43562.00,25,283650
20221125,15:25:29,43560.00,225,283650
20221125,15:25:31,43560.00,25,283650
20221125,15:25:34,43567.45,25,283650
20221125,15:25:37,43567.30,125,283650
20221125,15:25:40,43560.00,325,283650
20221125,15:25:55,43555.00,75,283650
20221125,15:26:18,43560.00,25,283650
20221125,15:26:24,43560.00,50,283650
20221125,15:26:41,43555.05,50,283650
20221125,15:26:43,43555.05,25,283650
20221125,15:26:47,43555.05,75,283650
20221125,15:26:59,43555.05,25,283650
20221125,15:27:17,43559.00,225,283650
20221125,15:27:18,43559.05,25,283650
20221125,15:27:23,43559.05,25,283650
20221125,15:27:26,43559.05,25,283600
20221125,15:27:28,43560.00,200,283600
20221125,15:27:32,43562.00,50,283600
20221125,15:27:34,43560.00,50,283600
20221125,15:27:41,43560.05,25,283600
20221125,15:27:43,43560.05,25,283600
20221125,15:27:44,43558.85,75,283600
20221125,15:27:46,43558.85,50,283600
20221125,15:27:49,43557.25,50,283600
20221125,15:27:53,43556.40,25,283600
20221125,15:28:04,43560.00,50,283600
20221125,15:28:16,43558.05,25,283600
20221125,15:28:18,43558.05,25,283600
20221125,15:28:19,43558.05,25,283600
20221125,15:28:21,43555.00,75,283600
20221125,15:28:26,43554.95,75,283600
20221125,15:28:29,43552.00,25,283600
20221125,15:28:44,43550.20,25,283600
20221125,15:28:45,43550.00,125,283600
20221125,15:28:47,43550.00,25,283600
20221125,15:28:55,43550.00,25,283600
20221125,15:28:56,43550.00,25,283600
20221125,15:29:01,43535.15,25,283600
20221125,15:29:15,43550.00,25,283600
20221125,15:29:17,43553.95,50,283600
20221125,15:29:23,43546.65,25,283600
20221125,15:29:34,43533.05,25,283600
20221125,15:29:39,43530.80,100,283600
20221125,15:29:45,43544.45,75,283600
20221125,15:29:54,43533.00,150,283600
20221125,15:29:57,43548.80,50,283600
20221125,15:29:59,43550.00,25,283600
