20221125,09:15:00,43339.95,1,3037875
20221125,09:15:00,43374.35,1,3037875
20221125,09:15:00,43305.70,1,3037875
20221125,09:15:00,43319.20,950,3037875
20221125,09:15:00,43363.35,325,3037875
20221125,09:15:02,43338.35,500,3037875
20221125,09:15:02,43342.70,525,3037875
20221125,09:15:04,43316.05,2000,3037875
20221125,09:15:05,43333.00,1450,3037875
20221125,09:15:06,43334.45,2450,3037875
20221125,09:15:06,43338.15,50,3037875
20221125,09:15:07,43350.00,2150,3037875
20221125,09:15:08,43378.35,2575,3037875
20221125,09:15:09,43339.00,1350,3037875
20221125,09:15:10,43335.05,225,3037875
20221125,09:15:11,43348.15,1150,3037875
20221125,09:15:12,43345.50,1200,3037875
20221125,09:15:13,43360.00,1800,3037875
20221125,09:15:14,43356.60,1125,3037875
20221125,09:15:15,43366.60,725,3037875
20221125,09:15:16,43375.05,650,3037875
20221125,09:15:17,43380.00,2175,3037875
20221125,09:15:18,43384.25,3300,3037875
20221125,09:15:20,43384.70,1075,3037875
20221125,09:15:21,43385.00,1925,3037875
20221125,09:15:21,43367.85,25,3037875
20221125,09:15:22,43354.90,1125,3037875
20221125,09:15:23,43360.90,1675,3037875
20221125,09:15:24,43368.00,1100,3037875
20221125,09:15:26,43370.15,450,3037875
20221125,09:15:27,43365.25,475,3037875
20221125,09:15:28,43369.40,550,3037875
20221125,09:15:28,43367.20,375,3037875
20221125,09:15:29,43369.30,1525,3037875
20221125,09:15:30,43372.40,450,3037875
20221125,09:15:31,43372.25,525,3037875
20221125,09:15:33,43374.95,500,3037875
20221125,09:15:34,43371.00,1125,3037875
20221125,09:15:35,43372.95,625,3037875
20221125,09:15:35,43373.30,50,3037875
20221125,09:15:36,43373.95,875,3037875
20221125,09:15:37,43369.40,1550,3037875
20221125,09:15:39,43368.40,1200,3037875
20221125,09:15:40,43370.00,425,3037875
20221125,09:15:41,43364.10,1000,3037875
20221125,09:15:41,43369.00,50,3037875
20221125,09:15:42,43360.85,1350,3037875
20221125,09:15:43,43361.40,500,3037875
20221125,09:15:44,43360.85,525,3037875
20221125,09:15:46,43362.55,1200,3037875
20221125,09:15:47,43359.50,650,3037875
20221125,09:15:48,43357.90,2650,3037875
20221125,09:15:48,43358.00,225,3037875
20221125,09:15:49,43356.45,1300,3037875
20221125,09:15:50,43351.65,1325,3037875
20221125,09:15:51,43356.00,1550,3037875
20221125,09:15:52,43357.00,500,3037875
20221125,09:15:54,43354.00,2225,3037875
20221125,09:15:55,43356.00,1225,3037875
20221125,09:15:56,43352.00,775,3037875
20221125,09:15:56,43351.00,100,3037875
20221125,09:15:57,43350.00,975,3037875
20221125,09:15:58,43342.15,4050,3037875
20221125,09:15:59,43341.60,1250,3037875
20221125,09:16:01,43345.50,1100,3037875
20221125,09:16:02,43341.40,725,3037875
20221125,09:16:03,43343.50,1350,3037875
20221125,09:16:04,43346.00,425,3037875
20221125,09:16:05,43345.85,800,3037875
20221125,09:16:05,43350.00,150,3037875
20221125,09:16:06,43350.00,1175,3037875
20221125,09:16:07,43356.00,1275,3037875
20221125,09:16:08,43353.00,3300,3037875
20221125,09:16:10,43352.55,975,3037875
20221125,09:16:11,43355.20,800,3037875
20221125,09:16:12,43355.10,325,3037875
20221125,09:16:13,43354.55,525,3037875
20221125,09:16:14,43352.70,325,3037875
20221125,09:16:14,43352.70,25,3037875
20221125,09:16:15,43353.70,75,3037875
20221125,09:16:16,43355.00,450,3037875
20221125,09:16:18,43355.00,1325,3037875
20221125,09:16:19,43352.80,475,3037875
20221125,09:16:20,43359.00,800,3037875
20221125,09:16:21,43353.60,1500,3037875
20221125,09:16:21,43354.60,100,3037875
20221125,09:16:22,43353.40,625,3037875
20221125,09:16:24,43353.00,1025,3037875
20221125,09:16:25,43355.00,200,3037875
20221125,09:16:26,43355.00,1425,3037875
20221125,09:16:27,43358.25,1875,3037875
20221125,09:16:28,43352.15,350,3037875
20221125,09:16:28,43353.00,50,3037875
20221125,09:16:29,43355.00,275,3037875
20221125,09:16:30,43355.80,375,3037875
20221125,09:16:32,43356.25,825,3037875
20221125,09:16:33,43358.00,500,3037875
20221125,09:16:34,43358.75,375,3037875
20221125,09:16:35,43358.50,2275,3037875
20221125,09:16:36,43359.95,3475,3037875
20221125,09:16:37,43361.70,250,3037875
20221125,09:16:38,43365.00,600,3037875
20221125,09:16:40,43366.00,550,3037875
20221125,09:16:41,43366.10,400,3037875
20221125,09:16:42,43364.45,275,3037875
20221125,09:16:43,43361.15,225,3037875
20221125,09:16:44,43366.35,225,3037875
20221125,09:16:45,43365.00,225,3037875
20221125,09:16:45,43366.30,200,3037875
20221125,09:16:46,43365.00,250,3037875
20221125,09:16:47,43367.85,725,3037875
20221125,09:16:49,43365.00,1175,3037875
20221125,09:16:50,43369.35,300,3037875
20221125,09:16:51,43362.35,300,3037875
20221125,09:16:52,43365.00,425,3037875
20221125,09:16:53,43363.00,775,3037875
20221125,09:16:53,43363.00,25,3037875
20221125,09:16:54,43364.75,125,3037875
20221125,09:16:56,43361.00,1050,3037875
20221125,09:16:57,43353.20,1500,3037875
20221125,09:16:58,43352.70,1175,3037875
20221125,09:16:59,43352.95,750,3037875
20221125,09:17:00,43359.90,125,3037875
20221125,09:17:00,43359.90,950,3037875
20221125,09:17:02,43352.45,1125,3037875
20221125,09:17:03,43353.50,1075,3037875
20221125,09:17:04,43359.50,175,3037875
20221125,09:17:05,43357.35,1425,3037875
20221125,09:17:05,43358.35,25,3037875
20221125,09:17:06,43361.00,2725,3037875
20221125,09:17:08,43358.45,2825,3037875
20221125,09:17:09,43364.85,300,3037875
20221125,09:17:10,43361.35,75,3037875
20221125,09:17:11,43363.00,1975,3037875
20221125,09:17:11,43363.00,25,3037875
20221125,09:17:12,43360.00,575,3037875
20221125,09:17:13,43359.50,25,3037875
20221125,09:17:15,43360.95,1425,3012250
20221125,09:17:16,43362.80,1325,3012250
20221125,09:17:17,43367.00,1775,3012250
20221125,09:17:17,43368.80,75,3012250
20221125,09:17:18,43363.90,150,3012250
20221125,09:17:20,43365.95,300,3012250
20221125,09:17:21,43360.95,1075,3012250
20221125,09:17:22,43365.95,250,3012250
20221125,09:17:23,43361.30,925,3012250
20221125,09:17:24,43355.00,650,3012250
20221125,09:17:26,43361.50,175,3012250
20221125,09:17:27,43359.35,250,3012250
20221125,09:17:28,43360.00,75,3012250
20221125,09:17:29,43356.20,150,3012250
20221125,09:17:29,43359.95,75,3012250
20221125,09:17:30,43359.95,275,3012250
20221125,09:17:32,43361.00,1950,3012250
20221125,09:17:33,43362.80,225,3012250
20221125,09:17:34,43362.80,175,3012250
20221125,09:17:35,43361.00,525,3012250
20221125,09:17:35,43360.00,375,3012250
20221125,09:17:37,43358.20,300,3012250
20221125,09:17:38,43356.35,225,3012250
20221125,09:17:39,43356.50,950,3012250
20221125,09:17:40,43355.35,500,3012250
20221125,09:17:40,43355.35,25,3012250
20221125,09:17:41,43355.00,75,3012250
20221125,09:17:43,43358.00,275,3012250
20221125,09:17:44,43359.95,375,3012250
20221125,09:17:45,43358.00,200,3012250
20221125,09:17:46,43360.90,250,3012250
20221125,09:17:47,43357.00,525,3012250
20221125,09:17:48,43357.95,125,3012250
20221125,09:17:50,43357.95,75,3012250
20221125,09:17:51,43356.45,200,3012250
20221125,09:17:52,43357.95,25,3012250
20221125,09:17:53,43356.05,175,3012250
20221125,09:17:54,43356.05,225,3012250
20221125,09:17:54,43355.40,25,3012250
20221125,09:17:55,43356.05,50,3012250
20221125,09:17:57,43355.85,125,3012250
20221125,09:17:58,43356.05,375,3012250
20221125,09:17:59,43356.45,250,3012250
20221125,09:18:00,43356.10,1925,3012250
20221125,09:18:02,43353.10,375,3012250
20221125,09:18:03,43353.05,400,3012250
20221125,09:18:04,43357.45,350,3012250
20221125,09:18:05,43354.75,125,3012250
20221125,09:18:05,43357.75,50,3012250
20221125,09:18:07,43355.40,225,3012250
20221125,09:18:09,43357.75,225,3012250
20221125,09:18:10,43355.00,775,3012250
20221125,09:18:12,43356.65,250,3012250
20221125,09:18:14,43354.80,325,3012250
20221125,09:18:15,43355.00,200,3012250
20221125,09:18:17,43357.00,775,3012250
20221125,09:18:19,43355.85,225,3012250
20221125,09:18:20,43357.40,75,3012250
20221125,09:18:22,43357.55,250,3012250
20221125,09:18:23,43355.65,550,3012250
20221125,09:18:25,43359.85,100,3012250
20221125,09:18:27,43358.10,50,3012250
20221125,09:18:28,43355.00,450,3012250
20221125,09:18:30,43354.00,850,3012250
20221125,09:18:32,43354.05,75,3012250
20221125,09:18:33,43360.00,100,3012250
20221125,09:18:35,43356.85,75,3012250
20221125,09:18:36,43359.00,300,3012250
20221125,09:18:38,43358.00,625,3012250
20221125,09:18:40,43358.00,475,3012250
20221125,09:18:41,43360.00,275,3012250
20221125,09:18:43,43359.05,150,3012250
20221125,09:18:44,43358.00,200,3012250
20221125,09:18:46,43355.40,200,3012250
20221125,09:18:48,43355.15,125,3012250
20221125,09:18:49,43355.10,700,3012250
20221125,09:18:51,43359.05,275,3012250
20221125,09:18:53,43359.00,50,3012250
20221125,09:18:54,43360.00,475,3012250
20221125,09:18:56,43356.00,150,3012250
20221125,09:18:57,43359.90,150,3012250
20221125,09:18:59,43360.00,250,3012250
20221125,09:19:01,43355.80,350,3012250
20221125,09:19:02,43356.20,950,3012250
20221125,09:19:04,43356.20,200,3012250
20221125,09:19:06,43360.00,1300,3012250
20221125,09:19:07,43359.55,1650,3012250
20221125,09:19:09,43362.25,125,3012250
20221125,09:19:11,43362.95,150,3012250
20221125,09:19:12,43364.80,1350,3012250
20221125,09:19:14,43369.55,1625,3012250
20221125,09:19:15,43374.50,675,3012250
20221125,09:19:17,43370.15,575,3012250
20221125,09:19:19,43368.30,925,3012250
20221125,09:19:20,43366.25,525,3012250
20221125,09:19:22,43369.10,100,3012250
20221125,09:19:24,43360.45,1075,3012250
20221125,09:19:25,43355.55,1300,3012250
20221125,09:19:27,43359.60,700,3012250
20221125,09:19:28,43352.15,2875,3012250
20221125,09:19:30,43355.55,75,3012250
20221125,09:19:32,43355.40,325,3012250
20221125,09:19:33,43351.80,225,3012250
20221125,09:19:35,43359.35,675,3012250
20221125,09:19:36,43357.00,75,3012250
20221125,09:19:38,43352.10,675,3012250
20221125,09:19:39,43352.00,50,3012250
20221125,09:19:41,43358.40,425,3012250
20221125,09:19:43,43359.10,2150,3012250
20221125,09:19:44,43357.05,700,3012250
20221125,09:19:46,43355.55,800,3012250
20221125,09:19:49,43359.85,375,3012250
20221125,09:19:50,43356.20,25,3012250
20221125,09:19:52,43356.15,200,3012250
20221125,09:19:53,43353.00,1150,3012250
20221125,09:19:55,43352.40,6725,3012250
20221125,09:19:56,43350.00,4125,3012250
20221125,09:19:58,43356.20,150,3012250
20221125,09:20:00,43360.00,100,3012250
20221125,09:20:01,43355.65,975,3012250
20221125,09:20:03,43351.00,175,3012250
20221125,09:20:04,43352.05,175,3012250
20221125,09:20:06,43358.40,400,3012250
20221125,09:20:07,43359.25,500,3012250
20221125,09:20:09,43360.00,225,3012250
20221125,09:20:11,43365.00,275,3012250
20221125,09:20:12,43364.20,975,3012250
20221125,09:20:14,43355.70,150,3012250
20221125,09:20:16,43355.70,1225,3003925
20221125,09:20:17,43359.70,1300,3003925
20221125,09:20:19,43358.75,100,3003925
20221125,09:20:21,43355.05,575,3003925
20221125,09:20:22,43355.05,250,3003925
20221125,09:20:24,43353.70,150,3003925
20221125,09:20:25,43353.65,25,3003925
20221125,09:20:27,43360.10,350,3003925
20221125,09:20:29,43359.70,100,3003925
20221125,09:20:31,43362.55,75,3003925
20221125,09:20:32,43363.15,175,3003925
20221125,09:20:34,43366.45,675,3003925
20221125,09:20:36,43371.30,475,3003925
20221125,09:20:37,43372.95,375,3003925
20221125,09:20:39,43372.15,175,3003925
20221125,09:20:40,43370.10,225,3003925
20221125,09:20:42,43369.05,150,3003925
20221125,09:20:44,43367.05,275,3003925
20221125,09:20:45,43361.40,450,3003925
20221125,09:20:47,43357.40,175,3003925
20221125,09:20:49,43370.00,250,3003925
20221125,09:20:50,43369.00,25,3003925
20221125,09:20:52,43369.95,75,3003925
20221125,09:20:54,43364.15,150,3003925
20221125,09:20:55,43369.15,250,3003925
20221125,09:20:57,43365.10,250,3003925
20221125,09:20:59,43364.05,300,3003925
20221125,09:21:00,43370.00,300,3003925
20221125,09:21:02,43369.75,825,3003925
20221125,09:21:04,43370.15,275,3003925
20221125,09:21:05,43374.70,550,3003925
20221125,09:21:07,43370.15,175,3003925
20221125,09:21:09,43374.65,175,3003925
20221125,09:21:10,43375.00,850,3003925
20221125,09:21:12,43370.00,125,3003925
20221125,09:21:13,43373.15,500,3003925
20221125,09:21:15,43371.55,300,3003925
20221125,09:21:17,43371.00,400,3003925
20221125,09:21:18,43371.00,225,3003925
20221125,09:21:20,43370.00,150,3003925
20221125,09:21:22,43370.00,175,3003925
20221125,09:21:23,43371.70,250,3003925
20221125,09:21:25,43365.10,375,3003925
20221125,09:21:27,43373.10,550,3003925
20221125,09:21:28,43373.95,100,3003925
20221125,09:21:30,43368.40,275,3003925
20221125,09:21:32,43364.20,1300,3003925
20221125,09:21:33,43372.25,125,3003925
20221125,09:21:35,43367.00,325,3003925
20221125,09:21:37,43368.05,50,3003925
20221125,09:21:38,43365.05,125,3003925
20221125,09:21:40,43360.00,2325,3003925
20221125,09:21:42,43362.75,3225,3003925
20221125,09:21:45,43365.00,50,3003925
20221125,09:21:47,43359.55,775,3003925
20221125,09:21:48,43364.05,225,3003925
20221125,09:21:50,43358.75,500,3003925
20221125,09:21:52,43360.55,650,3003925
20221125,09:21:53,43358.40,175,3003925
20221125,09:21:55,43358.00,100,3003925
20221125,09:21:57,43362.35,75,3003925
20221125,09:21:58,43357.75,750,3003925
20221125,09:22:00,43357.10,100,3003925
20221125,09:22:01,43360.95,200,3003925
20221125,09:22:03,43360.95,125,3003925
20221125,09:22:05,43357.00,175,3003925
20221125,09:22:06,43361.15,75,3003925
20221125,09:22:08,43355.05,25,3003925
20221125,09:22:10,43355.00,200,3003925
20221125,09:22:11,43356.20,550,3003925
20221125,09:22:13,43355.00,300,3003925
20221125,09:22:15,43359.00,75,3003925
20221125,09:22:16,43359.30,250,3003925
20221125,09:22:18,43358.00,275,3003925
20221125,09:22:20,43356.10,200,3003925
20221125,09:22:21,43357.25,25,3003925
20221125,09:22:23,43364.00,975,3003925
20221125,09:22:25,43360.70,425,3003925
20221125,09:22:26,43360.55,225,3003925
20221125,09:22:28,43360.55,600,3003925
20221125,09:22:29,43364.90,450,3003925
20221125,09:22:31,43362.80,375,3003925
20221125,09:22:33,43370.00,650,3003925
20221125,09:22:34,43369.05,475,3003925
20221125,09:22:36,43370.00,825,3003925
20221125,09:22:38,43366.05,325,3003925
20221125,09:22:39,43365.00,25,3003925
20221125,09:22:41,43368.35,75,3003925
20221125,09:22:43,43370.00,975,3003925
20221125,09:22:44,43372.25,225,3003925
20221125,09:22:46,43369.95,1050,3003925
20221125,09:22:48,43370.00,475,3003925
20221125,09:22:49,43369.20,425,3003925
20221125,09:22:51,43365.75,425,3003925
20221125,09:22:53,43370.00,150,3003925
20221125,09:22:54,43369.25,1075,3003925
20221125,09:22:56,43368.70,200,3003925
20221125,09:22:58,43370.00,175,3003925
20221125,09:22:59,43369.10,1075,3003925
20221125,09:23:01,43369.50,1550,3003925
20221125,09:23:03,43370.00,150,3003925
20221125,09:23:04,43368.90,225,3003925
20221125,09:23:06,43370.00,1375,3003925
20221125,09:23:07,43368.80,400,3003925
20221125,09:23:09,43373.90,150,3003925
20221125,09:23:11,43368.60,875,3003925
20221125,09:23:12,43373.55,450,3003925
20221125,09:23:14,43370.35,200,3003925
20221125,09:23:16,43370.80,275,3003925
20221125,09:23:17,43372.70,150,3010850
20221125,09:23:19,43371.35,175,3010850
20221125,09:23:21,43371.25,225,3010850
20221125,09:23:22,43375.00,700,3010850
20221125,09:23:24,43373.35,300,3010850
20221125,09:23:26,43379.45,900,3010850
20221125,09:23:27,43378.50,250,3010850
20221125,09:23:29,43381.65,2625,3010850
20221125,09:23:31,43395.60,5575,3010850
20221125,09:23:32,43384.10,575,3010850
20221125,09:23:34,43386.80,375,3010850
20221125,09:23:36,43375.40,450,3010850
20221125,09:23:37,43376.70,100,3010850
20221125,09:23:39,43375.25,350,3010850
20221125,09:23:42,43375.00,250,3010850
20221125,09:23:44,43378.65,175,3010850
20221125,09:23:45,43372.15,225,3010850
20221125,09:23:47,43383.20,150,3010850
20221125,09:23:49,43380.00,325,3010850
20221125,09:23:52,43380.00,400,3010850
20221125,09:23:53,43375.15,450,3010850
20221125,09:23:55,43379.00,150,3010850
20221125,09:23:57,43375.30,275,3010850
20221125,09:23:58,43379.00,125,3010850
20221125,09:24:00,43379.00,275,3010850
20221125,09:24:01,43377.95,200,3010850
20221125,09:24:03,43374.25,250,3010850
20221125,09:24:05,43374.30,175,3010850
20221125,09:24:06,43379.00,125,3010850
20221125,09:24:08,43379.00,400,3010850
20221125,09:24:09,43378.70,175,3010850
20221125,09:24:11,43374.10,325,3010850
20221125,09:24:13,43379.65,275,3010850
20221125,09:24:14,43375.65,100,3010850
20221125,09:24:16,43379.65,75,3010850
20221125,09:24:17,43379.65,250,3010850
20221125,09:24:19,43374.05,400,3010850
20221125,09:24:21,43374.65,225,3010850
20221125,09:24:22,43379.00,50,3010850
20221125,09:24:24,43376.40,225,3010850
20221125,09:24:25,43375.20,325,3010850
20221125,09:24:27,43379.00,375,3010850
20221125,09:24:29,43376.05,475,3010850
20221125,09:24:30,43375.55,25,3010850
20221125,09:24:32,43375.05,200,3010850
20221125,09:24:33,43378.80,325,3010850
20221125,09:24:35,43375.65,50,3010850
20221125,09:24:36,43379.00,50,3010850
20221125,09:24:38,43380.00,225,3010850
20221125,09:24:40,43380.00,100,3010850
20221125,09:24:41,43380.00,1375,3010850
20221125,09:24:43,43380.00,200,3010850
20221125,09:24:44,43379.90,350,3010850
20221125,09:24:46,43380.00,1750,3010850
20221125,09:24:47,43378.45,225,3010850
20221125,09:24:49,43380.00,175,3010850
20221125,09:24:51,43380.00,175,3010850
20221125,09:24:52,43379.30,100,3010850
20221125,09:24:54,43380.00,100,3010850
20221125,09:24:55,43379.95,800,3010850
20221125,09:24:57,43380.00,225,3010850
20221125,09:24:59,43380.00,275,3010850
20221125,09:25:00,43380.00,275,3010850
20221125,09:25:02,43384.50,225,3010850
20221125,09:25:04,43385.00,425,3010850
20221125,09:25:05,43386.95,525,3010850
20221125,09:25:07,43389.00,325,3010850
20221125,09:25:09,43389.00,550,3010850
20221125,09:25:10,43389.20,425,3010850
20221125,09:25:12,43394.60,200,3010850
20221125,09:25:14,43405.65,9800,3010850
20221125,09:25:15,43397.20,575,3010850
20221125,09:25:17,43399.50,500,3010850
20221125,09:25:18,43395.80,375,3010850
20221125,09:25:20,43403.00,525,3010850
20221125,09:25:22,43402.00,150,3010850
20221125,09:25:23,43404.00,1025,3010850
20221125,09:25:25,43402.35,200,3010850
20221125,09:25:27,43405.00,475,3010850
20221125,09:25:28,43406.60,575,3010850
20221125,09:25:30,43410.90,825,3010850
20221125,09:25:32,43412.00,725,3010850
20221125,09:25:33,43407.05,400,3010850
20221125,09:25:35,43407.85,475,3010850
20221125,09:25:37,43412.90,450,3010850
20221125,09:25:38,43413.10,800,3010850
20221125,09:25:40,43413.80,350,3010850
20221125,09:25:42,43413.95,275,3010850
20221125,09:25:43,43416.30,600,3010850
20221125,09:25:45,43420.00,850,3010850
20221125,09:25:47,43425.00,1300,3010850
20221125,09:25:48,43418.25,250,3010850
20221125,09:25:50,43420.00,625,3010850
20221125,09:25:52,43419.45,375,3010850
20221125,09:25:53,43418.90,250,3010850
20221125,09:25:55,43415.20,925,3010850
20221125,09:25:56,43417.55,625,3010850
20221125,09:25:58,43419.35,825,3010850
20221125,09:26:00,43417.60,425,3010850
20221125,09:26:01,43425.55,1375,3010850
20221125,09:26:03,43426.30,425,3010850
20221125,09:26:05,43428.20,650,3010850
20221125,09:26:06,43429.95,150,3010850
20221125,09:26:08,43429.95,1075,3010850
20221125,09:26:10,43421.00,400,3010850
20221125,09:26:11,43417.55,150,3010850
20221125,09:26:13,43424.00,175,3010850
20221125,09:26:14,43420.15,450,3010850
20221125,09:26:16,43419.60,475,3010850
20221125,09:26:18,43424.20,425,3010850
20221125,09:26:19,43417.75,650,3039800
20221125,09:26:21,43422.75,225,3039800
20221125,09:26:23,43417.30,525,3039800
20221125,09:26:24,43417.35,300,3039800
20221125,09:26:26,43416.60,200,3039800
20221125,09:26:27,43418.50,250,3039800
20221125,09:26:29,43416.15,300,3039800
20221125,09:26:31,43419.30,400,3039800
20221125,09:26:32,43420.00,125,3039800
20221125,09:26:34,43417.85,325,3039800
20221125,09:26:36,43423.00,400,3039800
20221125,09:26:37,43417.20,1050,3039800
20221125,09:26:39,43419.60,325,3039800
20221125,09:26:41,43417.65,475,3039800
20221125,09:26:42,43419.70,150,3039800
20221125,09:26:44,43423.00,725,3039800
20221125,09:26:46,43423.00,425,3039800
20221125,09:26:47,43423.00,325,3039800
20221125,09:26:49,43423.00,325,3039800
20221125,09:26:51,43423.05,250,3039800
20221125,09:26:52,43423.05,200,3039800
20221125,09:26:54,43423.15,325,3039800
20221125,09:26:56,43423.00,450,3039800
20221125,09:26:57,43425.00,225,3039800
20221125,09:26:59,43424.40,300,3039800
20221125,09:27:00,43425.00,275,3039800
20221125,09:27:02,43420.00,425,3039800
20221125,09:27:04,43420.60,450,3039800
20221125,09:27:05,43425.00,275,3039800
20221125,09:27:07,43425.00,150,3039800
20221125,09:27:08,43423.70,2150,3039800
20221125,09:27:10,43425.00,325,3039800
20221125,09:27:12,43425.00,125,3039800
20221125,09:27:13,43425.00,50,3039800
20221125,09:27:15,43423.70,275,3039800
20221125,09:27:16,43425.00,450,3039800
20221125,09:27:18,43425.00,125,3039800
20221125,09:27:19,43425.00,425,3039800
20221125,09:27:21,43423.75,150,3039800
20221125,09:27:22,43423.80,600,3039800
20221125,09:27:24,43425.00,50,3039800
20221125,09:27:26,43425.00,750,3039800
20221125,09:27:27,43425.00,25,3039800
20221125,09:27:29,43422.90,550,3039800
20221125,09:27:31,43429.90,1825,3039800
20221125,09:27:32,43428.30,175,3039800
20221125,09:27:34,43429.40,75,3039800
20221125,09:27:35,43431.90,675,3039800
20221125,09:27:37,43437.65,1450,3039800
20221125,09:27:39,43438.25,275,3039800
20221125,09:27:40,43420.55,1375,3039800
20221125,09:27:42,43429.70,300,3039800
20221125,09:27:44,43425.25,775,3039800
20221125,09:27:45,43436.95,125,3039800
20221125,09:27:47,43430.30,125,3039800
20221125,09:27:49,43430.00,200,3039800
20221125,09:27:50,43432.95,175,3039800
20221125,09:27:52,43429.05,100,3039800
20221125,09:27:53,43430.15,500,3039800
20221125,09:27:55,43434.95,400,3039800
20221125,09:27:57,43434.15,275,3039800
20221125,09:27:58,43435.00,300,3039800
20221125,09:28:00,43430.20,325,3039800
20221125,09:28:02,43434.05,900,3039800
20221125,09:28:03,43438.00,350,3039800
20221125,09:28:05,43440.00,850,3039800
20221125,09:28:06,43440.00,650,3039800
20221125,09:28:08,43440.00,425,3039800
20221125,09:28:10,43440.00,350,3039800
20221125,09:28:11,43436.20,250,3039800
20221125,09:28:13,43444.00,375,3039800
20221125,09:28:15,43440.00,400,3039800
20221125,09:28:16,43446.35,725,3039800
20221125,09:28:18,43446.35,325,3039800
20221125,09:28:20,43441.25,275,3039800
20221125,09:28:21,43445.00,600,3039800
20221125,09:28:23,43448.00,775,3039800
20221125,09:28:25,43448.00,200,3039800
20221125,09:28:26,43448.00,375,3039800
20221125,09:28:28,43449.90,1100,3039800
20221125,09:28:29,43449.00,525,3039800
20221125,09:28:31,43450.00,2400,3039800
20221125,09:28:33,43456.00,1600,3039800
20221125,09:28:34,43460.00,1350,3039800
20221125,09:28:36,43465.00,1975,3039800
20221125,09:28:38,43463.90,525,3039800
20221125,09:28:39,43462.05,375,3039800
20221125,09:28:41,43460.45,300,3039800
20221125,09:28:43,43460.05,400,3039800
20221125,09:28:44,43462.05,650,3039800
20221125,09:28:46,43465.00,350,3039800
20221125,09:28:47,43464.30,825,3039800
20221125,09:28:49,43462.05,525,3039800
20221125,09:28:50,43462.65,50,3039800
20221125,09:28:52,43462.05,575,3039800
20221125,09:28:53,43462.00,350,3039800
20221125,09:28:55,43461.70,950,3039800
20221125,09:28:57,43456.65,1225,3039800
20221125,09:28:58,43457.70,400,3039800
20221125,09:29:00,43462.05,625,3039800
20221125,09:29:02,43465.00,4850,3039800
20221125,09:29:03,43473.00,2075,3039800
20221125,09:29:05,43474.00,400,3039800
20221125,09:29:07,43474.00,825,3039800
20221125,09:29:08,43474.00,675,3039800
20221125,09:29:10,43474.00,400,3039800
20221125,09:29:12,43482.80,3475,3039800
20221125,09:29:13,43484.10,975,3039800
20221125,09:29:15,43487.00,1025,3039800
20221125,09:29:17,43480.15,1175,3039800
20221125,09:29:18,43484.00,675,3043625
20221125,09:29:20,43482.00,575,3043625
20221125,09:29:22,43487.00,175,3043625
20221125,09:29:23,43486.60,575,3043625
20221125,09:29:25,43484.95,550,3043625
20221125,09:29:27,43478.05,725,3043625
20221125,09:29:28,43480.65,375,3043625
20221125,09:29:30,43481.30,350,3043625
20221125,09:29:32,43477.75,200,3043625
20221125,09:29:33,43480.75,525,3043625
20221125,09:29:35,43487.95,1800,3043625
20221125,09:29:36,43484.60,225,3043625
20221125,09:29:38,43485.85,250,3043625
20221125,09:29:40,43478.05,250,3043625
20221125,09:29:41,43478.25,250,3043625
20221125,09:29:43,43484.70,825,3043625
20221125,09:29:45,43478.90,325,3043625
20221125,09:29:46,43475.60,525,3043625
20221125,09:29:48,43480.50,1000,3043625
20221125,09:29:49,43475.85,375,3043625
20221125,09:29:51,43480.35,1075,3043625
20221125,09:29:53,43479.95,475,3043625
20221125,09:29:54,43479.95,375,3043625
20221125,09:29:56,43475.20,725,3043625
20221125,09:29:58,43475.15,450,3043625
20221125,09:29:59,43475.15,175,3043625
20221125,09:30:01,43470.00,3825,3043625
20221125,09:30:03,43476.20,1075,3043625
20221125,09:30:04,43474.10,975,3043625
20221125,09:30:06,43476.45,700,3043625
20221125,09:30:08,43475.80,775,3043625
20221125,09:30:09,43475.00,450,3043625
20221125,09:30:11,43480.00,225,3043625
20221125,09:30:12,43483.00,350,3043625
20221125,09:30:14,43490.00,2125,3043625
20221125,09:30:16,43495.00,1225,3043625
20221125,09:30:17,43489.60,1550,3043625
20221125,09:30:19,43486.80,550,3043625
20221125,09:30:20,43486.90,275,3043625
20221125,09:30:22,43488.25,925,3043625
20221125,09:30:24,43489.10,300,3043625
20221125,09:30:25,43488.00,125,3043625
20221125,09:30:27,43489.75,400,3043625
20221125,09:30:28,43488.30,150,3043625
20221125,09:30:30,43490.90,300,3043625
20221125,09:30:31,43486.95,1225,3043625
20221125,09:30:33,43483.90,275,3043625
20221125,09:30:35,43487.20,50,3043625
20221125,09:30:36,43480.45,75,3043625
20221125,09:30:38,43487.20,300,3043625
20221125,09:30:39,43489.60,275,3043625
20221125,09:30:41,43490.00,325,3043625
20221125,09:30:43,43489.15,275,3043625
20221125,09:30:44,43488.80,475,3043625
20221125,09:30:46,43486.45,2425,3043625
20221125,09:30:47,43486.90,150,3043625
20221125,09:30:49,43486.30,425,3043625
20221125,09:30:50,43486.90,125,3043625
20221125,09:30:52,43489.75,500,3043625
20221125,09:30:54,43488.25,475,3043625
20221125,09:30:55,43486.00,325,3043625
20221125,09:30:57,43488.25,1400,3043625
20221125,09:30:59,43489.30,375,3043625
20221125,09:31:00,43489.80,300,3043625
20221125,09:31:02,43494.00,650,3043625
20221125,09:31:03,43490.00,700,3043625
20221125,09:31:05,43491.00,675,3043625
20221125,09:31:07,43494.70,600,3043625
20221125,09:31:08,43496.00,1225,3043625
20221125,09:31:10,43510.00,12600,3043625
20221125,09:31:12,43504.15,1150,3043625
20221125,09:31:13,43500.00,1850,3043625
20221125,09:31:15,43508.90,400,3043625
20221125,09:31:17,43510.85,1000,3043625
20221125,09:31:18,43504.50,850,3043625
20221125,09:31:20,43500.35,325,3043625
20221125,09:31:21,43501.35,425,3043625
20221125,09:31:23,43507.05,275,3043625
20221125,09:31:25,43510.00,325,3043625
20221125,09:31:26,43510.00,125,3043625
20221125,09:31:28,43507.90,550,3043625
20221125,09:31:30,43510.00,300,3043625
20221125,09:31:31,43507.15,325,3043625
20221125,09:31:33,43510.00,625,3043625
20221125,09:31:34,43510.00,350,3043625
20221125,09:31:36,43510.00,800,3043625
20221125,09:31:38,43515.00,425,3043625
20221125,09:31:40,43515.00,200,3043625
20221125,09:31:41,43514.80,1350,3043625
20221125,09:31:43,43508.65,525,3043625
20221125,09:31:44,43504.95,475,3043625
20221125,09:31:46,43509.00,450,3043625
20221125,09:31:48,43510.00,500,3043625
20221125,09:31:49,43511.35,175,3043625
20221125,09:31:51,43511.80,275,3043625
20221125,09:31:52,43518.00,650,3043625
20221125,09:31:54,43517.05,125,3043625
20221125,09:31:56,43518.00,375,3043625
20221125,09:31:57,43520.00,600,3043625
20221125,09:31:59,43523.00,500,3043625
20221125,09:32:01,43523.00,650,3043625
20221125,09:32:02,43523.00,325,3043625
20221125,09:32:04,43525.00,925,3043625
20221125,09:32:05,43525.00,675,3043625
20221125,09:32:07,43525.80,1150,3043625
20221125,09:32:09,43524.90,700,3043625
20221125,09:32:10,43527.00,675,3043625
20221125,09:32:12,43520.40,625,3043625
20221125,09:32:13,43526.50,275,3043625
20221125,09:32:15,43525.65,375,3043625
20221125,09:32:17,43528.15,925,3043625
20221125,09:32:18,43527.25,575,3056650
20221125,09:32:20,43529.90,1550,3056650
20221125,09:32:22,43524.00,375,3056650
20221125,09:32:23,43529.95,600,3056650
20221125,09:32:25,43529.95,750,3056650
20221125,09:32:27,43545.35,4575,3056650
20221125,09:32:28,43539.45,1575,3056650
20221125,09:32:30,43531.00,300,3056650
20221125,09:32:32,43535.05,250,3056650
20221125,09:32:33,43548.00,1050,3056650
20221125,09:32:35,43566.10,5300,3056650
20221125,09:32:37,43548.75,575,3056650
20221125,09:32:38,43553.10,675,3056650
20221125,09:32:40,43554.25,925,3056650
20221125,09:32:42,43547.15,575,3056650
20221125,09:32:43,43542.65,1425,3056650
20221125,09:32:45,43541.75,275,3056650
20221125,09:32:46,43543.40,750,3056650
20221125,09:32:48,43547.85,975,3056650
20221125,09:32:50,43547.10,1025,3056650
20221125,09:32:51,43554.35,350,3056650
20221125,09:32:53,43550.00,250,3056650
20221125,09:32:54,43549.45,350,3056650
20221125,09:32:56,43545.15,800,3056650
20221125,09:32:58,43549.30,400,3056650
20221125,09:32:59,43548.35,1600,3056650
20221125,09:33:01,43549.00,1100,3056650
20221125,09:33:02,43549.00,950,3056650
20221125,09:33:04,43549.65,1600,3056650
20221125,09:33:06,43544.50,700,3056650
20221125,09:33:07,43543.50,275,3056650
20221125,09:33:09,43543.50,1200,3056650
20221125,09:33:10,43532.15,875,3056650
20221125,09:33:12,43526.45,475,3056650
20221125,09:33:14,43522.05,525,3056650
20221125,09:33:15,43523.70,400,3056650
20221125,09:33:17,43525.00,575,3056650
20221125,09:33:19,43529.80,200,3056650
20221125,09:33:20,43523.10,200,3056650
20221125,09:33:22,43526.00,450,3056650
20221125,09:33:24,43525.00,900,3056650
20221125,09:33:25,43532.30,350,3056650
20221125,09:33:27,43525.10,375,3056650
20221125,09:33:29,43533.55,225,3056650
20221125,09:33:30,43531.30,225,3056650
20221125,09:33:32,43534.65,825,3056650
20221125,09:33:33,43522.65,125,3056650
20221125,09:33:35,43525.00,75,3056650
20221125,09:33:37,43529.15,175,3056650
20221125,09:33:38,43530.00,300,3056650
20221125,09:33:40,43530.55,175,3056650
20221125,09:33:42,43526.70,200,3056650
20221125,09:33:43,43525.00,1100,3056650
20221125,09:33:45,43525.60,125,3056650
20221125,09:33:46,43523.00,100,3056650
20221125,09:33:48,43524.95,700,3056650
20221125,09:33:50,43517.55,625,3056650
20221125,09:33:51,43517.35,625,3056650
20221125,09:33:53,43516.55,175,3056650
20221125,09:33:55,43517.50,175,3056650
20221125,09:33:56,43517.40,275,3056650
20221125,09:33:58,43515.00,300,3056650
20221125,09:34:00,43515.40,375,3056650
20221125,09:34:01,43512.25,500,3056650
20221125,09:34:03,43516.80,850,3056650
20221125,09:34:05,43510.00,700,3056650
20221125,09:34:06,43508.05,325,3056650
20221125,09:34:08,43508.00,300,3056650
20221125,09:34:09,43508.25,375,3056650
20221125,09:34:11,43506.75,575,3056650
20221125,09:34:13,43500.00,625,3056650
20221125,09:34:14,43498.00,300,3056650
20221125,09:34:16,43500.00,1200,3056650
20221125,09:34:17,43503.85,375,3056650
20221125,09:34:19,43500.05,225,3056650
20221125,09:34:20,43497.00,375,3056650
20221125,09:34:22,43496.30,525,3056650
20221125,09:34:23,43498.90,175,3056650
20221125,09:34:25,43504.65,775,3056650
20221125,09:34:27,43506.60,50,3056650
20221125,09:34:28,43509.65,175,3056650
20221125,09:34:30,43510.10,850,3056650
20221125,09:34:31,43510.00,125,3056650
20221125,09:34:33,43507.00,775,3056650
20221125,09:34:35,43505.00,250,3056650
20221125,09:34:36,43501.40,150,3056650
20221125,09:34:38,43500.00,150,3056650
20221125,09:34:39,43498.00,175,3056650
20221125,09:34:41,43504.75,250,3056650
20221125,09:34:42,43508.95,800,3056650
20221125,09:34:44,43500.10,1500,3056650
20221125,09:34:46,43501.40,75,3056650
20221125,09:34:47,43501.05,425,3056650
20221125,09:34:49,43495.05,425,3056650
20221125,09:34:50,43496.95,125,3056650
20221125,09:34:52,43495.00,50,3056650
20221125,09:34:54,43496.80,200,3056650
20221125,09:34:55,43491.05,150,3056650
20221125,09:34:57,43490.10,250,3056650
20221125,09:34:58,43488.00,250,3056650
20221125,09:35:00,43490.00,150,3056650
20221125,09:35:02,43490.05,1500,3056650
20221125,09:35:03,43496.00,1325,3056650
20221125,09:35:05,43489.90,950,3056650
20221125,09:35:06,43493.05,400,3056650
20221125,09:35:08,43493.50,375,3056650
20221125,09:35:10,43490.00,625,3056650
20221125,09:35:11,43492.90,300,3056650
20221125,09:35:13,43493.00,700,3056650
20221125,09:35:14,43495.00,275,3056650
20221125,09:35:16,43500.45,675,3056650
20221125,09:35:18,43500.45,500,3056650
20221125,09:35:19,43503.00,775,3059725
20221125,09:35:21,43496.60,475,3059725
20221125,09:35:23,43499.55,800,3059725
20221125,09:35:24,43504.65,425,3059725
20221125,09:35:26,43501.45,100,3059725
20221125,09:35:28,43500.00,75,3059725
20221125,09:35:29,43497.25,150,3059725
20221125,09:35:31,43496.05,475,3059725
20221125,09:35:33,43499.90,275,3059725
20221125,09:35:34,43496.50,150,3059725
20221125,09:35:36,43495.90,25,3059725
20221125,09:35:38,43490.20,200,3059725
20221125,09:35:39,43490.00,1750,3059725
20221125,09:35:41,43480.30,575,3059725
20221125,09:35:43,43481.80,25,3059725
20221125,09:35:44,43475.70,500,3059725
20221125,09:35:46,43472.60,700,3059725
20221125,09:35:48,43463.20,2325,3059725
20221125,09:35:49,43469.00,350,3059725
20221125,09:35:51,43474.90,1025,3059725
20221125,09:35:53,43467.25,850,3059725
20221125,09:35:54,43466.00,1250,3059725
20221125,09:35:56,43456.00,1500,3059725
20221125,09:35:58,43453.05,700,3059725
20221125,09:35:59,43450.05,2250,3059725
20221125,09:36:01,43455.30,475,3059725
20221125,09:36:03,43460.00,1100,3059725
20221125,09:36:04,43466.90,325,3059725
20221125,09:36:06,43468.65,450,3059725
20221125,09:36:08,43466.65,150,3059725
20221125,09:36:09,43456.65,350,3059725
20221125,09:36:11,43453.50,1150,3059725
20221125,09:36:12,43455.55,350,3059725
20221125,09:36:14,43457.20,800,3059725
20221125,09:36:16,43461.90,525,3059725
20221125,09:36:17,43461.90,1200,3059725
20221125,09:36:19,43466.95,600,3059725
20221125,09:36:21,43465.40,325,3059725
20221125,09:36:22,43461.20,325,3059725
20221125,09:36:24,43461.55,225,3059725
20221125,09:36:25,43468.40,350,3059725
20221125,09:36:27,43467.65,450,3059725
20221125,09:36:29,43472.85,100,3059725
20221125,09:36:30,43466.05,350,3059725
20221125,09:36:32,43469.90,875,3059725
20221125,09:36:34,43471.35,225,3059725
20221125,09:36:35,43466.95,275,3059725
20221125,09:36:37,43466.75,150,3059725
20221125,09:36:38,43460.00,400,3059725
20221125,09:36:40,43461.30,75,3059725
20221125,09:36:42,43459.25,150,3059725
20221125,09:36:43,43456.60,400,3059725
20221125,09:36:45,43450.50,200,3059725
20221125,09:36:47,43445.05,2250,3059725
20221125,09:36:48,43441.15,225,3059725
20221125,09:36:50,43442.85,975,3059725
20221125,09:36:52,43449.95,250,3059725
20221125,09:36:53,43450.00,350,3059725
20221125,09:36:55,43453.95,1175,3059725
20221125,09:36:56,43444.00,200,3059725
20221125,09:36:58,43442.00,275,3059725
20221125,09:37:00,43443.20,125,3059725
20221125,09:37:01,43440.00,1675,3059725
20221125,09:37:03,43430.00,500,3059725
20221125,09:37:05,43429.45,2400,3059725
20221125,09:37:06,43430.00,5275,3059725
20221125,09:37:08,43440.00,2550,3059725
20221125,09:37:09,43431.05,500,3059725
20221125,09:37:11,43435.95,400,3059725
20221125,09:37:13,43429.20,875,3059725
20221125,09:37:14,43429.90,850,3059725
20221125,09:37:16,43428.10,425,3059725
20221125,09:37:18,43428.65,600,3059725
20221125,09:37:19,43435.85,2200,3059725
20221125,09:37:21,43432.15,1600,3059725
20221125,09:37:23,43431.80,200,3059725
20221125,09:37:24,43430.20,1150,3059725
20221125,09:37:28,43433.55,275,3059725
20221125,09:37:29,43430.20,475,3059725
20221125,09:37:31,43431.00,275,3059725
20221125,09:37:33,43436.30,175,3059725
20221125,09:37:34,43440.00,600,3059725
20221125,09:37:36,43439.45,1775,3059725
20221125,09:37:38,43437.85,175,3059725
20221125,09:37:39,43435.95,75,3059725
20221125,09:37:41,43431.65,275,3059725
20221125,09:37:43,43436.55,175,3059725
20221125,09:37:44,43438.00,100,3059725
20221125,09:37:46,43435.00,700,3059725
20221125,09:37:48,43435.95,200,3059725
20221125,09:37:49,43438.65,1075,3059725
20221125,09:37:51,43432.35,75,3059725
20221125,09:37:53,43438.00,925,3059725
20221125,09:37:54,43437.50,175,3059725
20221125,09:37:56,43435.00,350,3059725
20221125,09:37:58,43435.00,100,3059725
20221125,09:37:59,43445.00,850,3059725
20221125,09:38:01,43438.70,375,3059725
20221125,09:38:03,43444.55,425,3059725
20221125,09:38:04,43443.40,125,3059725
20221125,09:38:06,43446.05,100,3059725
20221125,09:38:08,43443.55,275,3059725
20221125,09:38:09,43443.45,1225,3059725
20221125,09:38:11,43449.95,150,3059725
20221125,09:38:14,43441.15,250,3059725
20221125,09:38:16,43440.40,950,3059725
20221125,09:38:18,43442.60,175,3059725
20221125,09:38:19,43437.50,350,3059725
20221125,09:38:21,43437.30,125,3055625
20221125,09:38:22,43435.00,675,3055625
20221125,09:38:24,43432.00,75,3055625
20221125,09:38:26,43437.20,150,3055625
20221125,09:38:27,43435.65,450,3055625
20221125,09:38:29,43439.95,650,3055625
20221125,09:38:31,43439.75,25,3055625
20221125,09:38:32,43437.00,25,3055625
20221125,09:38:34,43437.00,125,3055625
20221125,09:38:35,43435.05,25,3055625
20221125,09:38:37,43434.25,925,3055625
20221125,09:38:39,43438.90,375,3055625
20221125,09:38:40,43439.20,200,3055625
20221125,09:38:42,43438.65,250,3055625
20221125,09:38:44,43439.40,100,3055625
20221125,09:38:45,43439.95,75,3055625
20221125,09:38:47,43440.00,225,3055625
20221125,09:38:49,43437.00,50,3055625
20221125,09:38:50,43440.00,300,3055625
20221125,09:38:52,43443.60,175,3055625
20221125,09:38:53,43440.00,150,3055625
20221125,09:38:55,43437.00,100,3055625
20221125,09:38:57,43435.55,125,3055625
20221125,09:38:58,43442.60,125,3055625
20221125,09:39:00,43437.25,25,3055625
20221125,09:39:02,43437.00,825,3055625
20221125,09:39:03,43433.05,325,3055625
20221125,09:39:05,43431.15,375,3055625
20221125,09:39:06,43429.95,1075,3055625
20221125,09:39:08,43427.25,200,3055625
20221125,09:39:10,43435.75,900,3055625
20221125,09:39:11,43438.65,375,3055625
20221125,09:39:13,43435.65,225,3055625
20221125,09:39:15,43433.30,50,3055625
20221125,09:39:16,43441.85,125,3055625
20221125,09:39:18,43439.75,25,3055625
20221125,09:39:20,43437.55,1100,3055625
20221125,09:39:21,43443.60,150,3055625
20221125,09:39:23,43443.35,250,3055625
20221125,09:39:25,43447.70,75,3055625
20221125,09:39:26,43450.00,1600,3055625
20221125,09:39:28,43452.80,125,3055625
20221125,09:39:30,43453.30,150,3055625
20221125,09:39:31,43458.00,275,3055625
20221125,09:39:33,43467.00,325,3055625
20221125,09:39:35,43462.60,200,3055625
20221125,09:39:36,43465.55,250,3055625
20221125,09:39:38,43463.30,225,3055625
20221125,09:39:40,43457.80,50,3055625
20221125,09:39:41,43457.30,50,3055625
20221125,09:39:43,43458.80,50,3055625
20221125,09:39:44,43458.80,50,3055625
20221125,09:39:46,43458.80,1175,3055625
20221125,09:39:48,43457.30,75,3055625
20221125,09:39:49,43457.40,50,3055625
20221125,09:39:51,43457.45,275,3055625
20221125,09:39:53,43459.45,150,3055625
20221125,09:39:54,43463.60,125,3055625
20221125,09:39:56,43462.10,350,3055625
20221125,09:39:57,43464.10,275,3055625
20221125,09:39:59,43469.90,50,3055625
20221125,09:40:01,43465.00,125,3055625
20221125,09:40:02,43469.75,275,3055625
20221125,09:40:04,43462.10,225,3055625
20221125,09:40:06,43461.25,125,3055625
20221125,09:40:07,43469.80,325,3055625
20221125,09:40:09,43469.00,175,3055625
20221125,09:40:10,43469.00,100,3055625
20221125,09:40:12,43468.10,150,3055625
20221125,09:40:14,43467.70,150,3055625
20221125,09:40:15,43470.00,425,3055625
20221125,09:40:17,43473.00,500,3055625
20221125,09:40:19,43475.00,475,3055625
20221125,09:40:20,43475.00,325,3055625
20221125,09:40:22,43471.10,150,3055625
20221125,09:40:24,43473.95,25,3055625
20221125,09:40:25,43476.30,1100,3055625
20221125,09:40:27,43477.40,1100,3055625
20221125,09:40:28,43473.95,175,3055625
20221125,09:40:30,43466.70,250,3055625
20221125,09:40:32,43469.05,450,3055625
20221125,09:40:33,43467.60,175,3055625
20221125,09:40:35,43463.85,50,3055625
20221125,09:40:37,43467.40,250,3055625
20221125,09:40:38,43468.60,75,3055625
20221125,09:40:40,43460.00,1200,3055625
20221125,09:40:41,43450.40,350,3055625
20221125,09:40:43,43450.10,150,3055625
20221125,09:40:45,43447.60,275,3055625
20221125,09:40:46,43450.75,250,3055625
20221125,09:40:48,43450.00,25,3055625
20221125,09:40:49,43450.00,125,3055625
20221125,09:40:51,43452.90,225,3055625
20221125,09:40:53,43451.55,725,3055625
20221125,09:40:54,43450.40,175,3055625
20221125,09:40:56,43445.60,400,3055625
20221125,09:40:58,43445.00,275,3055625
20221125,09:40:59,43445.60,650,3055625
20221125,09:41:01,43437.90,275,3055625
20221125,09:41:03,43438.60,125,3055625
20221125,09:41:04,43443.05,50,3055625
20221125,09:41:06,43449.50,350,3055625
20221125,09:41:08,43447.50,425,3055625
20221125,09:41:09,43444.45,525,3055625
20221125,09:41:11,43448.70,150,3055625
20221125,09:41:13,43446.30,325,3055625
20221125,09:41:14,43449.75,425,3055625
20221125,09:41:16,43452.80,150,3055625
20221125,09:41:18,43452.35,375,3055625
20221125,09:41:19,43454.85,50,3055625
20221125,09:41:21,43455.95,250,3060750
20221125,09:41:22,43456.55,100,3060750
20221125,09:41:24,43447.60,25,3060750
20221125,09:41:26,43447.55,75,3060750
20221125,09:41:27,43445.55,1150,3060750
20221125,09:41:29,43447.45,700,3060750
20221125,09:41:31,43446.20,400,3060750
20221125,09:41:32,43445.00,100,3060750
20221125,09:41:34,43443.20,50,3060750
20221125,09:41:36,43450.00,25,3060750
20221125,09:41:37,43443.60,275,3060750
20221125,09:41:41,43445.00,50,3060750
20221125,09:41:42,43445.70,25,3060750
20221125,09:41:44,43440.00,400,3060750
20221125,09:41:46,43440.05,25,3060750
20221125,09:41:47,43443.20,50,3060750
20221125,09:41:49,43440.10,175,3060750
20221125,09:41:51,43442.50,100,3060750
20221125,09:41:52,43443.05,200,3060750
20221125,09:41:54,43445.60,200,3060750
20221125,09:41:56,43447.85,125,3060750
20221125,09:41:57,43445.85,125,3060750
20221125,09:41:59,43457.25,650,3060750
20221125,09:42:01,43455.65,300,3060750
20221125,09:42:02,43450.10,300,3060750
20221125,09:42:04,43451.30,175,3060750
20221125,09:42:05,43448.55,200,3060750
20221125,09:42:07,43449.95,275,3060750
20221125,09:42:09,43451.30,25,3060750
20221125,09:42:10,43445.00,100,3060750
20221125,09:42:12,43445.00,275,3060750
20221125,09:42:14,43444.05,275,3060750
20221125,09:42:15,43447.55,925,3060750
20221125,09:42:17,43441.25,25,3060750
20221125,09:42:18,43446.45,800,3060750
20221125,09:42:22,43438.15,50,3060750
20221125,09:42:25,43441.00,50,3060750
20221125,09:42:27,43438.40,175,3060750
20221125,09:42:28,43440.05,50,3060750
20221125,09:42:30,43438.00,400,3060750
20221125,09:42:31,43435.00,150,3060750
20221125,09:42:33,43439.85,150,3060750
20221125,09:42:35,43430.45,150,3060750
20221125,09:42:36,43435.50,25,3060750
20221125,09:42:38,43439.35,100,3060750
20221125,09:42:40,43437.55,100,3060750
20221125,09:42:41,43435.50,25,3060750
20221125,09:42:43,43434.80,350,3060750
20221125,09:42:44,43425.00,925,3060750
20221125,09:42:46,43426.85,125,3060750
20221125,09:42:48,43432.70,300,3060750
20221125,09:42:51,43432.15,75,3060750
20221125,09:42:53,43425.35,125,3060750
20221125,09:42:54,43431.80,250,3060750
20221125,09:42:56,43433.00,75,3060750
20221125,09:42:57,43431.70,25,3060750
20221125,09:42:59,43431.60,475,3060750
20221125,09:43:00,43433.45,25,3060750
20221125,09:43:02,43440.85,325,3060750
20221125,09:43:04,43444.30,900,3060750
20221125,09:43:05,43437.75,25,3060750
20221125,09:43:07,43438.95,50,3060750
20221125,09:43:09,43437.30,325,3060750
20221125,09:43:10,43430.00,250,3060750
20221125,09:43:12,43428.05,825,3060750
20221125,09:43:14,43429.85,50,3060750
20221125,09:43:15,43430.05,1000,3060750
20221125,09:43:17,43430.00,200,3060750
20221125,09:43:19,43429.30,975,3060750
20221125,09:43:22,43444.95,900,3060750
20221125,09:43:23,43434.95,50,3060750
20221125,09:43:25,43437.15,75,3060750
20221125,09:43:27,43435.05,25,3060750
20221125,09:43:28,43442.00,25,3060750
20221125,09:43:30,43438.05,650,3060750
20221125,09:43:32,43437.15,175,3060750
20221125,09:43:33,43437.45,25,3060750
20221125,09:43:35,43437.00,100,3060750
20221125,09:43:36,43435.00,250,3060750
20221125,09:43:38,43429.65,2300,3060750
20221125,09:43:40,43430.05,275,3060750
20221125,09:43:41,43434.30,225,3060750
20221125,09:43:43,43425.10,4200,3060750
20221125,09:43:45,43424.85,1550,3060750
20221125,09:43:46,43424.75,100,3060750
20221125,09:43:48,43427.10,125,3060750
20221125,09:43:50,43425.10,2125,3060750
20221125,09:43:51,43430.70,275,3060750
20221125,09:43:53,43421.30,1850,3060750
20221125,09:43:54,43424.55,1025,3060750
20221125,09:43:56,43430.00,175,3060750
20221125,09:43:58,43423.50,75,3060750
20221125,09:43:59,43424.65,1550,3060750
20221125,09:44:01,43421.95,1700,3060750
20221125,09:44:03,43418.00,1225,3060750
20221125,09:44:04,43422.50,700,3060750
20221125,09:44:06,43427.45,575,3060750
20221125,09:44:07,43426.05,300,3060750
20221125,09:44:09,43425.70,125,3060750
20221125,09:44:10,43429.00,75,3060750
20221125,09:44:12,43426.00,100,3060750
20221125,09:44:14,43425.20,225,3060750
20221125,09:44:15,43429.00,475,3060750
20221125,09:44:17,43429.00,525,3060750
20221125,09:44:18,43425.00,375,3060750
20221125,09:44:20,43429.95,175,3060750
20221125,09:44:21,43425.00,50,3051375
20221125,09:44:23,43429.00,475,3051375
20221125,09:44:24,43428.95,100,3051375
20221125,09:44:26,43427.50,50,3051375
20221125,09:44:28,43429.00,1175,3051375
20221125,09:44:29,43428.10,50,3051375
20221125,09:44:31,43429.00,150,3051375
20221125,09:44:32,43425.00,300,3051375
20221125,09:44:34,43425.00,150,3051375
20221125,09:44:35,43425.00,25,3051375
20221125,09:44:37,43425.20,250,3051375
20221125,09:44:38,43425.00,50,3051375
20221125,09:44:42,43425.00,300,3051375
20221125,09:44:43,43425.00,400,3051375
20221125,09:44:45,43424.00,25,3051375
20221125,09:44:46,43425.65,50,3051375
20221125,09:44:48,43424.00,50,3051375
20221125,09:44:51,43425.00,125,3051375
20221125,09:44:52,43426.30,175,3051375
20221125,09:44:54,43429.00,75,3051375
20221125,09:44:55,43424.15,150,3051375
20221125,09:44:57,43425.00,225,3051375
20221125,09:44:58,43427.00,25,3051375
20221125,09:45:00,43427.15,25,3051375
20221125,09:45:01,43425.35,450,3051375
20221125,09:45:03,43425.00,300,3051375
20221125,09:45:04,43429.00,75,3051375
20221125,09:45:06,43430.00,350,3051375
20221125,09:45:07,43431.85,825,3051375
20221125,09:45:09,43435.00,300,3051375
20221125,09:45:10,43433.90,125,3051375
20221125,09:45:12,43436.90,375,3051375
20221125,09:45:14,43435.00,250,3051375
20221125,09:45:15,43437.05,75,3051375
20221125,09:45:17,43431.35,25,3051375
20221125,09:45:18,43432.15,325,3051375
20221125,09:45:20,43431.35,175,3051375
20221125,09:45:22,43424.05,250,3051375
20221125,09:45:23,43422.00,300,3051375
20221125,09:45:25,43412.50,1225,3051375
20221125,09:45:27,43407.25,1875,3051375
20221125,09:45:28,43400.60,1925,3051375
20221125,09:45:30,43411.50,175,3051375
20221125,09:45:31,43410.15,400,3051375
20221125,09:45:33,43411.65,550,3051375
20221125,09:45:35,43406.10,325,3051375
20221125,09:45:36,43406.85,650,3051375
20221125,09:45:38,43406.50,925,3051375
20221125,09:45:40,43407.30,150,3051375
20221125,09:45:41,43414.15,25,3051375
20221125,09:45:43,43415.20,1200,3051375
20221125,09:45:44,43405.30,275,3051375
20221125,09:45:46,43408.50,175,3051375
20221125,09:45:48,43408.50,250,3051375
20221125,09:45:49,43408.50,50,3051375
20221125,09:45:51,43414.95,225,3051375
20221125,09:45:52,43410.00,125,3051375
20221125,09:45:54,43415.00,125,3051375
20221125,09:45:55,43416.95,225,3051375
20221125,09:45:57,43416.95,75,3051375
20221125,09:45:59,43421.20,75,3051375
20221125,09:46:00,43420.40,850,3051375
20221125,09:46:02,43416.50,100,3051375
20221125,09:46:03,43416.25,250,3051375
20221125,09:46:05,43419.10,225,3051375
20221125,09:46:06,43417.70,275,3051375
20221125,09:46:08,43418.65,1025,3051375
20221125,09:46:10,43424.00,75,3051375
20221125,09:46:11,43421.70,125,3051375
20221125,09:46:13,43421.70,625,3051375
20221125,09:46:14,43422.75,175,3051375
20221125,09:46:16,43426.00,400,3051375
20221125,09:46:18,43426.40,50,3051375
20221125,09:46:19,43428.75,75,3051375
20221125,09:46:21,43426.00,25,3051375
20221125,09:46:23,43426.15,300,3051375
20221125,09:46:24,43425.75,75,3051375
20221125,09:46:28,43421.15,125,3051375
20221125,09:46:29,43420.00,500,3051375
20221125,09:46:31,43415.75,100,3051375
20221125,09:46:36,43415.00,50,3051375
20221125,09:46:37,43415.75,50,3051375
20221125,09:46:39,43415.30,200,3051375
20221125,09:46:40,43415.00,250,3051375
20221125,09:46:42,43415.00,75,3051375
20221125,09:46:44,43415.00,600,3051375
20221125,09:46:45,43413.80,125,3051375
20221125,09:46:47,43415.40,425,3051375
20221125,09:46:49,43415.80,100,3051375
20221125,09:46:50,43415.80,425,3051375
20221125,09:46:52,43420.50,50,3051375
20221125,09:46:57,43415.80,50,3051375
20221125,09:46:59,43415.80,150,3051375
20221125,09:47:00,43413.85,100,3051375
20221125,09:47:02,43415.00,75,3051375
20221125,09:47:04,43415.00,100,3051375
20221125,09:47:05,43414.10,25,3051375
20221125,09:47:07,43416.00,50,3051375
20221125,09:47:08,43418.00,25,3051375
20221125,09:47:12,43420.50,50,3051375
20221125,09:47:13,43421.30,175,3051375
20221125,09:47:15,43423.20,50,3051375
20221125,09:47:17,43423.65,275,3051375
20221125,09:47:18,43424.50,25,3051375
20221125,09:47:20,43421.75,75,3051375
20221125,09:47:22,43420.35,50,3049550
20221125,09:47:23,43420.00,175,3049550
20221125,09:47:25,43420.10,25,3049550
20221125,09:47:27,43424.65,225,3049550
20221125,09:47:28,43422.65,25,3049550
20221125,09:47:30,43420.15,350,3049550
20221125,09:47:31,43420.20,1000,3049550
20221125,09:47:33,43422.65,150,3049550
20221125,09:47:35,43422.30,25,3049550
20221125,09:47:36,43424.65,750,3049550
20221125,09:47:38,43421.75,75,3049550
20221125,09:47:40,43426.25,75,3049550
20221125,09:47:41,43422.00,75,3049550
20221125,09:47:43,43425.00,150,3049550
20221125,09:47:44,43425.00,150,3049550
20221125,09:47:46,43424.45,125,3049550
20221125,09:47:48,43425.25,25,3049550
20221125,09:47:49,43422.00,75,3049550
20221125,09:47:51,43425.45,25,3049550
20221125,09:47:52,43421.00,50,3049550
20221125,09:47:54,43420.00,100,3049550
20221125,09:47:57,43420.00,200,3049550
20221125,09:47:59,43421.60,225,3049550
20221125,09:48:00,43414.00,925,3049550
20221125,09:48:02,43408.00,1050,3049550
20221125,09:48:04,43411.15,275,3049550
20221125,09:48:05,43410.35,125,3049550
20221125,09:48:07,43408.05,175,3049550
20221125,09:48:09,43408.05,50,3049550
20221125,09:48:10,43408.05,150,3049550
20221125,09:48:12,43408.00,325,3049550
20221125,09:48:13,43412.85,800,3049550
20221125,09:48:15,43412.70,50,3049550
20221125,09:48:18,43420.60,125,3049550
20221125,09:48:20,43418.40,125,3049550
20221125,09:48:22,43416.50,50,3049550
20221125,09:48:23,43417.05,525,3049550
20221125,09:48:25,43423.90,850,3049550
20221125,09:48:27,43428.45,700,3049550
20221125,09:48:28,43423.50,100,3049550
20221125,09:48:30,43424.70,50,3049550
20221125,09:48:32,43427.30,125,3049550
20221125,09:48:33,43430.00,125,3049550
20221125,09:48:35,43430.75,25,3049550
20221125,09:48:37,43432.00,575,3049550
20221125,09:48:38,43431.85,200,3049550
20221125,09:48:40,43430.85,100,3049550
20221125,09:48:42,43429.80,125,3049550
20221125,09:48:43,43428.40,325,3049550
20221125,09:48:45,43430.40,75,3049550
20221125,09:48:47,43430.15,350,3049550
20221125,09:48:48,43428.00,625,3049550
20221125,09:48:50,43428.60,225,3049550
20221125,09:48:52,43429.05,475,3049550
20221125,09:48:53,43428.40,125,3049550
20221125,09:48:55,43430.40,125,3049550
20221125,09:48:56,43430.00,125,3049550
20221125,09:48:58,43430.40,125,3049550
20221125,09:49:00,43429.10,75,3049550
20221125,09:49:01,43426.90,675,3049550
20221125,09:49:03,43430.00,100,3049550
20221125,09:49:05,43430.00,75,3049550
20221125,09:49:06,43426.20,100,3049550
20221125,09:49:08,43430.55,175,3049550
20221125,09:49:09,43431.55,200,3049550
20221125,09:49:11,43424.10,550,3049550
20221125,09:49:12,43427.45,50,3049550
20221125,09:49:14,43432.10,150,3049550
20221125,09:49:17,43432.25,450,3049550
20221125,09:49:19,43432.05,150,3049550
20221125,09:49:22,43435.00,25,3049550
20221125,09:49:23,43433.25,350,3049550
20221125,09:49:25,43433.85,75,3049550
20221125,09:49:26,43432.25,125,3049550
20221125,09:49:28,43435.00,25,3049550
20221125,09:49:31,43434.65,150,3049550
20221125,09:49:33,43428.90,50,3049550
20221125,09:49:34,43434.65,250,3049550
20221125,09:49:37,43435.00,75,3049550
20221125,09:49:39,43432.95,25,3049550
20221125,09:49:42,43437.00,100,3049550
20221125,09:49:44,43433.40,50,3049550
20221125,09:49:45,43438.05,50,3049550
20221125,09:49:48,43439.00,175,3049550
20221125,09:49:50,43443.40,150,3049550
20221125,09:49:52,43439.70,50,3049550
20221125,09:49:53,43443.40,75,3049550
20221125,09:49:55,43438.35,50,3049550
20221125,09:49:56,43439.55,125,3049550
20221125,09:49:58,43440.00,175,3049550
20221125,09:50:00,43438.00,50,3049550
20221125,09:50:01,43433.40,100,3049550
20221125,09:50:03,43434.70,125,3049550
20221125,09:50:04,43435.60,25,3049550
20221125,09:50:06,43438.75,200,3049550
20221125,09:50:08,43440.00,25,3049550
20221125,09:50:09,43436.55,50,3049550
20221125,09:50:11,43436.55,50,3049550
20221125,09:50:12,43436.55,50,3049550
20221125,09:50:14,43436.55,25,3049550
20221125,09:50:16,43439.95,575,3049550
20221125,09:50:19,43434.30,25,3049550
20221125,09:50:21,43440.00,200,3049550
20221125,09:50:24,43437.30,25,3049400
20221125,09:50:25,43443.40,100,3049400
20221125,09:50:27,43445.00,225,3049400
20221125,09:50:29,43446.55,175,3049400
20221125,09:50:30,43445.00,75,3049400
20221125,09:50:32,43447.00,175,3049400
20221125,09:50:34,43452.70,725,3049400
20221125,09:50:35,43453.70,650,3049400
20221125,09:50:37,43454.15,200,3049400
20221125,09:50:38,43454.60,50,3049400
20221125,09:50:42,43453.65,175,3049400
20221125,09:50:43,43457.00,450,3049400
20221125,09:50:45,43457.10,25,3049400
20221125,09:50:47,43453.65,100,3049400
20221125,09:50:48,43452.55,50,3049400
20221125,09:50:50,43458.20,150,3049400
20221125,09:50:52,43455.10,200,3049400
20221125,09:50:53,43455.70,25,3049400
20221125,09:50:55,43455.10,575,3049400
20221125,09:50:57,43449.15,150,3049400
20221125,09:50:58,43453.00,100,3049400
20221125,09:51:00,43450.00,150,3049400
20221125,09:51:01,43447.70,375,3049400
20221125,09:51:03,43451.25,175,3049400
20221125,09:51:04,43460.00,100,3049400
20221125,09:51:08,43455.65,100,3049400
20221125,09:51:09,43455.65,100,3049400
20221125,09:51:11,43453.75,125,3049400
20221125,09:51:13,43458.70,200,3049400
20221125,09:51:14,43464.50,2725,3049400
20221125,09:51:16,43461.30,150,3049400
20221125,09:51:20,43464.60,200,3049400
20221125,09:51:21,43470.00,225,3049400
20221125,09:51:23,43467.25,275,3049400
20221125,09:51:25,43466.50,150,3049400
20221125,09:51:26,43467.40,50,3049400
20221125,09:51:28,43471.00,150,3049400
20221125,09:51:29,43472.00,100,3049400
20221125,09:51:31,43469.80,175,3049400
20221125,09:51:33,43464.60,125,3049400
20221125,09:51:34,43466.50,325,3049400
20221125,09:51:36,43460.00,125,3049400
20221125,09:51:37,43462.80,1025,3049400
20221125,09:51:39,43462.85,1075,3049400
20221125,09:51:41,43460.60,975,3049400
20221125,09:51:44,43465.95,75,3049400
20221125,09:51:47,43465.95,25,3049400
20221125,09:51:48,43465.95,125,3049400
20221125,09:51:50,43465.95,25,3049400
20221125,09:51:52,43465.95,50,3049400
20221125,09:51:53,43461.20,25,3049400
20221125,09:51:55,43463.35,75,3049400
20221125,09:51:56,43466.85,100,3049400
20221125,09:51:58,43462.90,25,3049400
20221125,09:51:59,43460.60,25,3049400
20221125,09:52:01,43460.00,100,3049400
20221125,09:52:03,43463.60,250,3049400
20221125,09:52:04,43459.30,150,3049400
20221125,09:52:06,43460.05,125,3049400
20221125,09:52:07,43460.00,50,3049400
20221125,09:52:09,43460.85,150,3049400
20221125,09:52:11,43468.00,150,3049400
20221125,09:52:17,43463.65,175,3049400
20221125,09:52:19,43466.00,150,3049400
20221125,09:52:20,43466.00,75,3049400
20221125,09:52:22,43463.60,325,3049400
20221125,09:52:24,43464.95,100,3049400
20221125,09:52:25,43461.30,275,3049400
20221125,09:52:27,43455.00,75,3049400
20221125,09:52:29,43462.65,250,3049400
20221125,09:52:30,43455.00,125,3049400
20221125,09:52:33,43454.35,375,3049400
20221125,09:52:35,43462.00,500,3049400
20221125,09:52:37,43460.20,150,3049400
20221125,09:52:38,43464.95,100,3049400
20221125,09:52:42,43466.00,75,3049400
20221125,09:52:43,43466.00,25,3049400
20221125,09:52:45,43467.95,525,3049400
20221125,09:52:46,43460.80,25,3049400
20221125,09:52:50,43460.35,25,3049400
20221125,09:52:51,43465.90,225,3049400
20221125,09:52:53,43465.60,75,3049400
20221125,09:52:54,43464.95,50,3049400
20221125,09:52:56,43461.00,50,3049400
20221125,09:52:58,43462.75,50,3049400
20221125,09:52:59,43462.35,75,3049400
20221125,09:53:01,43460.60,100,3049400
20221125,09:53:02,43458.20,75,3049400
20221125,09:53:06,43456.00,50,3049400
20221125,09:53:07,43453.00,175,3049400
20221125,09:53:12,43456.00,75,3049400
20221125,09:53:14,43458.00,150,3049400
20221125,09:53:16,43453.70,125,3049400
20221125,09:53:17,43455.20,150,3049400
20221125,09:53:19,43460.80,25,3049400
20221125,09:53:20,43461.80,75,3049400
20221125,09:53:22,43454.80,25,3051000
20221125,09:53:24,43453.45,50,3051000
20221125,09:53:29,43463.00,50,3051000
20221125,09:53:30,43462.00,25,3051000
20221125,09:53:32,43460.85,125,3051000
20221125,09:53:34,43453.15,100,3051000
20221125,09:53:35,43460.00,250,3051000
20221125,09:53:37,43461.25,25,3051000
20221125,09:53:40,43460.65,25,3051000
20221125,09:53:42,43459.55,100,3051000
20221125,09:53:43,43460.00,75,3051000
20221125,09:53:45,43464.00,50,3051000
20221125,09:53:46,43460.65,50,3051000
20221125,09:53:48,43464.50,50,3051000
20221125,09:53:50,43464.50,25,3051000
20221125,09:53:51,43458.35,75,3051000
20221125,09:53:53,43464.50,175,3051000
20221125,09:53:54,43459.90,100,3051000
20221125,09:53:56,43464.75,450,3051000
20221125,09:53:57,43461.30,25,3051000
20221125,09:53:59,43461.25,100,3051000
20221125,09:54:00,43465.00,125,3051000
20221125,09:54:02,43465.00,325,3051000
20221125,09:54:04,43470.00,475,3051000
20221125,09:54:05,43469.35,125,3051000
20221125,09:54:07,43465.00,25,3051000
20221125,09:54:08,43470.00,300,3051000
20221125,09:54:10,43470.00,100,3051000
20221125,09:54:12,43467.10,150,3051000
20221125,09:54:13,43470.00,25,3051000
20221125,09:54:15,43472.55,150,3051000
20221125,09:54:16,43471.45,325,3051000
20221125,09:54:18,43471.10,150,3051000
20221125,09:54:20,43470.65,250,3051000
20221125,09:54:21,43471.10,25,3051000
20221125,09:54:23,43471.05,375,3051000
20221125,09:54:25,43468.35,25,3051000
20221125,09:54:26,43465.00,575,3051000
20221125,09:54:28,43464.80,100,3051000
20221125,09:54:29,43464.80,25,3051000
20221125,09:54:33,43465.85,75,3051000
20221125,09:54:34,43466.65,25,3051000
20221125,09:54:36,43465.95,75,3051000
20221125,09:54:38,43461.10,175,3051000
20221125,09:54:39,43465.05,50,3051000
20221125,09:54:41,43465.00,150,3051000
20221125,09:54:42,43465.05,275,3051000
20221125,09:54:44,43465.00,50,3051000
20221125,09:54:46,43461.00,25,3051000
20221125,09:54:47,43464.95,75,3051000
20221125,09:54:49,43462.35,100,3051000
20221125,09:54:52,43462.75,75,3051000
20221125,09:54:54,43465.00,50,3051000
20221125,09:54:55,43464.05,50,3051000
20221125,09:54:57,43463.70,50,3051000
20221125,09:54:58,43465.00,50,3051000
20221125,09:55:02,43460.00,150,3051000
20221125,09:55:03,43462.20,125,3051000
20221125,09:55:05,43458.05,375,3051000
20221125,09:55:06,43460.00,150,3051000
20221125,09:55:08,43462.50,150,3051000
20221125,09:55:10,43457.25,275,3051000
20221125,09:55:11,43462.50,100,3051000
20221125,09:55:13,43462.50,25,3051000
20221125,09:55:14,43459.30,50,3051000
20221125,09:55:16,43457.15,100,3051000
20221125,09:55:19,43455.55,50,3051000
20221125,09:55:23,43452.05,125,3051000
20221125,09:55:26,43452.05,25,3051000
20221125,09:55:28,43451.70,200,3051000
20221125,09:55:29,43450.00,125,3051000
20221125,09:55:31,43450.00,200,3051000
20221125,09:55:32,43449.00,125,3051000
20221125,09:55:34,43445.00,25,3051000
20221125,09:55:36,43444.00,175,3051000
20221125,09:55:37,43445.90,50,3051000
20221125,09:55:39,43444.00,25,3051000
20221125,09:55:41,43444.00,50,3051000
20221125,09:55:42,43440.00,175,3051000
20221125,09:55:44,43438.95,100,3051000
20221125,09:55:45,43435.00,475,3051000
20221125,09:55:47,43432.55,200,3051000
20221125,09:55:49,43431.30,50,3051000
20221125,09:55:50,43431.00,150,3051000
20221125,09:55:52,43432.70,50,3051000
20221125,09:55:54,43432.00,25,3051000
20221125,09:55:55,43432.10,150,3051000
20221125,09:55:57,43437.00,225,3051000
20221125,09:55:59,43434.60,225,3051000
20221125,09:56:00,43428.60,2675,3051000
20221125,09:56:02,43429.95,425,3051000
20221125,09:56:03,43432.80,50,3051000
20221125,09:56:05,43433.70,25,3051000
20221125,09:56:06,43432.20,75,3051000
20221125,09:56:08,43433.00,100,3051000
20221125,09:56:10,43433.20,75,3051000
20221125,09:56:11,43427.45,2950,3051000
20221125,09:56:13,43427.15,100,3051000
20221125,09:56:15,43436.45,1525,3051000
20221125,09:56:16,43425.00,525,3051000
20221125,09:56:18,43426.05,100,3051000
20221125,09:56:20,43426.75,75,3051000
20221125,09:56:21,43433.00,225,3051000
20221125,09:56:23,43435.30,75,3051000
20221125,09:56:24,43431.05,50,3049725
20221125,09:56:26,43430.55,50,3049725
20221125,09:56:28,43428.05,50,3049725
20221125,09:56:29,43426.75,50,3049725
20221125,09:56:31,43425.25,275,3049725
20221125,09:56:33,43428.65,100,3049725
20221125,09:56:34,43428.20,25,3049725
20221125,09:56:36,43428.40,150,3049725
20221125,09:56:37,43428.30,75,3049725
20221125,09:56:39,43428.20,25,3049725
20221125,09:56:40,43426.30,50,3049725
20221125,09:56:42,43424.00,500,3049725
20221125,09:56:44,43424.00,125,3049725
20221125,09:56:45,43420.50,175,3049725
20221125,09:56:47,43422.00,175,3049725
20221125,09:56:49,43418.00,225,3049725
20221125,09:56:50,43415.00,450,3049725
20221125,09:56:52,43415.00,350,3049725
20221125,09:56:54,43415.00,150,3049725
20221125,09:56:55,43414.55,325,3049725
20221125,09:56:57,43415.00,75,3049725
20221125,09:56:58,43416.40,100,3049725
20221125,09:57:00,43416.10,350,3049725
20221125,09:57:02,43415.00,225,3049725
20221125,09:57:03,43418.45,150,3049725
20221125,09:57:05,43423.15,1500,3049725
20221125,09:57:06,43416.00,100,3049725
20221125,09:57:08,43417.15,250,3049725
20221125,09:57:11,43419.40,50,3049725
20221125,09:57:13,43415.90,325,3049725
20221125,09:57:14,43414.40,325,3049725
20221125,09:57:16,43414.55,325,3049725
20221125,09:57:17,43414.60,250,3049725
20221125,09:57:19,43415.80,75,3049725
20221125,09:57:20,43416.40,150,3049725
20221125,09:57:22,43417.00,150,3049725
20221125,09:57:25,43414.00,175,3049725
20221125,09:57:27,43414.95,175,3049725
20221125,09:57:28,43404.25,15325,3049725
20221125,09:57:30,43403.30,375,3049725
20221125,09:57:32,43411.65,700,3049725
20221125,09:57:33,43410.80,50,3049725
20221125,09:57:35,43405.00,75,3049725
20221125,09:57:36,43405.00,25,3049725
20221125,09:57:38,43403.50,275,3049725
20221125,09:57:40,43406.20,775,3049725
20221125,09:57:41,43412.30,25,3049725
20221125,09:57:43,43408.00,225,3049725
20221125,09:57:46,43409.95,1000,3049725
20221125,09:57:48,43408.90,1025,3049725
20221125,09:57:50,43408.00,3875,3049725
20221125,09:57:51,43411.50,1150,3049725
20221125,09:57:53,43411.10,2475,3049725
20221125,09:57:55,43410.25,1275,3049725
20221125,09:57:56,43409.70,450,3049725
20221125,09:57:58,43414.60,50,3049725
20221125,09:58:00,43411.55,25,3049725
20221125,09:58:01,43415.10,150,3049725
20221125,09:58:03,43413.85,575,3049725
20221125,09:58:04,43410.00,175,3049725
20221125,09:58:06,43411.00,250,3049725
20221125,09:58:08,43415.55,50,3049725
20221125,09:58:09,43416.15,400,3049725
20221125,09:58:11,43415.55,100,3049725
20221125,09:58:13,43415.10,50,3049725
20221125,09:58:14,43416.75,300,3049725
20221125,09:58:16,43414.65,325,3049725
20221125,09:58:18,43413.45,75,3049725
20221125,09:58:19,43414.50,100,3049725
20221125,09:58:21,43414.75,100,3049725
20221125,09:58:23,43409.95,300,3049725
20221125,09:58:24,43410.20,450,3049725
20221125,09:58:26,43414.00,2550,3049725
20221125,09:58:28,43409.00,75,3049725
20221125,09:58:29,43408.90,550,3049725
20221125,09:58:31,43408.00,2975,3049725
20221125,09:58:32,43412.65,75,3049725
20221125,09:58:34,43406.60,1375,3049725
20221125,09:58:36,43412.00,2425,3049725
20221125,09:58:37,43408.30,150,3049725
20221125,09:58:39,43410.00,150,3049725
20221125,09:58:41,43408.40,25,3049725
20221125,09:58:42,43407.05,1350,3049725
20221125,09:58:45,43405.75,25,3049725
20221125,09:58:47,43404.45,75,3049725
20221125,09:58:50,43405.05,75,3049725
20221125,09:58:52,43405.00,200,3049725
20221125,09:58:53,43410.00,25,3049725
20221125,09:58:55,43404.15,125,3049725
20221125,09:58:57,43404.20,175,3049725
20221125,09:58:58,43405.00,25,3049725
20221125,09:59:00,43406.25,475,3049725
20221125,09:59:01,43403.85,475,3049725
20221125,09:59:03,43401.90,550,3049725
20221125,09:59:05,43405.70,75,3049725
20221125,09:59:06,43405.20,200,3049725
20221125,09:59:08,43402.95,875,3049725
20221125,09:59:09,43407.00,125,3049725
20221125,09:59:11,43404.85,350,3049725
20221125,09:59:12,43403.60,125,3049725
20221125,09:59:14,43404.95,125,3049725
20221125,09:59:15,43412.25,300,3049725
20221125,09:59:17,43405.35,50,3049725
20221125,09:59:19,43403.15,75,3049725
20221125,09:59:20,43403.00,25,3049725
20221125,09:59:22,43402.00,75,3049725
20221125,09:59:23,43407.00,75,3023750
20221125,09:59:25,43402.55,175,3023750
20221125,09:59:26,43404.65,75,3023750
20221125,09:59:28,43409.35,75,3023750
20221125,09:59:29,43402.25,200,3023750
20221125,09:59:31,43401.55,75,3023750
20221125,09:59:32,43403.05,300,3023750
20221125,09:59:34,43404.10,100,3023750
20221125,09:59:36,43408.55,225,3023750
20221125,09:59:37,43410.95,200,3023750
20221125,09:59:39,43408.00,75,3023750
20221125,09:59:40,43405.55,50,3023750
20221125,09:59:44,43406.90,50,3023750
20221125,09:59:45,43407.70,50,3023750
20221125,09:59:47,43407.95,50,3023750
20221125,09:59:48,43408.65,100,3023750
20221125,09:59:50,43411.00,125,3023750
20221125,09:59:51,43408.00,50,3023750
20221125,09:59:53,43406.30,50,3023750
20221125,09:59:55,43410.60,50,3023750
20221125,09:59:56,43411.00,100,3023750
20221125,09:59:58,43405.25,150,3023750
20221125,10:00:00,43402.45,1100,3023750
20221125,10:00:01,43404.05,700,3023750
20221125,10:00:03,43403.75,425,3023750
20221125,10:00:04,43401.00,375,3023750
20221125,10:00:06,43400.95,2475,3023750
20221125,10:00:08,43400.40,125,3023750
20221125,10:00:09,43400.45,150,3023750
20221125,10:00:11,43402.70,450,3023750
20221125,10:00:12,43398.15,75,3023750
20221125,10:00:14,43397.15,225,3023750
20221125,10:00:16,43396.55,1100,3023750
20221125,10:00:17,43397.35,50,3023750
20221125,10:00:19,43399.60,50,3023750
20221125,10:00:20,43400.35,550,3023750
20221125,10:00:22,43394.50,75,3023750
20221125,10:00:24,43398.00,600,3023750
20221125,10:00:25,43394.00,100,3023750
20221125,10:00:27,43394.00,125,3023750
20221125,10:00:29,43392.75,25,3023750
20221125,10:00:30,43391.75,575,3023750
20221125,10:00:32,43395.00,2975,3023750
20221125,10:00:33,43396.10,200,3023750
20221125,10:00:35,43398.40,75,3023750
20221125,10:00:37,43396.65,225,3023750
20221125,10:00:38,43397.75,50,3023750
20221125,10:00:42,43397.80,50,3023750
20221125,10:00:43,43394.00,150,3023750
20221125,10:00:46,43394.45,300,3023750
20221125,10:00:48,43395.00,25,3023750
20221125,10:00:50,43395.00,25,3023750
20221125,10:00:51,43392.10,150,3023750
20221125,10:00:53,43393.50,150,3023750
20221125,10:00:54,43393.25,100,3023750
20221125,10:00:56,43395.00,25,3023750
20221125,10:00:57,43393.95,50,3023750
20221125,10:00:59,43395.20,225,3023750
20221125,10:01:01,43395.00,50,3023750
20221125,10:01:02,43395.00,150,3023750
20221125,10:01:04,43397.25,750,3023750
20221125,10:01:05,43400.00,700,3023750
20221125,10:01:07,43401.05,250,3023750
20221125,10:01:08,43406.00,75,3023750
20221125,10:01:10,43402.50,75,3023750
20221125,10:01:12,43400.25,75,3023750
20221125,10:01:13,43400.45,50,3023750
20221125,10:01:15,43401.00,125,3023750
20221125,10:01:16,43402.50,50,3023750
20221125,10:01:18,43400.00,325,3023750
20221125,10:01:19,43403.50,200,3023750
20221125,10:01:21,43400.00,325,3023750
20221125,10:01:23,43397.00,100,3023750
20221125,10:01:24,43398.40,75,3023750
20221125,10:01:26,43399.25,75,3023750
20221125,10:01:27,43400.55,125,3023750
20221125,10:01:29,43396.80,625,3023750
20221125,10:01:31,43395.00,75,3023750
20221125,10:01:32,43396.40,325,3023750
20221125,10:01:34,43397.00,200,3023750
20221125,10:01:35,43398.85,700,3023750
20221125,10:01:37,43401.55,625,3023750
20221125,10:01:40,43403.35,25,3023750
20221125,10:01:42,43404.00,25,3023750
20221125,10:01:43,43410.80,925,3023750
20221125,10:01:45,43409.00,25,3023750
20221125,10:01:46,43406.45,25,3023750
20221125,10:01:48,43408.55,125,3023750
20221125,10:01:49,43410.55,50,3023750
20221125,10:01:53,43409.50,25,3023750
20221125,10:01:54,43410.95,25,3023750
20221125,10:01:56,43412.85,75,3023750
20221125,10:01:57,43410.00,50,3023750
20221125,10:01:59,43409.00,75,3023750
20221125,10:02:00,43409.40,350,3023750
20221125,10:02:02,43408.75,75,3023750
20221125,10:02:03,43406.95,50,3023750
20221125,10:02:05,43403.95,150,3023750
20221125,10:02:08,43400.00,75,3023750
20221125,10:02:10,43400.00,50,3023750
20221125,10:02:11,43399.55,275,3023750
20221125,10:02:13,43399.95,75,3023750
20221125,10:02:14,43397.40,25,3023750
20221125,10:02:16,43397.25,300,3023750
20221125,10:02:18,43397.40,75,3023750
20221125,10:02:19,43397.40,100,3023750
20221125,10:02:21,43395.10,175,3023750
20221125,10:02:22,43395.00,100,3023750
20221125,10:02:24,43397.65,75,3023750
20221125,10:02:25,43397.00,50,3019775
20221125,10:02:27,43403.80,150,3019775
20221125,10:02:30,43398.60,150,3019775
20221125,10:02:33,43398.95,25,3019775
20221125,10:02:35,43404.75,25,3019775
20221125,10:02:36,43400.00,50,3019775
20221125,10:02:38,43404.45,25,3019775
20221125,10:02:39,43404.45,75,3019775
20221125,10:02:41,43404.45,100,3019775
20221125,10:02:44,43405.30,100,3019775
20221125,10:02:46,43401.00,25,3019775
20221125,10:02:47,43400.00,25,3019775
20221125,10:02:49,43398.10,25,3019775
20221125,10:02:50,43404.00,25,3019775
20221125,10:02:55,43404.40,250,3019775
20221125,10:02:57,43410.00,75,3019775
20221125,10:03:00,43402.75,50,3019775
20221125,10:03:02,43409.95,125,3019775
20221125,10:03:03,43403.60,50,3019775
20221125,10:03:05,43401.00,75,3019775
20221125,10:03:06,43400.35,25,3019775
20221125,10:03:08,43404.00,25,3019775
20221125,10:03:11,43402.90,50,3019775
20221125,10:03:13,43405.00,25,3019775
20221125,10:03:14,43404.00,50,3019775
20221125,10:03:16,43405.00,25,3019775
20221125,10:03:18,43409.85,25,3019775
20221125,10:03:19,43405.40,200,3019775
20221125,10:03:22,43404.35,125,3019775
20221125,10:03:26,43409.95,75,3019775
20221125,10:03:27,43404.00,25,3019775
20221125,10:03:29,43403.65,650,3019775
20221125,10:03:31,43402.30,375,3019775
20221125,10:03:32,43402.55,125,3019775
20221125,10:03:34,43405.00,25,3019775
20221125,10:03:35,43404.80,50,3019775
20221125,10:03:38,43405.70,125,3019775
20221125,10:03:40,43406.40,175,3019775
20221125,10:03:41,43406.40,75,3019775
20221125,10:03:43,43409.95,75,3019775
20221125,10:03:44,43406.50,75,3019775
20221125,10:03:46,43404.10,150,3019775
20221125,10:03:48,43403.95,200,3019775
20221125,10:03:49,43403.25,200,3019775
20221125,10:03:51,43402.15,125,3019775
20221125,10:03:52,43402.15,100,3019775
20221125,10:03:54,43402.00,75,3019775
20221125,10:03:57,43402.00,75,3019775
20221125,10:03:59,43402.00,700,3019775
20221125,10:04:02,43400.25,650,3019775
20221125,10:04:05,43398.00,25,3019775
20221125,10:04:10,43397.00,50,3019775
20221125,10:04:12,43393.65,1125,3019775
20221125,10:04:13,43384.00,2925,3019775
20221125,10:04:15,43380.20,375,3019775
20221125,10:04:16,43380.00,400,3019775
20221125,10:04:18,43385.55,125,3019775
20221125,10:04:20,43384.90,325,3019775
20221125,10:04:21,43380.55,50,3019775
20221125,10:04:23,43378.00,1225,3019775
20221125,10:04:25,43378.00,75,3019775
20221125,10:04:26,43378.00,275,3019775
20221125,10:04:28,43378.00,200,3019775
20221125,10:04:29,43379.95,25,3019775
20221125,10:04:31,43379.95,200,3019775
20221125,10:04:32,43380.00,50,3019775
20221125,10:04:34,43378.00,75,3019775
20221125,10:04:35,43381.20,50,3019775
20221125,10:04:37,43378.50,175,3019775
20221125,10:04:39,43372.00,1075,3019775
20221125,10:04:40,43368.00,2200,3019775
20221125,10:04:42,43369.45,675,3019775
20221125,10:04:44,43370.20,225,3019775
20221125,10:04:45,43374.45,625,3019775
20221125,10:04:47,43372.15,275,3019775
20221125,10:04:48,43374.00,100,3019775
20221125,10:04:50,43374.00,100,3019775
20221125,10:04:52,43374.75,275,3019775
20221125,10:04:53,43373.30,25,3019775
20221125,10:04:55,43358.15,5175,3019775
20221125,10:04:57,43368.30,3625,3019775
20221125,10:04:58,43359.80,475,3019775
20221125,10:05:00,43363.85,200,3019775
20221125,10:05:01,43350.00,1750,3019775
20221125,10:05:03,43350.00,475,3019775
20221125,10:05:05,43350.00,1175,3019775
20221125,10:05:06,43350.00,500,3019775
20221125,10:05:08,43350.00,250,3019775
20221125,10:05:10,43353.10,475,3019775
20221125,10:05:11,43362.30,550,3019775
20221125,10:05:13,43363.15,550,3019775
20221125,10:05:15,43358.35,100,3019775
20221125,10:05:16,43363.40,200,3019775
20221125,10:05:18,43364.45,125,3019775
20221125,10:05:20,43355.50,900,3019775
20221125,10:05:21,43358.90,150,3019775
20221125,10:05:23,43360.85,50,3019775
20221125,10:05:25,43364.55,150,3010400
20221125,10:05:26,43365.60,225,3010400
20221125,10:05:28,43367.45,25,3010400
20221125,10:05:30,43364.60,175,3010400
20221125,10:05:31,43364.60,25,3010400
20221125,10:05:35,43369.15,1275,3010400
20221125,10:05:38,43365.35,225,3010400
20221125,10:05:40,43370.00,50,3010400
20221125,10:05:41,43373.30,125,3010400
20221125,10:05:43,43374.45,125,3010400
20221125,10:05:45,43373.30,175,3010400
20221125,10:05:46,43376.95,150,3010400
20221125,10:05:48,43368.55,50,3010400
20221125,10:05:50,43380.00,300,3010400
20221125,10:05:51,43380.00,25,3010400
20221125,10:05:53,43376.50,225,3010400
20221125,10:05:56,43380.00,75,3010400
20221125,10:05:58,43381.95,50,3010400
20221125,10:05:59,43377.55,25,3010400
20221125,10:06:01,43382.50,100,3010400
20221125,10:06:03,43382.50,300,3010400
20221125,10:06:04,43381.75,250,3010400
20221125,10:06:06,43375.35,50,3010400
20221125,10:06:08,43374.20,75,3010400
20221125,10:06:09,43370.00,100,3010400
20221125,10:06:11,43365.00,100,3010400
20221125,10:06:12,43364.55,100,3010400
20221125,10:06:14,43370.30,300,3010400
20221125,10:06:16,43370.45,100,3010400
20221125,10:06:17,43369.20,50,3010400
20221125,10:06:21,43373.60,250,3010400
20221125,10:06:22,43380.00,25,3010400
20221125,10:06:24,43373.75,650,3010400
20221125,10:06:25,43379.55,175,3010400
20221125,10:06:27,43380.00,25,3010400
20221125,10:06:29,43381.95,25,3010400
20221125,10:06:30,43382.20,25,3010400
20221125,10:06:33,43375.75,125,3010400
20221125,10:06:35,43380.60,50,3010400
20221125,10:06:37,43382.45,25,3010400
20221125,10:06:40,43384.15,25,3010400
20221125,10:06:42,43383.10,200,3010400
20221125,10:06:43,43382.45,50,3010400
20221125,10:06:45,43384.10,75,3010400
20221125,10:06:46,43384.00,25,3010400
20221125,10:06:51,43384.00,125,3010400
20221125,10:06:53,43385.00,50,3010400
20221125,10:06:54,43384.10,25,3010400
20221125,10:06:56,43384.00,50,3010400
20221125,10:06:57,43382.45,75,3010400
20221125,10:06:59,43382.00,50,3010400
20221125,10:07:01,43379.00,25,3010400
20221125,10:07:02,43378.00,50,3010400
20221125,10:07:04,43378.00,50,3010400
20221125,10:07:05,43378.00,75,3010400
20221125,10:07:07,43378.00,25,3010400
20221125,10:07:08,43378.00,100,3010400
20221125,10:07:10,43378.00,25,3010400
20221125,10:07:12,43378.00,25,3010400
20221125,10:07:16,43382.50,75,3010400
20221125,10:07:18,43387.95,1600,3010400
20221125,10:07:20,43384.85,25,3010400
20221125,10:07:21,43375.00,250,3010400
20221125,10:07:23,43378.05,25,3010400
20221125,10:07:24,43367.95,525,3010400
20221125,10:07:29,43366.20,50,3010400
20221125,10:07:31,43371.45,125,3010400
20221125,10:07:33,43379.50,100,3010400
20221125,10:07:34,43373.05,25,3010400
20221125,10:07:36,43371.25,125,3010400
20221125,10:07:38,43370.10,25,3010400
20221125,10:07:39,43369.30,50,3010400
20221125,10:07:43,43366.20,25,3010400
20221125,10:07:44,43367.30,25,3010400
20221125,10:07:46,43361.20,200,3010400
20221125,10:07:47,43363.05,125,3010400
20221125,10:07:49,43367.95,275,3010400
20221125,10:07:52,43367.20,75,3010400
20221125,10:07:54,43366.50,25,3010400
20221125,10:07:56,43367.30,225,3010400
20221125,10:07:57,43368.05,275,3010400
20221125,10:07:59,43366.50,100,3010400
20221125,10:08:00,43370.00,250,3010400
20221125,10:08:02,43364.15,125,3010400
20221125,10:08:04,43359.00,175,3010400
20221125,10:08:05,43358.50,150,3010400
20221125,10:08:07,43356.85,200,3010400
20221125,10:08:09,43355.60,1025,3010400
20221125,10:08:10,43363.15,300,3010400
20221125,10:08:12,43367.00,225,3010400
20221125,10:08:14,43367.00,25,3010400
20221125,10:08:15,43367.00,25,3010400
20221125,10:08:17,43369.70,450,3010400
20221125,10:08:20,43367.00,25,3010400
20221125,10:08:22,43370.00,600,3010400
20221125,10:08:25,43372.35,25,3010400
20221125,10:08:28,43367.20,25,3009125
20221125,10:08:30,43367.45,100,3009125
20221125,10:08:31,43372.00,25,3009125
20221125,10:08:33,43370.00,50,3009125
20221125,10:08:34,43371.90,25,3009125
20221125,10:08:38,43371.95,50,3009125
20221125,10:08:39,43369.15,100,3009125
20221125,10:08:41,43369.65,525,3009125
20221125,10:08:42,43376.30,50,3009125
20221125,10:08:44,43376.95,25,3009125
20221125,10:08:46,43370.05,225,3009125
20221125,10:08:47,43375.00,25,3009125
20221125,10:08:51,43371.45,225,3009125
20221125,10:08:52,43371.45,75,3009125
20221125,10:08:54,43365.10,200,3009125
20221125,10:08:57,43365.00,25,3009125
20221125,10:08:59,43361.10,225,3009125
20221125,10:09:01,43367.25,50,3009125
20221125,10:09:02,43362.90,200,3009125
20221125,10:09:04,43360.40,1200,3009125
20221125,10:09:06,43362.75,925,3009125
20221125,10:09:07,43361.70,25,3009125
20221125,10:09:09,43363.10,475,3009125
20221125,10:09:11,43365.10,100,3009125
20221125,10:09:12,43369.45,300,3009125
20221125,10:09:16,43372.00,50,3009125
20221125,10:09:17,43366.15,50,3009125
20221125,10:09:19,43367.65,125,3009125
20221125,10:09:20,43365.00,50,3009125
20221125,10:09:22,43369.35,250,3009125
20221125,10:09:24,43364.00,25,3009125
20221125,10:09:25,43365.85,200,3009125
20221125,10:09:27,43370.20,25,3009125
20221125,10:09:29,43366.25,275,3009125
20221125,10:09:30,43366.10,25,3009125
20221125,10:09:32,43369.75,100,3009125
20221125,10:09:35,43371.20,75,3009125
20221125,10:09:37,43374.35,100,3009125
20221125,10:09:39,43370.55,75,3009125
20221125,10:09:40,43374.00,50,3009125
20221125,10:09:42,43375.00,100,3009125
20221125,10:09:43,43370.10,50,3009125
20221125,10:09:45,43367.65,25,3009125
20221125,10:09:47,43366.15,150,3009125
20221125,10:09:48,43373.10,100,3009125
20221125,10:09:50,43368.75,50,3009125
20221125,10:09:52,43367.25,175,3009125
20221125,10:09:53,43367.95,25,3009125
20221125,10:09:55,43368.30,175,3009125
20221125,10:09:57,43367.55,175,3009125
20221125,10:09:58,43374.30,125,3009125
20221125,10:10:00,43375.00,175,3009125
20221125,10:10:01,43368.25,575,3009125
20221125,10:10:03,43375.00,50,3009125
20221125,10:10:05,43375.00,400,3009125
20221125,10:10:06,43369.50,125,3009125
20221125,10:10:08,43369.60,350,3009125
20221125,10:10:09,43369.30,100,3009125
20221125,10:10:13,43378.00,75,3009125
20221125,10:10:14,43375.45,25,3009125
20221125,10:10:16,43379.85,150,3009125
20221125,10:10:18,43380.00,175,3009125
20221125,10:10:19,43380.00,100,3009125
20221125,10:10:21,43385.85,175,3009125
20221125,10:10:22,43385.95,125,3009125
20221125,10:10:24,43384.25,75,3009125
20221125,10:10:26,43383.35,25,3009125
20221125,10:10:27,43389.00,450,3009125
20221125,10:10:29,43388.90,200,3009125
20221125,10:10:32,43386.80,25,3009125
20221125,10:10:34,43388.75,25,3009125
20221125,10:10:37,43388.30,75,3009125
20221125,10:10:38,43388.95,125,3009125
20221125,10:10:40,43387.75,25,3009125
20221125,10:10:41,43388.95,825,3009125
20221125,10:10:45,43384.95,750,3009125
20221125,10:10:46,43380.00,75,3009125
20221125,10:10:48,43377.95,150,3009125
20221125,10:10:49,43372.95,125,3009125
20221125,10:10:51,43371.65,25,3009125
20221125,10:10:53,43372.95,25,3009125
20221125,10:10:54,43375.00,75,3009125
20221125,10:10:56,43374.95,25,3009125
20221125,10:10:57,43374.00,125,3009125
20221125,10:11:01,43377.80,25,3009125
20221125,10:11:04,43373.45,50,3009125
20221125,10:11:05,43371.65,75,3009125
20221125,10:11:07,43373.45,25,3009125
20221125,10:11:09,43373.45,25,3009125
20221125,10:11:12,43371.35,25,3009125
20221125,10:11:14,43372.90,50,3009125
20221125,10:11:15,43373.45,125,3009125
20221125,10:11:17,43375.35,75,3009125
20221125,10:11:18,43373.30,225,3009125
20221125,10:11:20,43370.15,750,3009125
20221125,10:11:22,43368.65,275,3009125
20221125,10:11:23,43376.75,675,3009125
20221125,10:11:25,43382.30,200,3009125
20221125,10:11:27,43374.60,25,3009125
20221125,10:11:30,43372.65,25,3005175
20221125,10:11:32,43377.40,100,3005175
20221125,10:11:35,43371.85,25,3005175
20221125,10:11:36,43368.00,125,3005175
20221125,10:11:38,43368.80,100,3005175
20221125,10:11:40,43367.00,25,3005175
20221125,10:11:41,43368.75,25,3005175
20221125,10:11:43,43367.00,50,3005175
20221125,10:11:44,43367.95,50,3005175
20221125,10:11:48,43371.60,125,3005175
20221125,10:11:49,43371.60,25,3005175
20221125,10:11:51,43373.00,100,3005175
20221125,10:11:52,43372.70,75,3005175
20221125,10:11:54,43370.90,50,3005175
20221125,10:11:56,43369.95,50,3005175
20221125,10:11:57,43367.00,25,3005175
20221125,10:11:59,43365.70,750,3005175
20221125,10:12:00,43364.00,50,3005175
20221125,10:12:02,43363.05,50,3005175
20221125,10:12:04,43367.00,100,3005175
20221125,10:12:05,43364.95,375,3005175
20221125,10:12:07,43370.00,200,3005175
20221125,10:12:08,43369.15,50,3005175
20221125,10:12:10,43369.10,50,3005175
20221125,10:12:12,43368.55,125,3005175
20221125,10:12:15,43367.00,50,3005175
20221125,10:12:16,43371.80,75,3005175
20221125,10:12:18,43365.95,25,3005175
20221125,10:12:20,43371.80,425,3005175
20221125,10:12:21,43365.00,50,3005175
20221125,10:12:23,43362.00,175,3005175
20221125,10:12:25,43369.15,75,3005175
20221125,10:12:34,43369.65,225,3005175
20221125,10:12:36,43362.95,125,3005175
20221125,10:12:38,43367.60,25,3005175
20221125,10:12:39,43365.00,25,3005175
20221125,10:12:41,43360.10,175,3005175
20221125,10:12:42,43360.00,675,3005175
20221125,10:12:47,43365.30,25,3005175
20221125,10:12:54,43368.60,25,3005175
20221125,10:12:55,43367.95,50,3005175
20221125,10:12:57,43365.50,25,3005175
20221125,10:13:02,43364.05,200,3005175
20221125,10:13:05,43366.75,100,3005175
20221125,10:13:07,43370.00,25,3005175
20221125,10:13:08,43367.30,25,3005175
20221125,10:13:11,43370.00,100,3005175
20221125,10:13:13,43375.00,50,3005175
20221125,10:13:15,43372.15,25,3005175
20221125,10:13:16,43375.00,125,3005175
20221125,10:13:18,43373.65,50,3005175
20221125,10:13:19,43377.05,25,3005175
20221125,10:13:21,43380.00,100,3005175
20221125,10:13:23,43377.25,50,3005175
20221125,10:13:24,43380.95,975,3005175
20221125,10:13:26,43382.80,75,3005175
20221125,10:13:27,43386.85,600,3005175
20221125,10:13:32,43380.00,575,3005175
20221125,10:13:34,43381.85,50,3005175
20221125,10:13:36,43383.50,250,3005175
20221125,10:13:37,43381.85,125,3005175
20221125,10:13:39,43381.85,200,3005175
20221125,10:13:42,43388.50,50,3005175
20221125,10:13:43,43382.45,25,3005175
20221125,10:13:45,43381.85,125,3005175
20221125,10:13:47,43382.20,25,3005175
20221125,10:13:48,43385.60,150,3005175
20221125,10:13:50,43374.00,1150,3005175
20221125,10:13:51,43370.15,450,3005175
20221125,10:13:53,43372.15,75,3005175
20221125,10:13:55,43375.00,25,3005175
20221125,10:13:56,43372.10,75,3005175
20221125,10:13:58,43375.00,50,3005175
20221125,10:14:01,43379.55,75,3005175
20221125,10:14:03,43375.05,75,3005175
20221125,10:14:04,43375.20,50,3005175
20221125,10:14:06,43382.20,25,3005175
20221125,10:14:12,43380.00,25,3005175
20221125,10:14:13,43380.00,50,3005175
20221125,10:14:17,43383.75,100,3005175
20221125,10:14:22,43384.30,100,3005175
20221125,10:14:24,43379.90,75,3005175
20221125,10:14:27,43375.00,150,3005175
20221125,10:14:33,43375.15,300,3004475
20221125,10:14:34,43375.05,250,3004475
20221125,10:14:36,43382.20,50,3004475
20221125,10:14:39,43375.70,75,3004475
20221125,10:14:42,43376.60,25,3004475
20221125,10:14:44,43379.95,25,3004475
20221125,10:14:46,43378.45,50,3004475
20221125,10:14:51,43379.85,25,3004475
20221125,10:14:54,43380.00,175,3004475
20221125,10:14:56,43376.65,250,3004475
20221125,10:14:57,43378.35,125,3004475
20221125,10:14:59,43377.45,700,3004475
20221125,10:15:00,43378.05,50,3004475
20221125,10:15:02,43377.95,125,3004475
20221125,10:15:03,43380.45,175,3004475
20221125,10:15:05,43380.80,50,3004475
20221125,10:15:07,43382.20,125,3004475
20221125,10:15:08,43381.85,75,3004475
20221125,10:15:10,43376.00,150,3004475
20221125,10:15:12,43374.00,75,3004475
20221125,10:15:13,43375.00,50,3004475
20221125,10:15:15,43375.05,1075,3004475
20221125,10:15:17,43375.60,1125,3004475
20221125,10:15:18,43376.55,175,3004475
20221125,10:15:20,43380.35,750,3004475
20221125,10:15:22,43374.95,125,3004475
20221125,10:15:25,43375.00,25,3004475
20221125,10:15:27,43379.75,50,3004475
20221125,10:15:30,43376.60,25,3004475
20221125,10:15:33,43380.40,225,3004475
20221125,10:15:35,43385.00,75,3004475
20221125,10:15:37,43385.40,900,3004475
20221125,10:15:38,43394.60,100,3004475
20221125,10:15:40,43395.00,125,3004475
20221125,10:15:42,43391.55,150,3004475
20221125,10:15:43,43392.30,100,3004475
20221125,10:15:45,43391.55,225,3004475
20221125,10:15:47,43390.45,25,3004475
20221125,10:15:48,43391.55,275,3004475
20221125,10:15:50,43390.00,50,3004475
20221125,10:15:51,43393.65,25,3004475
20221125,10:15:53,43393.70,50,3004475
20221125,10:15:55,43390.00,25,3004475
20221125,10:15:56,43390.00,50,3004475
20221125,10:15:58,43389.10,575,3004475
20221125,10:15:59,43387.95,50,3004475
20221125,10:16:01,43391.55,150,3004475
20221125,10:16:02,43390.00,75,3004475
20221125,10:16:04,43396.00,350,3004475
20221125,10:16:06,43396.05,25,3004475
20221125,10:16:07,43396.55,50,3004475
20221125,10:16:09,43391.60,700,3004475
20221125,10:16:10,43397.50,200,3004475
20221125,10:16:12,43397.05,100,3004475
20221125,10:16:14,43396.10,175,3004475
20221125,10:16:15,43395.75,125,3004475
20221125,10:16:17,43389.00,150,3004475
20221125,10:16:18,43390.00,225,3004475
20221125,10:16:20,43386.60,150,3004475
20221125,10:16:23,43384.35,125,3004475
20221125,10:16:25,43388.95,25,3004475
20221125,10:16:28,43385.60,25,3004475
20221125,10:16:30,43389.95,75,3004475
20221125,10:16:31,43384.35,50,3004475
20221125,10:16:33,43383.30,125,3004475
20221125,10:16:36,43389.85,50,3004475
20221125,10:16:38,43389.65,25,3004475
20221125,10:16:39,43389.25,50,3004475
20221125,10:16:41,43380.00,75,3004475
20221125,10:16:42,43385.00,175,3004475
20221125,10:16:44,43380.10,125,3004475
20221125,10:16:46,43381.20,200,3004475
20221125,10:16:47,43385.20,25,3004475
20221125,10:16:49,43380.50,75,3004475
20221125,10:16:50,43377.05,850,3004475
20221125,10:16:52,43382.55,175,3004475
20221125,10:16:53,43380.00,75,3004475
20221125,10:16:55,43384.35,25,3004475
20221125,10:16:57,43380.50,75,3004475
20221125,10:16:58,43380.00,25,3004475
20221125,10:17:00,43380.95,75,3004475
20221125,10:17:01,43385.00,500,3004475
20221125,10:17:03,43388.00,250,3004475
20221125,10:17:09,43390.00,25,3004475
20221125,10:17:11,43389.00,25,3004475
20221125,10:17:13,43394.05,225,3004475
20221125,10:17:14,43398.10,150,3004475
20221125,10:17:21,43394.70,25,3004475
20221125,10:17:22,43389.60,150,3004475
20221125,10:17:24,43390.20,75,3004475
20221125,10:17:26,43385.10,25,3004475
20221125,10:17:27,43385.25,100,3004475
20221125,10:17:29,43393.40,50,3007025
20221125,10:17:32,43392.60,25,3007025
20221125,10:17:34,43391.50,50,3007025
20221125,10:17:36,43391.15,25,3007025
20221125,10:17:39,43389.50,75,3007025
20221125,10:17:41,43390.75,25,3007025
20221125,10:17:44,43388.75,25,3007025
20221125,10:17:49,43386.35,50,3007025
20221125,10:17:50,43381.00,50,3007025
20221125,10:17:54,43385.00,25,3007025
20221125,10:17:55,43385.90,50,3007025
20221125,10:17:57,43381.00,25,3007025
20221125,10:17:58,43380.00,50,3007025
20221125,10:18:00,43379.95,225,3007025
20221125,10:18:02,43378.85,250,3007025
20221125,10:18:03,43379.45,75,3007025
20221125,10:18:05,43379.45,100,3007025
20221125,10:18:07,43385.90,50,3007025
20221125,10:18:10,43383.25,25,3007025
20221125,10:18:11,43384.75,25,3007025
20221125,10:18:13,43393.15,200,3007025
20221125,10:18:15,43395.20,25,3007025
20221125,10:18:16,43392.00,150,3007025
20221125,10:18:20,43395.20,1450,3007025
20221125,10:18:21,43393.60,200,3007025
20221125,10:18:26,43395.20,25,3007025
20221125,10:18:27,43390.00,575,3007025
20221125,10:18:29,43396.05,900,3007025
20221125,10:18:32,43391.95,25,3007025
20221125,10:18:34,43391.65,25,3007025
20221125,10:18:37,43394.00,25,3007025
20221125,10:18:39,43392.35,25,3007025
20221125,10:18:40,43394.00,300,3007025
20221125,10:18:42,43390.00,500,3007025
20221125,10:18:43,43395.30,100,3007025
20221125,10:18:45,43393.45,25,3007025
20221125,10:18:47,43391.35,50,3007025
20221125,10:18:48,43394.05,100,3007025
20221125,10:18:51,43391.90,25,3007025
20221125,10:18:54,43390.40,75,3007025
20221125,10:18:58,43394.80,25,3007025
20221125,10:19:02,43395.00,100,3007025
20221125,10:19:04,43396.20,50,3007025
20221125,10:19:05,43391.85,100,3007025
20221125,10:19:07,43391.85,300,3007025
20221125,10:19:08,43387.50,50,3007025
20221125,10:19:10,43387.50,150,3007025
20221125,10:19:12,43391.85,25,3007025
20221125,10:19:15,43387.75,25,3007025
20221125,10:19:18,43387.75,50,3007025
20221125,10:19:20,43391.85,225,3007025
20221125,10:19:25,43387.50,25,3007025
20221125,10:19:26,43385.00,25,3007025
20221125,10:19:31,43385.80,25,3007025
20221125,10:19:33,43385.10,75,3007025
20221125,10:19:34,43384.75,150,3007025
20221125,10:19:36,43390.00,50,3007025
20221125,10:19:39,43387.10,25,3007025
20221125,10:19:42,43389.05,200,3007025
20221125,10:19:44,43391.85,50,3007025
20221125,10:19:46,43395.00,100,3007025
20221125,10:19:47,43396.60,875,3007025
20221125,10:19:49,43396.65,25,3007025
20221125,10:19:51,43402.20,575,3007025
20221125,10:19:53,43399.10,175,3007025
20221125,10:19:54,43395.20,150,3007025
20221125,10:19:58,43396.40,200,3007025
20221125,10:19:59,43400.00,25,3007025
20221125,10:20:01,43390.30,100,3007025
20221125,10:20:02,43396.60,175,3007025
20221125,10:20:04,43396.60,400,3007025
20221125,10:20:06,43389.80,125,3007025
20221125,10:20:07,43389.45,25,3007025
20221125,10:20:09,43394.40,25,3007025
20221125,10:20:12,43390.00,75,3007025
20221125,10:20:17,43390.80,25,3007025
20221125,10:20:20,43390.15,25,3007025
20221125,10:20:26,43390.05,50,3007025
20221125,10:20:29,43394.15,50,3010050
20221125,10:20:32,43390.00,125,3010050
20221125,10:20:34,43385.70,125,3010050
20221125,10:20:36,43389.00,25,3010050
20221125,10:20:37,43386.10,25,3010050
20221125,10:20:40,43390.80,25,3010050
20221125,10:20:42,43390.80,50,3010050
20221125,10:20:47,43385.20,50,3010050
20221125,10:20:48,43388.95,50,3010050
20221125,10:20:53,43387.75,50,3010050
20221125,10:20:54,43389.85,25,3010050
20221125,10:20:56,43387.60,75,3010050
20221125,10:20:57,43389.85,50,3010050
20221125,10:20:59,43385.95,75,3010050
20221125,10:21:01,43387.60,150,3010050
20221125,10:21:02,43387.00,75,3010050
20221125,10:21:04,43387.00,275,3010050
20221125,10:21:05,43389.85,25,3010050
20221125,10:21:07,43387.15,1025,3010050
20221125,10:21:09,43385.90,925,3010050
20221125,10:21:10,43382.80,975,3010050
20221125,10:21:12,43386.90,75,3010050
20221125,10:21:14,43384.25,25,3010050
20221125,10:21:17,43383.90,75,3010050
20221125,10:21:18,43381.00,50,3010050
20221125,10:21:20,43382.55,50,3010050
20221125,10:21:22,43383.65,100,3010050
20221125,10:21:23,43383.20,125,3010050
20221125,10:21:25,43385.00,225,3010050
20221125,10:21:27,43382.55,25,3010050
20221125,10:21:28,43386.60,25,3010050
20221125,10:21:31,43381.00,75,3010050
20221125,10:21:33,43380.00,175,3010050
20221125,10:21:34,43380.00,25,3010050
20221125,10:21:36,43380.00,25,3010050
20221125,10:21:38,43383.60,75,3010050
20221125,10:21:39,43383.60,25,3010050
20221125,10:21:44,43387.65,100,3010050
20221125,10:21:47,43388.05,100,3010050
20221125,10:21:49,43389.20,125,3010050
20221125,10:21:53,43392.95,150,3010050
20221125,10:21:55,43387.85,50,3010050
20221125,10:21:57,43385.60,125,3010050
20221125,10:21:58,43389.05,50,3010050
20221125,10:22:00,43390.10,300,3010050
20221125,10:22:01,43399.00,650,3010050
20221125,10:22:03,43398.35,325,3010050
20221125,10:22:05,43396.95,100,3010050
20221125,10:22:06,43402.20,175,3010050
20221125,10:22:08,43398.50,75,3010050
20221125,10:22:09,43398.50,100,3010050
20221125,10:22:11,43396.35,100,3010050
20221125,10:22:12,43394.60,50,3010050
20221125,10:22:14,43394.65,50,3010050
20221125,10:22:15,43395.25,50,3010050
20221125,10:22:17,43395.00,25,3010050
20221125,10:22:18,43396.10,75,3010050
20221125,10:22:21,43400.00,50,3010050
20221125,10:22:24,43402.00,175,3010050
20221125,10:22:27,43402.20,400,3010050
20221125,10:22:29,43402.20,75,3010050
20221125,10:22:30,43403.00,100,3010050
20221125,10:22:32,43396.75,50,3010050
20221125,10:22:33,43393.95,325,3010050
20221125,10:22:36,43402.00,50,3010050
20221125,10:22:38,43397.15,25,3010050
20221125,10:22:39,43399.00,125,3010050
20221125,10:22:41,43399.65,25,3010050
20221125,10:22:42,43404.65,50,3010050
20221125,10:22:44,43404.20,25,3010050
20221125,10:22:45,43398.00,250,3010050
20221125,10:22:48,43397.00,125,3010050
20221125,10:22:50,43393.70,25,3010050
20221125,10:22:53,43401.20,100,3010050
20221125,10:22:56,43399.00,25,3010050
20221125,10:23:03,43399.00,25,3010050
20221125,10:23:06,43397.65,50,3010050
20221125,10:23:09,43402.50,75,3010050
20221125,10:23:13,43402.65,25,3010050
20221125,10:23:17,43400.15,100,3010050
20221125,10:23:20,43402.15,25,3010050
20221125,10:23:23,43400.15,25,3010050
20221125,10:23:27,43402.50,50,3010050
20221125,10:23:29,43401.20,25,3010050
20221125,10:23:33,43402.00,50,3009050
20221125,10:23:39,43397.45,25,3009050
20221125,10:23:41,43397.50,75,3009050
20221125,10:23:47,43401.85,25,3009050
20221125,10:23:49,43398.90,50,3009050
20221125,10:23:50,43400.00,75,3009050
20221125,10:23:52,43405.00,525,3009050
20221125,10:23:53,43400.25,50,3009050
20221125,10:23:56,43400.60,25,3009050
20221125,10:23:58,43403.20,25,3009050
20221125,10:24:00,43398.00,175,3009050
20221125,10:24:01,43399.50,375,3009050
20221125,10:24:03,43397.20,1125,3009050
20221125,10:24:06,43397.60,25,3009050
20221125,10:24:08,43401.95,75,3009050
20221125,10:24:09,43401.25,75,3009050
20221125,10:24:11,43402.00,50,3009050
20221125,10:24:12,43397.55,25,3009050
20221125,10:24:17,43401.90,100,3009050
20221125,10:24:22,43402.25,25,3009050
20221125,10:24:24,43403.90,25,3009050
20221125,10:24:25,43397.75,50,3009050
20221125,10:24:28,43400.00,50,3009050
20221125,10:24:30,43400.00,50,3009050
20221125,10:24:33,43397.55,25,3009050
20221125,10:24:40,43398.65,100,3009050
20221125,10:24:42,43400.00,125,3009050
20221125,10:24:44,43402.25,25,3009050
20221125,10:24:48,43401.95,25,3009050
20221125,10:24:51,43404.90,50,3009050
20221125,10:24:53,43400.00,100,3009050
20221125,10:24:54,43401.85,50,3009050
20221125,10:24:56,43401.95,25,3009050
20221125,10:24:59,43402.00,200,3009050
20221125,10:25:03,43399.45,100,3009050
20221125,10:25:04,43401.00,75,3009050
20221125,10:25:07,43406.00,25,3009050
20221125,10:25:09,43405.90,125,3009050
20221125,10:25:14,43406.95,225,3009050
20221125,10:25:17,43406.95,225,3009050
20221125,10:25:19,43407.00,25,3009050
20221125,10:25:21,43406.95,125,3009050
20221125,10:25:22,43403.00,25,3009050
20221125,10:25:24,43402.30,25,3009050
20221125,10:25:27,43401.85,50,3009050
20221125,10:25:29,43401.80,25,3009050
20221125,10:25:30,43401.00,75,3009050
20221125,10:25:32,43392.60,300,3009050
20221125,10:25:34,43391.25,25,3009050
20221125,10:25:35,43399.85,25,3009050
20221125,10:25:37,43397.00,25,3009050
20221125,10:25:43,43395.95,50,3009050
20221125,10:25:48,43399.85,250,3009050
20221125,10:25:51,43394.25,25,3009050
20221125,10:25:57,43397.00,25,3009050
20221125,10:26:00,43400.00,1000,3009050
20221125,10:26:01,43398.80,50,3009050
20221125,10:26:03,43401.05,50,3009050
20221125,10:26:05,43400.00,25,3009050
20221125,10:26:06,43401.80,50,3009050
20221125,10:26:08,43400.20,75,3009050
20221125,10:26:09,43399.35,125,3009050
20221125,10:26:11,43399.35,25,3009050
20221125,10:26:12,43400.50,100,3009050
20221125,10:26:14,43399.35,25,3009050
20221125,10:26:20,43399.35,750,3009050
20221125,10:26:27,43401.05,150,3009050
20221125,10:26:34,43401.00,50,3011425
20221125,10:26:37,43401.80,1175,3011425
20221125,10:26:39,43402.40,600,3011425
20221125,10:26:41,43398.00,25,3011425
20221125,10:26:47,43397.05,150,3011425
20221125,10:26:50,43400.00,75,3011425
20221125,10:26:51,43400.00,100,3011425
20221125,10:26:54,43403.45,25,3011425
20221125,10:26:56,43403.55,25,3011425
20221125,10:27:01,43401.65,125,3011425
20221125,10:27:04,43403.75,100,3011425
20221125,10:27:05,43403.60,75,3011425
20221125,10:27:07,43405.00,25,3011425
20221125,10:27:09,43407.00,75,3011425
20221125,10:27:10,43407.35,25,3011425
20221125,10:27:12,43407.25,50,3011425
20221125,10:27:14,43403.55,25,3011425
20221125,10:27:15,43404.30,25,3011425
20221125,10:27:17,43404.70,50,3011425
20221125,10:27:19,43404.70,75,3011425
20221125,10:27:23,43407.45,25,3011425
20221125,10:27:28,43405.90,1500,3011425
20221125,10:27:33,43410.00,25,3011425
20221125,10:27:38,43405.00,25,3011425
20221125,10:27:43,43403.95,100,3011425
20221125,10:27:44,43401.00,50,3011425
20221125,10:27:49,43395.00,725,3011425
20221125,10:27:53,43401.90,100,3011425
20221125,10:28:05,43400.20,25,3011425
20221125,10:28:10,43400.20,25,3011425
20221125,10:28:19,43401.90,25,3011425
20221125,10:28:21,43400.00,75,3011425
20221125,10:28:22,43404.60,50,3011425
20221125,10:28:24,43411.00,1075,3011425
20221125,10:28:26,43410.95,75,3011425
20221125,10:28:27,43410.95,125,3011425
20221125,10:28:29,43412.00,125,3011425
20221125,10:28:31,43415.00,325,3011425
20221125,10:28:34,43418.00,50,3011425
20221125,10:28:35,43420.00,300,3011425
20221125,10:28:37,43420.00,100,3011425
20221125,10:28:39,43422.55,275,3011425
20221125,10:28:41,43421.05,125,3011425
20221125,10:28:42,43424.85,75,3011425
20221125,10:28:45,43426.20,225,3011425
20221125,10:28:47,43427.95,250,3011425
20221125,10:28:49,43424.60,100,3011425
20221125,10:28:50,43425.95,50,3011425
20221125,10:28:52,43426.85,125,3011425
20221125,10:28:53,43424.00,175,3011425
20221125,10:28:55,43422.40,75,3011425
20221125,10:28:57,43422.30,50,3011425
20221125,10:28:58,43421.00,50,3011425
