20221125,09:15:00,18631.20,1,11190200
20221125,09:15:00,18631.15,1,11190200
20221125,09:15:00,18650.00,1950,11190200
20221125,09:15:01,18650.90,5900,11190200
20221125,09:15:02,18640.75,8650,11190200
20221125,09:15:03,18643.45,1350,11190200
20221125,09:15:04,18638.70,6700,11190200
20221125,09:15:05,18637.15,5650,11190200
20221125,09:15:06,18636.00,6500,11190200
20221125,09:15:07,18631.15,4800,11190200
20221125,09:15:08,18629.75,3350,11190200
20221125,09:15:09,18629.40,2550,11190200
20221125,09:15:10,18627.10,3750,11190200
20221125,09:15:11,18626.15,3650,11190200
20221125,09:15:12,18626.00,5550,11190200
20221125,09:15:13,18626.00,2500,11190200
20221125,09:15:14,18626.05,2650,11190200
20221125,09:15:15,18627.35,1000,11190200
20221125,09:15:16,18627.00,6800,11190200
20221125,09:15:17,18630.00,4050,11190200
20221125,09:15:18,18627.55,5900,11190200
20221125,09:15:19,18632.10,5000,11190200
20221125,09:15:20,18633.55,400,11190200
20221125,09:15:21,18630.65,5050,11190200
20221125,09:15:22,18633.70,2850,11190200
20221125,09:15:23,18633.90,750,11190200
20221125,09:15:24,18633.50,6100,11190200
20221125,09:15:25,18636.00,2250,11190200
20221125,09:15:26,18636.60,4200,11190200
20221125,09:15:27,18636.10,650,11190200
20221125,09:15:28,18635.00,4950,11190200
20221125,09:15:29,18635.70,3000,11190200
20221125,09:15:30,18633.80,1250,11190200
20221125,09:15:31,18632.20,4500,11190200
20221125,09:15:32,18633.00,900,11190200
20221125,09:15:33,18632.30,700,11190200
20221125,09:15:34,18633.70,2150,11190200
20221125,09:15:35,18632.60,2000,11190200
20221125,09:15:36,18633.55,2650,11190200
20221125,09:15:37,18630.60,1300,11190200
20221125,09:15:38,18629.70,5000,11190200
20221125,09:15:39,18626.70,4100,11190200
20221125,09:15:40,18629.35,450,11190200
20221125,09:15:41,18626.00,4250,11190200
20221125,09:15:42,18625.00,4800,11190200
20221125,09:15:43,18624.75,500,11190200
20221125,09:15:44,18625.00,500,11190200
20221125,09:15:45,18623.35,2800,11190200
20221125,09:15:46,18623.30,3850,11190200
20221125,09:15:47,18622.80,800,11190200
20221125,09:15:48,18620.30,1550,11190200
20221125,09:15:49,18618.30,2950,11190200
20221125,09:15:50,18617.85,700,11190200
20221125,09:15:51,18619.55,1750,11190200
20221125,09:15:52,18620.35,3200,11190200
20221125,09:15:53,18621.50,150,11190200
20221125,09:15:54,18618.40,1050,11190200
20221125,09:15:55,18618.15,550,11190200
20221125,09:15:56,18616.45,800,11190200
20221125,09:15:57,18615.00,8450,11190200
20221125,09:15:58,18613.10,2150,11190200
20221125,09:15:59,18613.10,1050,11190200
20221125,09:16:00,18612.85,800,11190200
20221125,09:16:01,18613.95,3700,11190200
20221125,09:16:02,18611.75,2850,11190200
20221125,09:16:03,18611.55,650,11190200
20221125,09:16:04,18611.40,5000,11190200
20221125,09:16:05,18615.00,1300,11190200
20221125,09:16:06,18615.05,1400,11190200
20221125,09:16:07,18618.25,4300,11190200
20221125,09:16:08,18616.45,2150,11190200
20221125,09:16:09,18615.10,950,11190200
20221125,09:16:10,18619.45,3850,11190200
20221125,09:16:11,18619.75,2800,11190200
20221125,09:16:12,18616.35,2550,11190200
20221125,09:16:13,18618.90,1200,11190200
20221125,09:16:14,18619.55,2850,11190200
20221125,09:16:15,18618.20,850,11190200
20221125,09:16:16,18617.90,550,11190200
20221125,09:16:17,18616.95,900,11190200
20221125,09:16:18,18618.85,2950,11190200
20221125,09:16:19,18619.25,500,11190200
20221125,09:16:20,18619.55,1900,11190200
20221125,09:16:21,18619.55,2350,11190200
20221125,09:16:22,18620.00,1100,11190200
20221125,09:16:23,18619.30,6350,11190200
20221125,09:16:24,18620.30,1350,11190200
20221125,09:16:25,18620.00,650,11190200
20221125,09:16:26,18621.70,5800,11190200
20221125,09:16:27,18621.80,2000,11190200
20221125,09:16:28,18621.80,200,11190200
20221125,09:16:29,18622.20,1200,11190200
20221125,09:16:30,18622.45,1900,11190200
20221125,09:16:31,18620.55,1050,11190200
20221125,09:16:32,18624.25,700,11190200
20221125,09:16:33,18622.00,350,11190200
20221125,09:16:34,18622.75,700,11190200
20221125,09:16:35,18622.55,500,11190200
20221125,09:16:36,18623.10,4000,11190200
20221125,09:16:37,18622.80,1450,11190200
20221125,09:16:38,18622.95,100,11190200
20221125,09:16:39,18620.95,850,11190200
20221125,09:16:40,18620.25,700,11190200
20221125,09:16:41,18620.95,200,11190200
20221125,09:16:42,18620.95,1550,11190200
20221125,09:16:43,18621.00,650,11190200
20221125,09:16:44,18620.30,200,11190200
20221125,09:16:45,18621.00,4150,11190200
20221125,09:16:46,18621.00,1850,11190200
20221125,09:16:47,18621.00,1200,11190200
20221125,09:16:48,18621.00,650,11190200
20221125,09:16:49,18622.65,700,11190200
20221125,09:16:50,18621.00,550,11190200
20221125,09:16:51,18621.85,500,11190200
20221125,09:16:52,18621.85,600,11190200
20221125,09:16:53,18621.00,3050,11190200
20221125,09:16:54,18621.05,500,11190200
20221125,09:16:55,18621.00,2050,11190200
20221125,09:16:56,18621.35,3250,11190200
20221125,09:16:57,18621.00,1550,11190200
20221125,09:16:58,18621.00,3050,11190200
20221125,09:16:59,18621.00,2500,11190200
20221125,09:17:00,18620.00,1500,11190200
20221125,09:17:01,18618.00,2450,11190200
20221125,09:17:02,18618.80,500,11190200
20221125,09:17:03,18618.00,250,11190200
20221125,09:17:04,18620.90,4300,11190200
20221125,09:17:05,18619.90,950,11190200
20221125,09:17:06,18618.75,300,11190200
20221125,09:17:07,18620.00,700,11190200
20221125,09:17:08,18619.90,2100,11190200
20221125,09:17:09,18618.65,100,11190200
20221125,09:17:10,18618.60,650,11190200
20221125,09:17:11,18618.70,1900,11190200
20221125,09:17:12,18616.00,1400,11190200
20221125,09:17:13,18616.00,100,11190200
20221125,09:17:14,18615.95,700,11190200
20221125,09:17:15,18616.00,16700,11202950
20221125,09:17:16,18616.00,800,11202950
20221125,09:17:17,18615.95,500,11202950
20221125,09:17:18,18614.60,900,11202950
20221125,09:17:19,18615.00,700,11202950
20221125,09:17:20,18614.85,800,11202950
20221125,09:17:21,18614.60,1150,11202950
20221125,09:17:22,18613.95,800,11202950
20221125,09:17:23,18613.00,150,11202950
20221125,09:17:24,18612.05,1500,11202950
20221125,09:17:25,18611.00,1100,11202950
20221125,09:17:26,18612.60,2000,11202950
20221125,09:17:27,18612.35,3250,11202950
20221125,09:17:28,18612.00,600,11202950
20221125,09:17:29,18612.15,2300,11202950
20221125,09:17:30,18612.35,3950,11202950
20221125,09:17:31,18614.55,2350,11202950
20221125,09:17:32,18614.45,800,11202950
20221125,09:17:33,18614.00,150,11202950
20221125,09:17:34,18612.65,700,11202950
20221125,09:17:35,18614.45,650,11202950
20221125,09:17:36,18613.85,3100,11202950
20221125,09:17:37,18612.55,50,11202950
20221125,09:17:38,18613.80,1050,11202950
20221125,09:17:39,18612.00,650,11202950
20221125,09:17:40,18612.05,350,11202950
20221125,09:17:41,18614.00,2650,11202950
20221125,09:17:42,18613.00,600,11202950
20221125,09:17:43,18613.00,150,11202950
20221125,09:17:44,18613.00,300,11202950
20221125,09:17:45,18610.00,6400,11202950
20221125,09:17:46,18612.00,2400,11202950
20221125,09:17:47,18611.90,650,11202950
20221125,09:17:48,18612.05,600,11202950
20221125,09:17:49,18612.00,800,11202950
20221125,09:17:50,18611.60,1050,11202950
20221125,09:17:51,18613.00,300,11202950
20221125,09:17:52,18612.00,1250,11202950
20221125,09:17:54,18610.85,1350,11202950
20221125,09:17:54,18613.25,750,11202950
20221125,09:17:55,18611.70,500,11202950
20221125,09:17:57,18612.40,1600,11202950
20221125,09:17:57,18612.65,100,11202950
20221125,09:17:58,18614.00,450,11202950
20221125,09:18:00,18614.00,500,11202950
20221125,09:18:00,18612.35,850,11202950
20221125,09:18:01,18613.85,2350,11202950
20221125,09:18:02,18613.60,650,11202950
20221125,09:18:04,18613.00,150,11202950
20221125,09:18:05,18614.35,700,11202950
20221125,09:18:06,18612.85,700,11202950
20221125,09:18:07,18613.00,1200,11202950
20221125,09:18:08,18613.00,450,11202950
20221125,09:18:09,18614.60,1100,11202950
20221125,09:18:10,18614.75,250,11202950
20221125,09:18:11,18613.25,200,11202950
20221125,09:18:13,18615.00,450,11202950
20221125,09:18:14,18614.75,750,11202950
20221125,09:18:14,18613.65,50,11202950
20221125,09:18:15,18614.45,550,11202950
20221125,09:18:16,18614.75,650,11202950
20221125,09:18:17,18615.00,250,11202950
20221125,09:18:18,18615.00,450,11202950
20221125,09:18:20,18614.00,700,11202950
20221125,09:18:21,18613.75,250,11202950
20221125,09:18:22,18613.90,350,11202950
20221125,09:18:23,18614.00,1550,11202950
20221125,09:18:24,18614.00,1150,11202950
20221125,09:18:25,18613.15,250,11202950
20221125,09:18:27,18612.05,800,11202950
20221125,09:18:27,18612.05,550,11202950
20221125,09:18:28,18611.00,450,11202950
20221125,09:18:29,18610.65,450,11202950
20221125,09:18:30,18610.50,1400,11202950
20221125,09:18:31,18610.90,600,11202950
20221125,09:18:33,18610.05,700,11202950
20221125,09:18:34,18610.00,5600,11202950
20221125,09:18:35,18610.00,400,11202950
20221125,09:18:35,18611.00,100,11202950
20221125,09:18:36,18610.70,800,11202950
20221125,09:18:37,18610.00,1050,11202950
20221125,09:18:39,18610.30,1100,11202950
20221125,09:18:40,18612.00,900,11202950
20221125,09:18:41,18611.40,100,11202950
20221125,09:18:42,18612.00,550,11202950
20221125,09:18:43,18613.00,1550,11202950
20221125,09:18:45,18613.15,1750,11202950
20221125,09:18:46,18613.25,1050,11202950
20221125,09:18:46,18613.00,200,11202950
20221125,09:18:47,18613.15,800,11202950
20221125,09:18:48,18610.70,550,11202950
20221125,09:18:49,18611.00,1650,11202950
20221125,09:18:51,18613.00,450,11202950
20221125,09:18:52,18611.35,50,11202950
20221125,09:18:53,18612.05,5750,11202950
20221125,09:18:54,18613.55,600,11202950
20221125,09:18:56,18612.05,2000,11202950
20221125,09:18:57,18610.20,450,11202950
20221125,09:18:58,18611.00,500,11202950
20221125,09:18:59,18610.00,800,11202950
20221125,09:19:00,18610.05,3100,11202950
20221125,09:19:02,18609.90,3050,11202950
20221125,09:19:03,18609.00,100,11202950
20221125,09:19:04,18609.00,400,11202950
20221125,09:19:05,18607.55,2050,11202950
20221125,09:19:07,18609.10,650,11202950
20221125,09:19:07,18608.80,50,11202950
20221125,09:19:08,18609.35,1450,11202950
20221125,09:19:09,18610.20,1050,11202950
20221125,09:19:11,18609.70,650,11202950
20221125,09:19:12,18609.10,300,11202950
20221125,09:19:12,18609.35,150,11202950
20221125,09:19:13,18611.00,250,11202950
20221125,09:19:14,18612.00,150,11202950
20221125,09:19:15,18612.00,150,11202950
20221125,09:19:17,18611.00,2000,11202950
20221125,09:19:18,18610.60,2400,11202950
20221125,09:19:18,18611.00,100,11202950
20221125,09:19:19,18612.00,250,11202950
20221125,09:19:20,18610.70,250,11202950
20221125,09:19:22,18610.85,1050,11202950
20221125,09:19:23,18610.15,750,11202950
20221125,09:19:23,18612.00,150,11202950
20221125,09:19:24,18609.85,750,11202950
20221125,09:19:25,18610.85,850,11202950
20221125,09:19:26,18610.30,450,11202950
20221125,09:19:28,18611.00,1000,11202950
20221125,09:19:29,18610.15,300,11202950
20221125,09:19:29,18610.30,150,11202950
20221125,09:19:30,18610.00,200,11202950
20221125,09:19:31,18608.35,2150,11202950
20221125,09:19:33,18610.70,1400,11202950
20221125,09:19:34,18608.50,1250,11202950
20221125,09:19:35,18609.45,50,11202950
20221125,09:19:36,18608.35,500,11202950
20221125,09:19:38,18608.30,550,11202950
20221125,09:19:39,18608.25,250,11202950
20221125,09:19:40,18610.00,1500,11202950
20221125,09:19:41,18609.40,450,11202950
20221125,09:19:42,18609.75,1700,11202950
20221125,09:19:44,18610.00,400,11202950
20221125,09:19:45,18610.95,50,11202950
20221125,09:19:45,18610.05,150,11202950
20221125,09:19:46,18611.00,1150,11202950
20221125,09:19:47,18611.00,250,11202950
20221125,09:19:48,18610.90,750,11202950
20221125,09:19:50,18611.40,1600,11202950
20221125,09:19:51,18612.00,3200,11202950
20221125,09:19:51,18613.00,50,11202950
20221125,09:19:52,18611.60,400,11202950
20221125,09:19:53,18610.00,2300,11202950
20221125,09:19:55,18610.85,250,11202950
20221125,09:19:56,18610.05,250,11202950
20221125,09:19:56,18611.95,550,11202950
20221125,09:19:57,18612.50,500,11202950
20221125,09:19:58,18611.25,2100,11202950
20221125,09:19:59,18612.65,1100,11202950
20221125,09:20:01,18612.00,500,11202950
20221125,09:20:02,18611.90,200,11202950
20221125,09:20:03,18610.05,2800,11202950
20221125,09:20:05,18609.35,2350,11202950
20221125,09:20:06,18611.90,1250,11202950
20221125,09:20:06,18610.20,1600,11202950
20221125,09:20:07,18612.00,450,11202950
20221125,09:20:08,18611.25,2100,11202950
20221125,09:20:09,18614.00,1500,11202950
20221125,09:20:10,18611.00,1700,11202950
20221125,09:20:11,18611.05,3150,11202950
20221125,09:20:12,18610.40,1850,11202950
20221125,09:20:13,18608.55,1000,11202950
20221125,09:20:14,18608.50,1000,11202950
20221125,09:20:15,18609.30,350,11202950
20221125,09:20:16,18610.45,1150,11196000
20221125,09:20:17,18611.00,150,11196000
20221125,09:20:18,18610.90,150,11196000
20221125,09:20:19,18607.10,10850,11196000
20221125,09:20:20,18608.25,700,11196000
20221125,09:20:21,18610.05,300,11196000
20221125,09:20:22,18608.20,650,11196000
20221125,09:20:23,18608.05,800,11196000
20221125,09:20:24,18610.05,300,11196000
20221125,09:20:25,18610.05,550,11196000
20221125,09:20:26,18611.00,1700,11196000
20221125,09:20:27,18611.00,1350,11196000
20221125,09:20:28,18611.95,200,11196000
20221125,09:20:29,18611.00,400,11196000
20221125,09:20:30,18612.00,150,11196000
20221125,09:20:31,18612.00,50,11196000
20221125,09:20:32,18612.95,1000,11196000
20221125,09:20:34,18614.00,1400,11196000
20221125,09:20:36,18614.00,400,11196000
20221125,09:20:37,18613.10,100,11196000
20221125,09:20:38,18614.00,150,11196000
20221125,09:20:39,18614.00,1450,11196000
20221125,09:20:40,18615.00,2950,11196000
20221125,09:20:41,18616.00,850,11196000
20221125,09:20:42,18616.80,250,11196000
20221125,09:20:43,18616.00,800,11196000
20221125,09:20:44,18617.60,1800,11196000
20221125,09:20:45,18616.00,1850,11196000
20221125,09:20:46,18616.45,700,11196000
20221125,09:20:47,18615.00,750,11196000
20221125,09:20:47,18615.90,250,11196000
20221125,09:20:48,18616.50,750,11196000
20221125,09:20:50,18618.10,2150,11196000
20221125,09:20:51,18617.00,50,11196000
20221125,09:20:52,18617.65,750,11196000
20221125,09:20:53,18617.90,950,11196000
20221125,09:20:53,18617.00,650,11196000
20221125,09:20:54,18617.00,100,11196000
20221125,09:20:55,18618.20,1300,11196000
20221125,09:20:57,18617.65,2300,11196000
20221125,09:20:58,18617.95,900,11196000
20221125,09:20:59,18619.00,750,11196000
20221125,09:21:00,18619.50,200,11196000
20221125,09:21:01,18620.00,1800,11196000
20221125,09:21:02,18624.50,5600,11196000
20221125,09:21:03,18622.15,800,11196000
20221125,09:21:04,18623.00,1150,11196000
20221125,09:21:05,18623.45,350,11196000
20221125,09:21:06,18623.40,50,11196000
20221125,09:21:06,18623.00,50,11196000
20221125,09:21:07,18622.90,850,11196000
20221125,09:21:08,18621.90,350,11196000
20221125,09:21:09,18622.15,2000,11196000
20221125,09:21:10,18620.65,850,11196000
20221125,09:21:11,18621.30,450,11196000
20221125,09:21:12,18622.00,1150,11196000
20221125,09:21:13,18620.00,750,11196000
20221125,09:21:14,18619.00,800,11196000
20221125,09:21:15,18619.20,700,11196000
20221125,09:21:16,18619.20,500,11196000
20221125,09:21:17,18620.35,400,11196000
20221125,09:21:18,18619.95,1150,11196000
20221125,09:21:20,18618.00,750,11196000
20221125,09:21:21,18617.95,1100,11196000
20221125,09:21:22,18617.55,100,11196000
20221125,09:21:23,18619.10,1950,11196000
20221125,09:21:24,18616.40,200,11196000
20221125,09:21:25,18619.20,250,11196000
20221125,09:21:26,18618.00,400,11196000
20221125,09:21:27,18619.15,350,11196000
20221125,09:21:28,18620.00,3650,11196000
20221125,09:21:29,18617.70,800,11196000
20221125,09:21:30,18619.00,450,11196000
20221125,09:21:31,18618.00,1350,11196000
20221125,09:21:32,18618.00,1800,11196000
20221125,09:21:33,18617.65,1150,11196000
20221125,09:21:34,18617.00,950,11196000
20221125,09:21:35,18619.65,800,11196000
20221125,09:21:36,18619.20,150,11196000
20221125,09:21:37,18617.10,1450,11196000
20221125,09:21:38,18618.05,250,11196000
20221125,09:21:39,18617.90,550,11196000
20221125,09:21:40,18616.00,200,11196000
20221125,09:21:41,18615.00,850,11196000
20221125,09:21:42,18614.05,350,11196000
20221125,09:21:43,18615.85,1300,11196000
20221125,09:21:44,18613.15,600,11196000
20221125,09:21:45,18613.10,100,11196000
20221125,09:21:46,18614.00,1300,11196000
20221125,09:21:47,18612.35,1400,11196000
20221125,09:21:48,18612.10,300,11196000
20221125,09:21:49,18612.10,100,11196000
20221125,09:21:51,18612.90,650,11196000
20221125,09:21:52,18611.25,1550,11196000
20221125,09:21:53,18611.65,1350,11196000
20221125,09:21:53,18610.00,1600,11196000
20221125,09:21:55,18611.20,1150,11196000
20221125,09:21:56,18610.10,300,11196000
20221125,09:21:57,18610.95,100,11196000
20221125,09:21:57,18610.10,600,11196000
20221125,09:21:59,18611.20,1200,11196000
20221125,09:21:59,18608.20,350,11196000
20221125,09:22:00,18608.00,350,11196000
20221125,09:22:02,18608.00,900,11196000
20221125,09:22:03,18608.00,1450,11196000
20221125,09:22:04,18608.00,400,11196000
20221125,09:22:05,18608.00,1700,11196000
20221125,09:22:06,18606.00,2450,11196000
20221125,09:22:07,18606.00,450,11196000
20221125,09:22:08,18606.00,1950,11196000
20221125,09:22:09,18605.00,4100,11196000
20221125,09:22:10,18603.35,550,11196000
20221125,09:22:11,18603.35,700,11196000
20221125,09:22:12,18605.20,300,11196000
20221125,09:22:13,18603.30,500,11196000
20221125,09:22:14,18603.30,300,11196000
20221125,09:22:15,18603.30,450,11196000
20221125,09:22:16,18603.30,450,11196000
20221125,09:22:17,18602.65,1050,11196000
20221125,09:22:18,18602.65,1700,11196000
20221125,09:22:19,18602.65,150,11196000
20221125,09:22:20,18602.00,850,11196000
20221125,09:22:21,18602.00,600,11196000
20221125,09:22:22,18601.05,3150,11196000
20221125,09:22:23,18601.05,350,11196000
20221125,09:22:24,18602.15,4050,11196000
20221125,09:22:25,18602.20,100,11196000
20221125,09:22:25,18604.10,300,11196000
20221125,09:22:26,18603.30,400,11196000
20221125,09:22:27,18603.30,1400,11196000
20221125,09:22:28,18601.75,750,11196000
20221125,09:22:30,18602.00,950,11196000
20221125,09:22:31,18601.05,450,11196000
20221125,09:22:32,18602.15,850,11196000
20221125,09:22:33,18602.00,500,11196000
20221125,09:22:34,18604.50,750,11196000
20221125,09:22:34,18602.00,200,11196000
20221125,09:22:35,18604.90,250,11196000
20221125,09:22:37,18601.45,250,11196000
20221125,09:22:38,18601.00,1400,11196000
20221125,09:22:39,18600.10,3850,11196000
20221125,09:22:40,18600.00,2350,11196000
20221125,09:22:41,18600.00,700,11196000
20221125,09:22:42,18600.00,650,11196000
20221125,09:22:43,18600.00,350,11196000
20221125,09:22:44,18603.95,300,11196000
20221125,09:22:45,18604.55,450,11196000
20221125,09:22:46,18602.25,250,11196000
20221125,09:22:47,18604.60,50,11196000
20221125,09:22:48,18601.05,150,11196000
20221125,09:22:48,18602.05,200,11196000
20221125,09:22:49,18602.00,350,11196000
20221125,09:22:51,18601.00,650,11196000
20221125,09:22:52,18601.00,400,11196000
20221125,09:22:53,18601.05,400,11196000
20221125,09:22:54,18601.00,400,11196000
20221125,09:22:55,18600.00,1700,11196000
20221125,09:22:56,18602.00,900,11196000
20221125,09:22:58,18600.40,300,11196000
20221125,09:22:59,18601.00,1750,11196000
20221125,09:23:00,18602.00,550,11196000
20221125,09:23:01,18600.00,1250,11196000
20221125,09:23:01,18600.05,50,11196000
20221125,09:23:02,18601.00,600,11196000
20221125,09:23:04,18602.00,550,11196000
20221125,09:23:05,18603.00,700,11196000
20221125,09:23:06,18601.75,250,11196000
20221125,09:23:07,18601.00,200,11196000
20221125,09:23:07,18603.20,100,11196000
20221125,09:23:09,18600.00,3800,11196000
20221125,09:23:10,18599.70,3600,11196000
20221125,09:23:11,18597.60,1950,11196000
20221125,09:23:12,18597.00,1300,11196000
20221125,09:23:13,18597.00,2350,11196000
20221125,09:23:14,18599.00,900,11196000
20221125,09:23:14,18600.00,350,11196000
20221125,09:23:16,18598.25,1100,11196000
20221125,09:23:17,18598.85,300,11188800
20221125,09:23:18,18598.00,450,11188800
20221125,09:23:19,18597.50,1200,11188800
20221125,09:23:20,18596.65,750,11188800
20221125,09:23:21,18596.35,650,11188800
20221125,09:23:22,18596.90,600,11188800
20221125,09:23:23,18598.00,750,11188800
20221125,09:23:24,18597.65,600,11188800
20221125,09:23:25,18598.85,700,11188800
20221125,09:23:26,18598.85,900,11188800
20221125,09:23:27,18598.90,750,11188800
20221125,09:23:28,18600.00,900,11188800
20221125,09:23:29,18599.30,400,11188800
20221125,09:23:30,18599.45,2150,11188800
20221125,09:23:31,18599.95,600,11188800
20221125,09:23:32,18599.15,900,11188800
20221125,09:23:33,18598.25,550,11188800
20221125,09:23:33,18598.25,50,11188800
20221125,09:23:35,18598.00,1150,11188800
20221125,09:23:36,18598.90,950,11188800
20221125,09:23:37,18597.10,250,11188800
20221125,09:23:38,18597.40,250,11188800
20221125,09:23:39,18596.00,1700,11188800
20221125,09:23:40,18596.00,400,11188800
20221125,09:23:41,18595.30,1250,11188800
20221125,09:23:42,18595.00,2550,11188800
20221125,09:23:43,18597.90,300,11188800
20221125,09:23:44,18597.45,350,11188800
20221125,09:23:45,18595.10,100,11188800
20221125,09:23:46,18597.00,1250,11188800
20221125,09:23:46,18598.00,50,11188800
20221125,09:23:48,18597.25,150,11188800
20221125,09:23:49,18598.40,1250,11188800
20221125,09:23:50,18599.00,1400,11188800
20221125,09:23:51,18600.00,250,11188800
20221125,09:23:52,18600.00,750,11188800
20221125,09:23:53,18598.55,500,11188800
20221125,09:23:54,18599.75,850,11188800
20221125,09:23:55,18600.30,300,11188800
20221125,09:23:56,18602.60,2050,11188800
20221125,09:23:57,18599.05,900,11188800
20221125,09:23:58,18600.10,1400,11188800
20221125,09:23:59,18600.00,150,11188800
20221125,09:24:00,18599.90,450,11188800
20221125,09:24:01,18598.05,1150,11188800
20221125,09:24:02,18599.95,750,11188800
20221125,09:24:03,18599.05,250,11188800
20221125,09:24:04,18597.45,850,11188800
20221125,09:24:05,18599.90,2050,11188800
20221125,09:24:06,18599.90,300,11188800
20221125,09:24:07,18599.80,900,11188800
20221125,09:24:08,18599.85,750,11188800
20221125,09:24:08,18597.65,50,11188800
20221125,09:24:09,18596.65,300,11188800
20221125,09:24:11,18596.75,100,11188800
20221125,09:24:12,18597.65,150,11188800
20221125,09:24:13,18597.00,250,11188800
20221125,09:24:14,18597.05,550,11188800
20221125,09:24:16,18597.05,450,11188800
20221125,09:24:17,18598.75,450,11188800
20221125,09:24:18,18597.65,200,11188800
20221125,09:24:19,18597.00,100,11188800
20221125,09:24:20,18597.05,450,11188800
20221125,09:24:21,18599.10,150,11188800
20221125,09:24:23,18597.05,200,11188800
20221125,09:24:24,18598.65,550,11188800
20221125,09:24:25,18598.65,350,11188800
20221125,09:24:26,18597.90,350,11188800
20221125,09:24:26,18597.90,300,11188800
20221125,09:24:28,18597.30,550,11188800
20221125,09:24:29,18598.90,250,11188800
20221125,09:24:30,18598.00,350,11188800
20221125,09:24:31,18599.35,2400,11188800
20221125,09:24:32,18604.00,3900,11188800
20221125,09:24:32,18604.00,200,11188800
20221125,09:24:34,18604.55,1700,11188800
20221125,09:24:35,18604.60,200,11188800
20221125,09:24:36,18602.85,50,11188800
20221125,09:24:37,18603.40,200,11188800
20221125,09:24:38,18603.35,300,11188800
20221125,09:24:38,18602.90,100,11188800
20221125,09:24:40,18602.85,50,11188800
20221125,09:24:41,18602.95,700,11188800
20221125,09:24:42,18602.85,1050,11188800
20221125,09:24:43,18601.05,1100,11188800
20221125,09:24:44,18604.00,200,11188800
20221125,09:24:45,18604.40,350,11188800
20221125,09:24:46,18604.60,2700,11188800
20221125,09:24:47,18601.50,1300,11188800
20221125,09:24:48,18602.95,500,11188800
20221125,09:24:49,18605.05,900,11188800
20221125,09:24:50,18604.35,200,11188800
20221125,09:24:51,18603.95,450,11188800
20221125,09:24:52,18602.80,50,11188800
20221125,09:24:53,18602.80,250,11188800
20221125,09:24:54,18601.65,500,11188800
20221125,09:24:56,18602.75,500,11188800
20221125,09:24:57,18603.85,1150,11188800
20221125,09:24:58,18602.65,100,11188800
20221125,09:24:59,18602.55,1000,11188800
20221125,09:25:00,18602.60,250,11188800
20221125,09:25:02,18601.65,300,11188800
20221125,09:25:03,18601.80,400,11188800
20221125,09:25:04,18601.80,250,11188800
20221125,09:25:05,18601.95,1200,11188800
20221125,09:25:06,18602.00,50,11188800
20221125,09:25:07,18603.00,400,11188800
20221125,09:25:08,18603.05,1150,11188800
20221125,09:25:09,18602.65,1150,11188800
20221125,09:25:10,18603.65,300,11188800
20221125,09:25:11,18603.65,100,11188800
20221125,09:25:12,18603.65,200,11188800
20221125,09:25:14,18605.00,1450,11188800
20221125,09:25:15,18604.00,100,11188800
20221125,09:25:16,18603.00,50,11188800
20221125,09:25:17,18604.95,200,11188800
20221125,09:25:18,18604.30,650,11188800
20221125,09:25:19,18605.35,1300,11188800
20221125,09:25:20,18605.00,1250,11188800
20221125,09:25:22,18603.80,400,11188800
20221125,09:25:24,18603.00,600,11188800
20221125,09:25:25,18603.90,650,11188800
20221125,09:25:26,18603.10,2250,11188800
20221125,09:25:28,18603.80,350,11188800
20221125,09:25:29,18606.40,100,11188800
20221125,09:25:30,18605.10,250,11188800
20221125,09:25:31,18606.90,1450,11188800
20221125,09:25:32,18605.00,1600,11188800
20221125,09:25:33,18606.40,300,11188800
20221125,09:25:34,18607.75,1550,11188800
20221125,09:25:35,18607.00,1200,11188800
20221125,09:25:36,18605.00,650,11188800
20221125,09:25:37,18607.90,1250,11188800
20221125,09:25:38,18607.45,350,11188800
20221125,09:25:41,18607.00,50,11188800
20221125,09:25:42,18607.00,50,11188800
20221125,09:25:43,18605.00,1650,11188800
20221125,09:25:44,18606.50,1150,11188800
20221125,09:25:45,18608.45,7100,11188800
20221125,09:25:46,18610.95,500,11188800
20221125,09:25:47,18607.00,600,11188800
20221125,09:25:48,18610.45,1450,11188800
20221125,09:25:49,18608.20,450,11188800
20221125,09:25:50,18607.40,200,11188800
20221125,09:25:51,18610.00,100,11188800
20221125,09:25:52,18609.50,900,11188800
20221125,09:25:53,18609.95,100,11188800
20221125,09:25:54,18605.55,650,11188800
20221125,09:25:55,18608.20,200,11188800
20221125,09:25:56,18605.10,2700,11188800
20221125,09:25:57,18605.35,1200,11188800
20221125,09:25:58,18605.00,250,11188800
20221125,09:25:59,18607.65,1350,11188800
20221125,09:26:00,18606.25,100,11188800
20221125,09:26:01,18604.10,800,11188800
20221125,09:26:02,18604.35,300,11188800
20221125,09:26:03,18603.90,1100,11188800
20221125,09:26:04,18604.00,150,11188800
20221125,09:26:05,18603.65,200,11188800
20221125,09:26:06,18604.75,700,11188800
20221125,09:26:07,18605.95,100,11188800
20221125,09:26:08,18604.00,1100,11188800
20221125,09:26:09,18604.40,450,11188800
20221125,09:26:11,18604.20,350,11188800
20221125,09:26:12,18604.00,900,11188800
20221125,09:26:13,18604.00,100,11188800
20221125,09:26:14,18607.55,3050,11188800
20221125,09:26:15,18607.55,50,11188800
20221125,09:26:16,18608.40,450,11188800
20221125,09:26:17,18606.85,450,11188800
20221125,09:26:19,18606.70,250,11176350
20221125,09:26:20,18608.60,200,11176350
20221125,09:26:21,18605.30,400,11176350
20221125,09:26:22,18605.20,200,11176350
20221125,09:26:23,18605.20,750,11176350
20221125,09:26:24,18604.70,50,11176350
20221125,09:26:25,18603.90,1950,11176350
20221125,09:26:26,18603.65,750,11176350
20221125,09:26:27,18604.20,100,11176350
20221125,09:26:28,18604.20,150,11176350
20221125,09:26:29,18604.00,750,11176350
20221125,09:26:30,18603.90,750,11176350
20221125,09:26:31,18604.20,300,11176350
20221125,09:26:32,18603.90,100,11176350
20221125,09:26:33,18603.70,100,11176350
20221125,09:26:34,18603.70,1250,11176350
20221125,09:26:35,18604.20,50,11176350
20221125,09:26:37,18606.20,400,11176350
20221125,09:26:38,18603.70,700,11176350
20221125,09:26:39,18605.20,150,11176350
20221125,09:26:40,18604.20,50,11176350
20221125,09:26:42,18603.70,50,11176350
20221125,09:26:43,18604.70,200,11176350
20221125,09:26:44,18603.70,700,11176350
20221125,09:26:45,18603.70,300,11176350
20221125,09:26:46,18604.70,50,11176350
20221125,09:26:47,18604.70,250,11176350
20221125,09:26:48,18603.70,750,11176350
20221125,09:26:49,18603.00,1950,11176350
20221125,09:26:50,18603.70,300,11176350
20221125,09:26:51,18602.05,150,11176350
20221125,09:26:52,18604.15,850,11176350
20221125,09:26:53,18604.05,50,11176350
20221125,09:26:54,18604.60,300,11176350
20221125,09:26:56,18604.05,150,11176350
20221125,09:26:57,18604.05,300,11176350
20221125,09:26:59,18604.60,250,11176350
20221125,09:26:59,18604.45,50,11176350
20221125,09:27:00,18604.05,250,11176350
20221125,09:27:01,18604.00,1750,11176350
20221125,09:27:02,18603.05,300,11176350
20221125,09:27:03,18602.60,300,11176350
20221125,09:27:04,18601.45,150,11176350
20221125,09:27:05,18603.60,500,11176350
20221125,09:27:06,18601.25,300,11176350
20221125,09:27:08,18602.60,150,11176350
20221125,09:27:09,18602.60,50,11176350
20221125,09:27:10,18602.00,200,11176350
20221125,09:27:11,18602.00,300,11176350
20221125,09:27:12,18602.60,100,11176350
20221125,09:27:13,18602.60,100,11176350
20221125,09:27:14,18602.60,2550,11176350
20221125,09:27:16,18602.05,150,11176350
20221125,09:27:16,18602.00,50,11176350
20221125,09:27:17,18604.00,150,11176350
20221125,09:27:20,18603.10,200,11176350
20221125,09:27:20,18603.10,50,11176350
20221125,09:27:21,18603.10,50,11176350
20221125,09:27:22,18603.10,300,11176350
20221125,09:27:23,18603.10,700,11176350
20221125,09:27:24,18603.10,100,11176350
20221125,09:27:25,18603.10,100,11176350
20221125,09:27:26,18603.10,100,11176350
20221125,09:27:28,18603.10,100,11176350
20221125,09:27:28,18603.00,100,11176350
20221125,09:27:29,18603.80,100,11176350
20221125,09:27:30,18603.75,200,11176350
20221125,09:27:31,18605.00,1050,11176350
20221125,09:27:32,18606.00,450,11176350
20221125,09:27:33,18605.85,150,11176350
20221125,09:27:34,18605.00,100,11176350
20221125,09:27:35,18605.65,100,11176350
20221125,09:27:36,18606.25,150,11176350
20221125,09:27:37,18608.25,950,11176350
20221125,09:27:38,18608.35,300,11176350
20221125,09:27:40,18606.10,100,11176350
20221125,09:27:41,18605.00,2650,11176350
20221125,09:27:42,18605.00,1200,11176350
20221125,09:27:43,18605.00,800,11176350
20221125,09:27:44,18605.00,1450,11176350
20221125,09:27:45,18607.50,450,11176350
20221125,09:27:45,18606.10,200,11176350
20221125,09:27:46,18608.60,650,11176350
20221125,09:27:47,18605.45,800,11176350
20221125,09:27:48,18605.45,50,11176350
20221125,09:27:49,18605.45,200,11176350
20221125,09:27:50,18606.00,600,11176350
20221125,09:27:51,18607.10,300,11176350
20221125,09:27:52,18605.00,100,11176350
20221125,09:27:55,18605.65,350,11176350
20221125,09:27:56,18607.95,200,11176350
20221125,09:27:57,18607.00,250,11176350
20221125,09:27:58,18607.90,500,11176350
20221125,09:27:59,18608.90,550,11176350
20221125,09:28:00,18608.30,300,11176350
20221125,09:28:01,18606.00,350,11176350
20221125,09:28:02,18606.15,350,11176350
20221125,09:28:03,18607.10,300,11176350
20221125,09:28:04,18607.00,150,11176350
20221125,09:28:05,18608.00,2050,11176350
20221125,09:28:06,18608.40,250,11176350
20221125,09:28:07,18608.00,400,11176350
20221125,09:28:08,18605.50,850,11176350
20221125,09:28:09,18607.60,200,11176350
20221125,09:28:13,18606.00,50,11176350
20221125,09:28:14,18607.10,300,11176350
20221125,09:28:15,18608.20,250,11176350
20221125,09:28:16,18608.20,100,11176350
20221125,09:28:18,18607.60,300,11176350
20221125,09:28:19,18607.85,150,11176350
20221125,09:28:20,18607.90,350,11176350
20221125,09:28:21,18607.40,200,11176350
20221125,09:28:23,18607.15,1200,11176350
20221125,09:28:25,18609.50,300,11176350
20221125,09:28:26,18609.50,200,11176350
20221125,09:28:27,18609.20,1050,11176350
20221125,09:28:28,18609.50,700,11176350
20221125,09:28:30,18610.00,1400,11176350
20221125,09:28:31,18610.90,150,11176350
20221125,09:28:32,18610.90,100,11176350
20221125,09:28:34,18610.90,300,11176350
20221125,09:28:34,18610.00,400,11176350
20221125,09:28:36,18611.15,1500,11176350
20221125,09:28:37,18611.65,250,11176350
20221125,09:28:38,18611.00,1000,11176350
20221125,09:28:39,18613.00,50,11176350
20221125,09:28:40,18611.00,2150,11176350
20221125,09:28:41,18612.40,800,11176350
20221125,09:28:42,18612.40,1250,11176350
20221125,09:28:43,18613.20,150,11176350
20221125,09:28:44,18610.90,150,11176350
20221125,09:28:45,18613.95,500,11176350
20221125,09:28:47,18613.95,700,11176350
20221125,09:28:48,18612.95,500,11176350
20221125,09:28:49,18613.95,450,11176350
20221125,09:28:50,18612.40,50,11176350
20221125,09:28:51,18612.05,550,11176350
20221125,09:28:52,18612.10,350,11176350
20221125,09:28:53,18611.50,600,11176350
20221125,09:28:54,18612.90,150,11176350
20221125,09:28:55,18610.00,2700,11176350
20221125,09:28:56,18610.00,150,11176350
20221125,09:28:57,18614.00,900,11176350
20221125,09:28:58,18613.40,300,11176350
20221125,09:29:00,18611.90,250,11176350
20221125,09:29:01,18612.75,650,11176350
20221125,09:29:02,18614.00,400,11176350
20221125,09:29:03,18614.40,400,11176350
20221125,09:29:04,18615.00,450,11176350
20221125,09:29:05,18615.00,350,11176350
20221125,09:29:06,18614.45,150,11176350
20221125,09:29:07,18615.00,1700,11176350
20221125,09:29:08,18615.00,300,11176350
20221125,09:29:09,18615.00,100,11176350
20221125,09:29:10,18613.80,1000,11176350
20221125,09:29:11,18615.00,450,11176350
20221125,09:29:12,18614.65,750,11176350
20221125,09:29:13,18614.65,550,11176350
20221125,09:29:14,18614.65,400,11176350
20221125,09:29:15,18615.00,300,11176350
20221125,09:29:16,18615.00,100,11176350
20221125,09:29:17,18615.10,500,11176350
20221125,09:29:18,18614.70,350,11171600
20221125,09:29:19,18614.70,250,11171600
20221125,09:29:20,18615.35,150,11171600
20221125,09:29:21,18615.80,500,11171600
20221125,09:29:22,18615.80,650,11171600
20221125,09:29:23,18615.75,1450,11171600
20221125,09:29:24,18615.75,650,11171600
20221125,09:29:25,18614.95,350,11171600
20221125,09:29:26,18614.00,1850,11171600
20221125,09:29:28,18612.60,2100,11171600
20221125,09:29:29,18616.00,300,11171600
20221125,09:29:30,18615.50,350,11171600
20221125,09:29:31,18614.00,500,11171600
20221125,09:29:33,18615.00,150,11171600
20221125,09:29:34,18615.00,350,11171600
20221125,09:29:34,18614.05,200,11171600
20221125,09:29:35,18614.05,150,11171600
20221125,09:29:36,18615.00,250,11171600
20221125,09:29:38,18615.00,450,11171600
20221125,09:29:39,18614.60,1650,11171600
20221125,09:29:40,18617.00,600,11171600
20221125,09:29:41,18617.00,1200,11171600
20221125,09:29:43,18616.25,550,11171600
20221125,09:29:44,18617.20,350,11171600
20221125,09:29:45,18617.95,300,11171600
20221125,09:29:46,18616.20,750,11171600
20221125,09:29:47,18616.85,850,11171600
20221125,09:29:48,18616.10,150,11171600
20221125,09:29:50,18618.50,400,11171600
20221125,09:29:51,18617.00,150,11171600
20221125,09:29:52,18618.50,3300,11171600
20221125,09:29:54,18619.00,650,11171600
20221125,09:29:55,18620.00,550,11171600
20221125,09:29:56,18620.00,550,11171600
20221125,09:29:57,18621.80,1300,11171600
20221125,09:29:58,18621.00,100,11171600
20221125,09:29:59,18621.50,2050,11171600
20221125,09:30:00,18621.95,350,11171600
20221125,09:30:01,18618.00,950,11171600
20221125,09:30:02,18618.00,1150,11171600
20221125,09:30:03,18619.30,500,11171600
20221125,09:30:04,18619.95,600,11171600
20221125,09:30:05,18619.95,450,11171600
20221125,09:30:05,18620.00,750,11171600
20221125,09:30:06,18617.05,400,11171600
20221125,09:30:07,18619.70,400,11171600
20221125,09:30:09,18619.70,600,11171600
20221125,09:30:10,18619.70,1200,11171600
20221125,09:30:11,18618.25,3400,11171600
20221125,09:30:12,18619.70,1300,11171600
20221125,09:30:14,18619.70,200,11171600
20221125,09:30:15,18619.70,450,11171600
20221125,09:30:16,18619.50,500,11171600
20221125,09:30:17,18619.50,100,11171600
20221125,09:30:19,18618.00,400,11171600
20221125,09:30:20,18617.90,300,11171600
20221125,09:30:21,18617.50,250,11171600
20221125,09:30:22,18618.55,1200,11171600
20221125,09:30:23,18617.60,500,11171600
20221125,09:30:25,18619.45,550,11171600
20221125,09:30:26,18619.40,100,11171600
20221125,09:30:27,18618.25,50,11171600
20221125,09:30:28,18618.25,200,11171600
20221125,09:30:31,18619.00,250,11171600
20221125,09:30:32,18618.25,800,11171600
20221125,09:30:33,18618.20,550,11171600
20221125,09:30:35,18617.10,1800,11171600
20221125,09:30:36,18619.00,50,11171600
20221125,09:30:37,18619.50,200,11171600
20221125,09:30:38,18619.00,550,11171600
20221125,09:30:40,18619.45,250,11171600
20221125,09:30:41,18619.40,1250,11171600
20221125,09:30:42,18619.50,1450,11171600
20221125,09:30:43,18619.40,100,11171600
20221125,09:30:45,18620.00,550,11171600
20221125,09:30:46,18618.20,450,11171600
20221125,09:30:47,18618.20,100,11171600
20221125,09:30:48,18618.95,250,11171600
20221125,09:30:49,18618.20,650,11171600
20221125,09:30:51,18618.95,100,11171600
20221125,09:30:52,18618.95,400,11171600
20221125,09:30:53,18618.95,100,11171600
20221125,09:30:54,18618.20,250,11171600
20221125,09:30:56,18618.95,150,11171600
20221125,09:30:57,18618.00,100,11171600
20221125,09:30:58,18619.45,950,11171600
20221125,09:30:59,18619.95,350,11171600
20221125,09:31:01,18619.95,1750,11171600
20221125,09:31:02,18619.50,850,11171600
20221125,09:31:03,18620.00,550,11171600
20221125,09:31:04,18619.00,150,11171600
20221125,09:31:05,18619.95,200,11171600
20221125,09:31:06,18620.50,600,11171600
20221125,09:31:07,18619.95,150,11171600
20221125,09:31:08,18619.95,450,11171600
20221125,09:31:09,18621.95,2500,11171600
20221125,09:31:10,18621.20,1600,11171600
20221125,09:31:12,18622.90,200,11171600
20221125,09:31:13,18621.20,350,11171600
20221125,09:31:13,18621.10,100,11171600
20221125,09:31:14,18621.70,300,11171600
20221125,09:31:15,18622.30,300,11171600
20221125,09:31:17,18622.50,200,11171600
20221125,09:31:18,18622.00,50,11171600
20221125,09:31:19,18622.00,800,11171600
20221125,09:31:20,18621.10,350,11171600
20221125,09:31:21,18621.90,600,11171600
20221125,09:31:23,18621.85,250,11171600
20221125,09:31:24,18621.80,100,11171600
20221125,09:31:25,18620.00,700,11171600
20221125,09:31:26,18621.80,150,11171600
20221125,09:31:28,18619.95,600,11171600
20221125,09:31:29,18619.90,400,11171600
20221125,09:31:29,18619.90,100,11171600
20221125,09:31:30,18619.45,200,11171600
20221125,09:31:31,18619.80,550,11171600
20221125,09:31:33,18619.00,350,11171600
20221125,09:31:34,18619.80,150,11171600
20221125,09:31:34,18619.85,500,11171600
20221125,09:31:35,18619.80,1900,11171600
20221125,09:31:36,18619.45,1300,11171600
20221125,09:31:38,18620.80,250,11171600
20221125,09:31:39,18620.95,100,11171600
20221125,09:31:40,18620.95,150,11171600
20221125,09:31:41,18620.95,250,11171600
20221125,09:31:43,18620.95,200,11171600
20221125,09:31:44,18620.80,1100,11171600
20221125,09:31:45,18619.90,400,11171600
20221125,09:31:46,18620.80,250,11171600
20221125,09:31:48,18620.80,150,11171600
20221125,09:31:49,18619.50,50,11171600
20221125,09:31:50,18620.80,300,11171600
20221125,09:31:51,18621.00,250,11171600
20221125,09:31:53,18622.00,1050,11171600
20221125,09:31:54,18622.90,400,11171600
20221125,09:31:55,18622.25,550,11171600
20221125,09:31:56,18624.85,3200,11171600
20221125,09:31:57,18625.00,300,11171600
20221125,09:31:59,18625.00,700,11171600
20221125,09:32:00,18628.00,3500,11171600
20221125,09:32:01,18628.00,250,11171600
20221125,09:32:02,18626.80,400,11171600
20221125,09:32:03,18628.00,250,11171600
20221125,09:32:04,18627.95,600,11171600
20221125,09:32:05,18628.00,250,11171600
20221125,09:32:06,18628.00,150,11171600
20221125,09:32:07,18628.00,400,11171600
20221125,09:32:08,18628.00,350,11171600
20221125,09:32:09,18630.45,5150,11171600
20221125,09:32:10,18633.60,5250,11171600
20221125,09:32:11,18629.80,550,11171600
20221125,09:32:12,18633.20,1250,11171600
20221125,09:32:13,18633.85,500,11171600
20221125,09:32:14,18634.90,2000,11171600
20221125,09:32:15,18633.90,250,11171600
20221125,09:32:16,18634.95,550,11171600
20221125,09:32:17,18635.45,1750,11171600
20221125,09:32:18,18636.00,550,11172200
20221125,09:32:19,18636.80,850,11172200
20221125,09:32:20,18635.65,950,11172200
20221125,09:32:21,18633.80,1500,11172200
20221125,09:32:22,18633.70,850,11172200
20221125,09:32:23,18637.90,2600,11172200
20221125,09:32:24,18637.30,500,11172200
20221125,09:32:25,18633.30,400,11172200
20221125,09:32:26,18635.05,550,11172200
20221125,09:32:27,18635.00,1000,11172200
20221125,09:32:28,18637.75,500,11172200
20221125,09:32:29,18638.00,2250,11172200
20221125,09:32:30,18637.30,5450,11172200
20221125,09:32:31,18636.55,1900,11172200
20221125,09:32:33,18640.00,1250,11172200
20221125,09:32:34,18643.55,9850,11172200
20221125,09:32:35,18645.75,1100,11172200
20221125,09:32:36,18645.50,1000,11172200
20221125,09:32:37,18641.80,850,11172200
20221125,09:32:38,18644.35,750,11172200
20221125,09:32:39,18640.05,1200,11172200
20221125,09:32:40,18640.85,400,11172200
20221125,09:32:41,18644.15,4650,11172200
20221125,09:32:42,18642.65,850,11172200
20221125,09:32:43,18644.05,450,11172200
20221125,09:32:44,18644.00,550,11172200
20221125,09:32:45,18642.00,1550,11172200
20221125,09:32:46,18644.25,700,11172200
20221125,09:32:47,18644.05,150,11172200
20221125,09:32:48,18646.00,3150,11172200
20221125,09:32:49,18647.70,650,11172200
20221125,09:32:50,18649.00,2100,11172200
20221125,09:32:51,18648.00,4550,11172200
20221125,09:32:52,18649.85,1050,11172200
20221125,09:32:53,18647.05,2150,11172200
20221125,09:32:54,18647.00,550,11172200
20221125,09:32:55,18645.05,1150,11172200
20221125,09:32:56,18645.05,1100,11172200
20221125,09:32:57,18645.10,700,11172200
20221125,09:32:58,18645.90,100,11172200
20221125,09:32:59,18644.25,3650,11172200
20221125,09:33:00,18646.50,1200,11172200
20221125,09:33:01,18647.25,2500,11172200
20221125,09:33:02,18646.80,600,11172200
20221125,09:33:03,18646.05,850,11172200
20221125,09:33:04,18648.00,2950,11172200
20221125,09:33:05,18646.60,500,11172200
20221125,09:33:06,18647.80,300,11172200
20221125,09:33:07,18648.45,950,11172200
20221125,09:33:08,18647.95,550,11172200
20221125,09:33:09,18647.95,600,11172200
20221125,09:33:10,18647.70,2050,11172200
20221125,09:33:11,18646.30,1200,11172200
20221125,09:33:12,18644.00,850,11172200
20221125,09:33:13,18644.95,2250,11172200
20221125,09:33:14,18644.10,950,11172200
20221125,09:33:15,18641.75,1300,11172200
20221125,09:33:16,18642.00,500,11172200
20221125,09:33:17,18642.90,50,11172200
20221125,09:33:18,18643.85,2050,11172200
20221125,09:33:18,18641.65,300,11172200
20221125,09:33:19,18641.65,550,11172200
20221125,09:33:20,18641.65,600,11172200
20221125,09:33:21,18638.50,1850,11172200
20221125,09:33:22,18639.15,2500,11172200
20221125,09:33:23,18642.00,200,11172200
20221125,09:33:24,18638.90,200,11172200
20221125,09:33:25,18640.00,1500,11172200
20221125,09:33:26,18641.65,350,11172200
20221125,09:33:27,18639.40,300,11172200
20221125,09:33:28,18638.90,450,11172200
20221125,09:33:29,18638.50,50,11172200
20221125,09:33:30,18639.00,400,11172200
20221125,09:33:31,18638.90,950,11172200
20221125,09:33:32,18638.50,250,11172200
20221125,09:33:33,18638.50,1800,11172200
20221125,09:33:34,18639.40,550,11172200
20221125,09:33:35,18639.40,350,11172200
20221125,09:33:36,18639.00,1350,11172200
20221125,09:33:37,18638.95,200,11172200
20221125,09:33:38,18638.00,1150,11172200
20221125,09:33:39,18639.35,350,11172200
20221125,09:33:41,18638.90,400,11172200
20221125,09:33:42,18639.00,650,11172200
20221125,09:33:43,18638.00,150,11172200
20221125,09:33:44,18635.00,1050,11172200
20221125,09:33:45,18636.70,100,11172200
20221125,09:33:46,18637.35,350,11172200
20221125,09:33:47,18636.05,750,11172200
20221125,09:33:48,18638.00,250,11172200
20221125,09:33:49,18635.00,500,11172200
20221125,09:33:50,18634.65,100,11172200
20221125,09:33:51,18633.70,500,11172200
20221125,09:33:52,18632.90,100,11172200
20221125,09:33:53,18634.50,2250,11172200
20221125,09:33:54,18633.00,650,11172200
20221125,09:33:55,18633.00,700,11172200
20221125,09:33:56,18633.00,600,11172200
20221125,09:33:57,18633.00,450,11172200
20221125,09:33:58,18630.35,1100,11172200
20221125,09:33:59,18633.60,500,11172200
20221125,09:34:00,18633.15,800,11172200
20221125,09:34:01,18631.30,850,11172200
20221125,09:34:02,18630.95,1350,11172200
20221125,09:34:03,18630.10,200,11172200
20221125,09:34:03,18630.05,150,11172200
20221125,09:34:04,18628.75,1800,11172200
20221125,09:34:06,18626.00,1200,11172200
20221125,09:34:06,18628.30,1150,11172200
20221125,09:34:07,18625.10,300,11172200
20221125,09:34:08,18625.75,2050,11172200
20221125,09:34:09,18625.00,300,11172200
20221125,09:34:10,18622.60,550,11172200
20221125,09:34:11,18623.00,800,11172200
20221125,09:34:12,18622.95,250,11172200
20221125,09:34:13,18621.80,950,11172200
20221125,09:34:14,18620.05,1300,11172200
20221125,09:34:15,18620.00,850,11172200
20221125,09:34:16,18619.00,500,11172200
20221125,09:34:17,18617.05,900,11172200
20221125,09:34:18,18617.55,850,11172200
20221125,09:34:19,18617.05,400,11172200
20221125,09:34:20,18618.10,400,11172200
20221125,09:34:21,18614.80,1800,11172200
20221125,09:34:22,18613.00,1500,11172200
20221125,09:34:23,18614.80,500,11172200
20221125,09:34:24,18619.55,550,11172200
20221125,09:34:25,18620.00,700,11172200
20221125,09:34:26,18618.55,500,11172200
20221125,09:34:27,18620.00,850,11172200
20221125,09:34:28,18617.45,950,11172200
20221125,09:34:29,18619.10,300,11172200
20221125,09:34:30,18617.15,150,11172200
20221125,09:34:31,18618.80,1000,11172200
20221125,09:34:32,18615.00,650,11172200
20221125,09:34:33,18614.75,850,11172200
20221125,09:34:34,18615.00,700,11172200
20221125,09:34:35,18615.20,550,11172200
20221125,09:34:36,18615.85,350,11172200
20221125,09:34:37,18613.00,700,11172200
20221125,09:34:38,18612.70,550,11172200
20221125,09:34:39,18612.60,1150,11172200
20221125,09:34:41,18612.10,750,11172200
20221125,09:34:42,18613.80,200,11172200
20221125,09:34:43,18615.00,200,11172200
20221125,09:34:44,18615.50,1100,11172200
20221125,09:34:45,18614.60,2100,11172200
20221125,09:34:46,18613.55,750,11172200
20221125,09:34:47,18612.90,750,11172200
20221125,09:34:48,18613.80,850,11172200
20221125,09:34:49,18612.05,1300,11172200
20221125,09:34:50,18612.50,750,11172200
20221125,09:34:51,18611.15,300,11172200
20221125,09:34:52,18613.00,1500,11172200
20221125,09:34:53,18610.25,100,11172200
20221125,09:34:54,18610.10,1350,11172200
20221125,09:34:55,18610.00,400,11172200
20221125,09:34:55,18610.25,300,11172200
20221125,09:34:56,18611.60,350,11172200
20221125,09:34:57,18610.00,800,11172200
20221125,09:34:59,18610.00,1800,11172200
20221125,09:35:00,18609.00,400,11172200
20221125,09:35:01,18609.85,3300,11172200
20221125,09:35:02,18610.25,1050,11172200
20221125,09:35:03,18612.00,1050,11172200
20221125,09:35:04,18607.00,750,11172200
20221125,09:35:05,18608.90,750,11172200
20221125,09:35:06,18609.55,1000,11172200
20221125,09:35:07,18606.85,600,11172200
20221125,09:35:08,18609.20,400,11172200
20221125,09:35:09,18607.00,100,11172200
20221125,09:35:10,18609.40,950,11172200
20221125,09:35:11,18609.85,800,11172200
20221125,09:35:12,18608.30,800,11172200
20221125,09:35:12,18607.10,250,11172200
20221125,09:35:13,18608.30,1200,11172200
20221125,09:35:14,18609.60,800,11172200
20221125,09:35:15,18606.15,850,11172200
20221125,09:35:16,18608.70,550,11172200
20221125,09:35:17,18606.35,1650,11172200
20221125,09:35:19,18608.20,2050,11170300
20221125,09:35:20,18607.85,200,11170300
20221125,09:35:21,18606.15,250,11170300
20221125,09:35:22,18607.70,850,11170300
20221125,09:35:23,18605.60,1300,11170300
20221125,09:35:24,18605.60,800,11170300
20221125,09:35:25,18606.50,1000,11170300
20221125,09:35:26,18605.00,1050,11170300
20221125,09:35:27,18605.10,750,11170300
20221125,09:35:28,18604.80,1900,11170300
20221125,09:35:29,18605.00,650,11170300
20221125,09:35:31,18605.00,650,11170300
20221125,09:35:32,18605.45,200,11170300
20221125,09:35:33,18606.60,950,11170300
20221125,09:35:34,18603.00,700,11170300
20221125,09:35:35,18604.05,150,11170300
20221125,09:35:36,18602.00,3850,11170300
20221125,09:35:37,18600.00,8500,11170300
20221125,09:35:38,18598.50,4300,11170300
20221125,09:35:39,18597.05,1700,11170300
20221125,09:35:40,18596.85,1750,11170300
20221125,09:35:41,18591.15,8200,11170300
20221125,09:35:42,18592.25,550,11170300
20221125,09:35:43,18594.80,600,11170300
20221125,09:35:44,18594.05,2600,11170300
20221125,09:35:45,18597.35,400,11170300
20221125,09:35:46,18595.60,450,11170300
20221125,09:35:46,18595.60,50,11170300
20221125,09:35:48,18599.15,550,11170300
20221125,09:35:49,18595.80,1050,11170300
20221125,09:35:50,18596.35,1050,11170300
20221125,09:35:51,18595.70,700,11170300
20221125,09:35:52,18593.45,1550,11170300
20221125,09:35:53,18592.95,550,11170300
20221125,09:35:54,18595.35,450,11170300
20221125,09:35:55,18593.70,1150,11170300
20221125,09:35:55,18591.00,600,11170300
20221125,09:35:56,18590.25,1450,11170300
20221125,09:35:57,18590.10,1400,11170300
20221125,09:35:58,18590.10,1250,11170300
20221125,09:35:59,18591.20,300,11170300
20221125,09:36:00,18591.70,600,11170300
20221125,09:36:01,18593.40,6150,11170300
20221125,09:36:02,18590.55,750,11170300
20221125,09:36:03,18591.45,550,11170300
20221125,09:36:05,18593.00,500,11170300
20221125,09:36:06,18593.35,650,11170300
20221125,09:36:07,18595.00,1000,11170300
20221125,09:36:08,18591.65,300,11170300
20221125,09:36:09,18591.10,350,11170300
20221125,09:36:10,18593.40,350,11170300
20221125,09:36:11,18591.50,2950,11170300
20221125,09:36:12,18592.40,600,11170300
20221125,09:36:13,18593.75,1050,11170300
20221125,09:36:14,18591.50,1150,11170300
20221125,09:36:15,18592.45,400,11170300
20221125,09:36:16,18594.80,100,11170300
20221125,09:36:17,18595.00,450,11170300
20221125,09:36:18,18595.00,1600,11170300
20221125,09:36:19,18593.35,1650,11170300
20221125,09:36:20,18593.50,850,11170300
20221125,09:36:21,18594.85,250,11170300
20221125,09:36:22,18594.35,150,11170300
20221125,09:36:23,18593.05,350,11170300
20221125,09:36:24,18594.55,150,11170300
20221125,09:36:25,18594.55,950,11170300
20221125,09:36:26,18595.75,7650,11170300
20221125,09:36:27,18595.40,2000,11170300
20221125,09:36:28,18596.35,100,11170300
20221125,09:36:29,18596.95,250,11170300
20221125,09:36:30,18596.95,50,11170300
20221125,09:36:31,18596.95,1150,11170300
20221125,09:36:32,18596.95,50,11170300
20221125,09:36:33,18598.50,100,11170300
20221125,09:36:34,18598.10,50,11170300
20221125,09:36:35,18597.20,450,11170300
20221125,09:36:36,18597.00,150,11170300
20221125,09:36:37,18596.95,350,11170300
20221125,09:36:38,18596.95,550,11170300
20221125,09:36:39,18595.45,2300,11170300
20221125,09:36:40,18595.45,700,11170300
20221125,09:36:41,18595.90,700,11170300
20221125,09:36:42,18595.40,250,11170300
20221125,09:36:43,18595.85,550,11170300
20221125,09:36:44,18595.00,350,11170300
20221125,09:36:45,18594.20,1500,11170300
20221125,09:36:46,18594.15,900,11170300
20221125,09:36:47,18593.70,500,11170300
20221125,09:36:48,18594.50,450,11170300
20221125,09:36:49,18594.50,150,11170300
20221125,09:36:50,18594.00,1900,11170300
20221125,09:36:51,18594.00,450,11170300
20221125,09:36:52,18596.20,400,11170300
20221125,09:36:53,18595.85,150,11170300
20221125,09:36:54,18594.50,250,11170300
20221125,09:36:55,18595.85,750,11170300
20221125,09:36:56,18597.00,350,11170300
20221125,09:36:57,18597.20,400,11170300
20221125,09:36:58,18595.80,200,11170300
20221125,09:36:59,18595.00,250,11170300
20221125,09:37:00,18594.95,200,11170300
20221125,09:37:01,18593.10,600,11170300
20221125,09:37:02,18593.55,1650,11170300
20221125,09:37:03,18592.00,1400,11170300
20221125,09:37:04,18592.90,700,11170300
20221125,09:37:05,18593.90,400,11170300
20221125,09:37:06,18592.35,50,11170300
20221125,09:37:07,18593.25,500,11170300
20221125,09:37:08,18593.25,1800,11170300
20221125,09:37:09,18591.00,1950,11170300
20221125,09:37:10,18594.10,100,11170300
20221125,09:37:11,18590.10,2300,11170300
20221125,09:37:12,18591.85,1550,11170300
20221125,09:37:13,18590.00,4250,11170300
20221125,09:37:14,18590.05,950,11170300
20221125,09:37:15,18590.00,200,11170300
20221125,09:37:16,18590.00,1950,11170300
20221125,09:37:17,18590.00,100,11170300
20221125,09:37:18,18591.30,350,11170300
20221125,09:37:19,18591.55,750,11170300
20221125,09:37:20,18591.55,300,11170300
20221125,09:37:22,18591.60,150,11170300
20221125,09:37:23,18590.10,1850,11170300
20221125,09:37:24,18591.60,450,11170300
20221125,09:37:25,18591.65,1100,11170300
20221125,09:37:26,18594.90,650,11170300
20221125,09:37:27,18594.35,350,11170300
20221125,09:37:28,18593.00,300,11170300
20221125,09:37:29,18592.40,900,11170300
20221125,09:37:30,18592.40,50,11170300
20221125,09:37:31,18592.40,1800,11170300
20221125,09:37:32,18593.00,200,11170300
20221125,09:37:33,18595.30,1150,11170300
20221125,09:37:34,18595.40,1950,11170300
20221125,09:37:35,18598.55,150,11170300
20221125,09:37:36,18595.85,800,11170300
20221125,09:37:37,18599.00,850,11170300
20221125,09:37:38,18595.25,150,11170300
20221125,09:37:39,18595.25,150,11170300
20221125,09:37:40,18595.25,50,11170300
20221125,09:37:41,18597.25,1000,11170300
20221125,09:37:42,18595.70,200,11170300
20221125,09:37:43,18597.90,50,11170300
20221125,09:37:44,18595.25,1150,11170300
20221125,09:37:45,18597.25,50,11170300
20221125,09:37:47,18596.00,100,11170300
20221125,09:37:49,18596.15,100,11170300
20221125,09:37:50,18595.25,100,11170300
20221125,09:37:51,18595.15,50,11170300
20221125,09:37:52,18595.00,500,11170300
20221125,09:37:53,18596.00,500,11170300
20221125,09:37:54,18595.00,150,11170300
20221125,09:37:55,18595.15,750,11170300
20221125,09:37:56,18596.05,150,11170300
20221125,09:37:57,18595.00,250,11170300
20221125,09:37:58,18595.25,1850,11170300
20221125,09:38:00,18596.05,550,11170300
20221125,09:38:01,18595.40,850,11170300
20221125,09:38:02,18594.80,50,11170300
20221125,09:38:03,18594.60,1000,11170300
20221125,09:38:04,18594.85,50,11170300
20221125,09:38:05,18598.00,150,11170300
20221125,09:38:06,18596.00,150,11170300
20221125,09:38:07,18595.05,250,11170300
20221125,09:38:08,18595.35,1100,11170300
20221125,09:38:09,18598.00,800,11170300
20221125,09:38:10,18596.95,400,11170300
20221125,09:38:11,18596.45,350,11170300
20221125,09:38:13,18598.00,100,11170300
20221125,09:38:15,18598.00,400,11170300
20221125,09:38:17,18597.00,1050,11170300
20221125,09:38:18,18595.25,250,11170300
20221125,09:38:19,18596.65,250,11170300
20221125,09:38:20,18596.15,700,11163050
20221125,09:38:21,18596.00,150,11163050
20221125,09:38:22,18596.55,1000,11163050
20221125,09:38:23,18596.10,50,11163050
20221125,09:38:24,18596.00,100,11163050
20221125,09:38:25,18595.50,300,11163050
20221125,09:38:27,18594.90,650,11163050
20221125,09:38:27,18594.90,550,11163050
20221125,09:38:28,18595.60,800,11163050
20221125,09:38:29,18595.25,1950,11163050
20221125,09:38:30,18595.70,100,11163050
20221125,09:38:31,18595.60,200,11163050
20221125,09:38:32,18595.30,300,11163050
20221125,09:38:34,18595.20,600,11163050
20221125,09:38:35,18597.75,50,11163050
20221125,09:38:36,18597.75,150,11163050
20221125,09:38:38,18597.75,300,11163050
20221125,09:38:38,18597.90,600,11163050
20221125,09:38:39,18596.20,550,11163050
20221125,09:38:40,18598.45,350,11163050
20221125,09:38:41,18597.75,250,11163050
20221125,09:38:42,18599.75,150,11163050
20221125,09:38:43,18599.55,100,11163050
20221125,09:38:44,18599.75,150,11163050
20221125,09:38:45,18598.00,50,11163050
20221125,09:38:46,18598.00,1100,11163050
20221125,09:38:48,18597.80,350,11163050
20221125,09:38:49,18595.00,900,11163050
20221125,09:38:50,18595.15,50,11163050
20221125,09:38:51,18597.95,950,11163050
20221125,09:38:52,18597.90,300,11163050
20221125,09:38:54,18596.25,150,11163050
20221125,09:38:55,18597.80,200,11163050
20221125,09:38:56,18597.80,250,11163050
20221125,09:38:57,18596.50,300,11163050
20221125,09:38:58,18597.75,100,11163050
20221125,09:39:01,18595.80,800,11163050
20221125,09:39:02,18595.20,900,11163050
20221125,09:39:03,18594.90,750,11163050
20221125,09:39:04,18594.00,350,11163050
20221125,09:39:05,18594.00,850,11163050
20221125,09:39:05,18593.00,150,11163050
20221125,09:39:07,18593.00,850,11163050
20221125,09:39:08,18592.00,850,11163050
20221125,09:39:09,18593.00,600,11163050
20221125,09:39:10,18592.95,1050,11163050
20221125,09:39:11,18592.00,750,11163050
20221125,09:39:12,18592.05,900,11163050
20221125,09:39:13,18591.30,400,11163050
20221125,09:39:14,18591.00,1100,11163050
20221125,09:39:15,18591.55,1200,11163050
20221125,09:39:16,18593.00,50,11163050
20221125,09:39:16,18592.40,100,11163050
20221125,09:39:17,18593.00,100,11163050
20221125,09:39:18,18594.95,100,11163050
20221125,09:39:19,18593.30,50,11163050
20221125,09:39:20,18594.95,900,11163050
20221125,09:39:21,18595.00,850,11163050
20221125,09:39:22,18595.05,200,11163050
20221125,09:39:23,18595.20,200,11163050
20221125,09:39:24,18595.05,50,11163050
20221125,09:39:26,18596.95,50,11163050
20221125,09:39:27,18597.95,250,11163050
20221125,09:39:28,18596.85,200,11163050
20221125,09:39:29,18596.85,100,11163050
20221125,09:39:30,18599.95,1700,11163050
20221125,09:39:31,18598.00,50,11163050
20221125,09:39:32,18600.00,350,11163050
20221125,09:39:33,18603.70,3000,11163050
20221125,09:39:34,18603.40,1500,11163050
20221125,09:39:35,18603.00,750,11163050
20221125,09:39:36,18600.10,1700,11163050
20221125,09:39:37,18599.60,150,11163050
20221125,09:39:38,18600.65,250,11163050
20221125,09:39:39,18598.35,450,11163050
20221125,09:39:40,18598.45,300,11163050
20221125,09:39:41,18600.15,200,11163050
20221125,09:39:42,18600.65,150,11163050
20221125,09:39:43,18598.65,50,11163050
20221125,09:39:44,18600.60,100,11163050
20221125,09:39:45,18600.65,800,11163050
20221125,09:39:46,18600.35,150,11163050
20221125,09:39:47,18601.95,350,11163050
20221125,09:39:48,18600.00,50,11163050
20221125,09:39:49,18600.10,650,11163050
20221125,09:39:50,18600.30,700,11163050
20221125,09:39:51,18603.00,950,11163050
20221125,09:39:52,18602.00,400,11163050
20221125,09:39:53,18601.60,50,11163050
20221125,09:39:54,18602.00,50,11163050
20221125,09:39:56,18602.00,950,11163050
20221125,09:39:57,18603.70,1600,11163050
20221125,09:39:58,18602.00,450,11163050
20221125,09:39:59,18602.90,450,11163050
20221125,09:40:00,18603.60,200,11163050
20221125,09:40:01,18603.00,300,11163050
20221125,09:40:02,18603.70,1800,11163050
20221125,09:40:04,18602.00,200,11163050
20221125,09:40:05,18602.25,1150,11163050
20221125,09:40:06,18599.25,1750,11163050
20221125,09:40:07,18600.35,550,11163050
20221125,09:40:08,18599.00,150,11163050
20221125,09:40:09,18599.60,250,11163050
20221125,09:40:11,18601.00,100,11163050
20221125,09:40:12,18600.60,200,11163050
20221125,09:40:13,18601.20,350,11163050
20221125,09:40:14,18603.00,250,11163050
20221125,09:40:15,18603.00,300,11163050
20221125,09:40:16,18603.00,250,11163050
20221125,09:40:17,18601.80,100,11163050
20221125,09:40:18,18603.70,200,11163050
20221125,09:40:19,18601.40,50,11163050
20221125,09:40:20,18601.80,200,11163050
20221125,09:40:23,18601.70,200,11163050
20221125,09:40:23,18603.00,500,11163050
20221125,09:40:24,18602.80,50,11163050
20221125,09:40:25,18603.85,150,11163050
20221125,09:40:26,18602.70,150,11163050
20221125,09:40:27,18603.20,400,11163050
20221125,09:40:28,18601.65,450,11163050
20221125,09:40:29,18601.55,550,11163050
20221125,09:40:30,18601.50,250,11163050
20221125,09:40:31,18602.20,50,11163050
20221125,09:40:32,18602.20,50,11163050
20221125,09:40:33,18602.20,250,11163050
20221125,09:40:34,18602.20,50,11163050
20221125,09:40:35,18602.20,150,11163050
20221125,09:40:37,18602.80,1100,11163050
20221125,09:40:38,18601.35,200,11163050
20221125,09:40:40,18600.70,400,11163050
20221125,09:40:41,18600.00,1150,11163050
20221125,09:40:42,18599.00,600,11163050
20221125,09:40:43,18598.70,2550,11163050
20221125,09:40:44,18595.70,100,11163050
20221125,09:40:45,18598.05,950,11163050
20221125,09:40:47,18598.15,200,11163050
20221125,09:40:49,18598.05,150,11163050
20221125,09:40:51,18597.60,250,11163050
20221125,09:40:52,18598.00,150,11163050
20221125,09:40:53,18598.00,50,11163050
20221125,09:40:54,18598.15,250,11163050
20221125,09:40:55,18598.15,150,11163050
20221125,09:40:57,18598.20,300,11163050
20221125,09:40:58,18598.00,500,11163050
20221125,09:40:59,18598.05,2400,11163050
20221125,09:41:00,18596.40,250,11163050
20221125,09:41:02,18595.00,500,11163050
20221125,09:41:03,18596.45,350,11163050
20221125,09:41:04,18596.50,500,11163050
20221125,09:41:05,18596.50,150,11163050
20221125,09:41:06,18596.45,150,11163050
20221125,09:41:09,18596.45,100,11163050
20221125,09:41:10,18597.20,100,11163050
20221125,09:41:11,18597.60,50,11163050
20221125,09:41:12,18597.60,100,11163050
20221125,09:41:13,18597.00,100,11163050
20221125,09:41:14,18596.40,1150,11163050
20221125,09:41:16,18595.00,200,11163050
20221125,09:41:17,18596.40,150,11163050
20221125,09:41:18,18595.00,50,11163050
20221125,09:41:20,18595.35,150,11176200
20221125,09:41:21,18595.00,250,11176200
20221125,09:41:22,18595.90,150,11176200
20221125,09:41:23,18593.30,1650,11176200
20221125,09:41:24,18594.05,100,11176200
20221125,09:41:25,18593.35,300,11176200
20221125,09:41:26,18592.00,1000,11176200
20221125,09:41:27,18591.95,200,11176200
20221125,09:41:28,18591.05,50,11176200
20221125,09:41:29,18592.00,300,11176200
20221125,09:41:30,18591.45,150,11176200
20221125,09:41:31,18591.45,250,11176200
20221125,09:41:33,18591.45,150,11176200
20221125,09:41:34,18591.45,100,11176200
20221125,09:41:35,18593.35,150,11176200
20221125,09:41:37,18591.80,350,11176200
20221125,09:41:39,18591.65,100,11176200
20221125,09:41:41,18593.95,100,11176200
20221125,09:41:42,18594.25,50,11176200
20221125,09:41:43,18593.45,100,11176200
20221125,09:41:45,18594.15,250,11176200
20221125,09:41:47,18594.25,50,11176200
20221125,09:41:48,18593.45,50,11176200
20221125,09:41:49,18594.15,1350,11176200
20221125,09:41:50,18593.70,100,11176200
20221125,09:41:51,18595.00,1650,11176200
20221125,09:41:52,18593.60,50,11176200
20221125,09:41:53,18595.00,50,11176200
20221125,09:41:54,18595.15,200,11176200
20221125,09:41:55,18595.60,50,11176200
20221125,09:41:56,18596.00,150,11176200
20221125,09:41:57,18596.00,1650,11176200
20221125,09:41:58,18596.50,100,11176200
20221125,09:41:59,18597.60,200,11176200
20221125,09:42:00,18597.80,250,11176200
20221125,09:42:01,18599.00,200,11176200
20221125,09:42:02,18599.10,200,11176200
20221125,09:42:03,18596.25,400,11176200
20221125,09:42:04,18597.40,200,11176200
20221125,09:42:05,18597.90,200,11176200
20221125,09:42:07,18599.00,450,11176200
20221125,09:42:08,18599.00,200,11176200
20221125,09:42:09,18595.25,250,11176200
20221125,09:42:10,18598.15,250,11176200
20221125,09:42:11,18596.70,100,11176200
20221125,09:42:13,18595.00,300,11176200
20221125,09:42:14,18595.35,500,11176200
20221125,09:42:15,18594.00,150,11176200
20221125,09:42:16,18594.00,450,11176200
20221125,09:42:17,18596.50,50,11176200
20221125,09:42:18,18596.50,1500,11176200
20221125,09:42:19,18597.30,150,11176200
20221125,09:42:21,18596.60,100,11176200
20221125,09:42:22,18597.40,100,11176200
20221125,09:42:23,18598.20,300,11176200
20221125,09:42:25,18598.65,1550,11176200
20221125,09:42:26,18597.90,250,11176200
20221125,09:42:27,18597.65,50,11176200
20221125,09:42:28,18598.95,100,11176200
20221125,09:42:29,18598.40,7300,11176200
20221125,09:42:30,18598.40,200,11176200
20221125,09:42:31,18597.65,850,11176200
20221125,09:42:32,18595.05,350,11176200
20221125,09:42:33,18595.00,1550,11176200
20221125,09:42:34,18595.00,100,11176200
20221125,09:42:35,18596.90,50,11176200
20221125,09:42:36,18596.80,50,11176200
20221125,09:42:38,18597.05,150,11176200
20221125,09:42:40,18597.70,50,11176200
20221125,09:42:41,18597.05,450,11176200
20221125,09:42:42,18597.05,500,11176200
20221125,09:42:43,18596.95,600,11176200
20221125,09:42:44,18597.70,200,11176200
20221125,09:42:45,18597.00,50,11176200
20221125,09:42:46,18596.05,300,11176200
20221125,09:42:47,18597.25,250,11176200
20221125,09:42:48,18597.00,50,11176200
20221125,09:42:49,18597.00,150,11176200
20221125,09:42:52,18596.05,100,11176200
20221125,09:42:53,18597.00,400,11176200
20221125,09:42:54,18598.00,150,11176200
20221125,09:42:55,18598.90,100,11176200
20221125,09:42:56,18598.00,150,11176200
20221125,09:42:58,18598.75,100,11176200
20221125,09:42:59,18599.00,100,11176200
20221125,09:43:00,18599.00,200,11176200
20221125,09:43:01,18599.00,550,11176200
20221125,09:43:02,18602.00,950,11176200
20221125,09:43:03,18600.75,50,11176200
20221125,09:43:04,18600.50,650,11176200
20221125,09:43:05,18601.05,450,11176200
20221125,09:43:06,18603.15,550,11176200
20221125,09:43:07,18602.15,850,11176200
20221125,09:43:09,18600.00,350,11176200
20221125,09:43:10,18600.80,850,11176200
20221125,09:43:11,18599.00,300,11176200
20221125,09:43:12,18599.00,1200,11176200
20221125,09:43:13,18600.10,250,11176200
20221125,09:43:14,18599.00,250,11176200
20221125,09:43:15,18599.00,100,11176200
20221125,09:43:16,18600.15,100,11176200
20221125,09:43:17,18599.40,200,11176200
20221125,09:43:18,18600.15,50,11176200
20221125,09:43:19,18600.00,400,11176200
20221125,09:43:20,18599.00,50,11176200
20221125,09:43:22,18599.00,300,11176200
20221125,09:43:23,18599.00,50,11176200
20221125,09:43:25,18600.00,50,11176200
20221125,09:43:26,18600.00,200,11176200
20221125,09:43:27,18600.00,150,11176200
20221125,09:43:28,18601.20,650,11176200
20221125,09:43:29,18601.25,200,11176200
20221125,09:43:30,18603.00,1200,11176200
20221125,09:43:31,18602.50,300,11176200
20221125,09:43:33,18604.95,100,11176200
20221125,09:43:34,18600.50,200,11176200
20221125,09:43:35,18600.50,50,11176200
20221125,09:43:36,18600.00,1300,11176200
20221125,09:43:37,18600.00,650,11176200
20221125,09:43:38,18599.70,100,11176200
20221125,09:43:39,18598.10,600,11176200
20221125,09:43:41,18598.00,1200,11176200
20221125,09:43:42,18598.00,50,11176200
20221125,09:43:44,18597.00,100,11176200
20221125,09:43:45,18597.00,100,11176200
20221125,09:43:46,18597.10,150,11176200
20221125,09:43:47,18597.00,450,11176200
20221125,09:43:48,18596.25,2350,11176200
20221125,09:43:50,18596.30,50,11176200
20221125,09:43:51,18597.35,200,11176200
20221125,09:43:52,18599.10,50,11176200
20221125,09:43:54,18599.50,200,11176200
20221125,09:43:57,18599.85,2200,11176200
20221125,09:43:58,18599.90,350,11176200
20221125,09:43:59,18597.10,300,11176200
20221125,09:44:01,18597.90,100,11176200
20221125,09:44:02,18597.85,150,11176200
20221125,09:44:03,18597.10,50,11176200
20221125,09:44:04,18599.95,650,11176200
20221125,09:44:05,18597.10,200,11176200
20221125,09:44:06,18599.00,50,11176200
20221125,09:44:07,18599.00,50,11176200
20221125,09:44:09,18598.00,600,11176200
20221125,09:44:10,18598.00,200,11176200
20221125,09:44:12,18597.95,250,11176200
20221125,09:44:13,18597.10,250,11176200
20221125,09:44:14,18598.00,100,11176200
20221125,09:44:15,18597.80,50,11176200
20221125,09:44:17,18597.55,50,11176200
20221125,09:44:18,18597.75,200,11176200
20221125,09:44:19,18597.10,200,11176200
20221125,09:44:19,18599.90,550,11176200
20221125,09:44:20,18598.65,50,11157050
20221125,09:44:21,18597.80,100,11157050
20221125,09:44:22,18597.55,150,11157050
20221125,09:44:24,18597.80,150,11157050
20221125,09:44:25,18597.10,150,11157050
20221125,09:44:26,18597.00,350,11157050
20221125,09:44:27,18597.00,350,11157050
20221125,09:44:28,18597.00,100,11157050
20221125,09:44:29,18597.00,400,11157050
20221125,09:44:31,18597.40,150,11157050
20221125,09:44:32,18597.80,250,11157050
20221125,09:44:33,18597.80,200,11157050
20221125,09:44:34,18597.40,100,11157050
20221125,09:44:35,18597.80,200,11157050
20221125,09:44:37,18597.30,200,11157050
20221125,09:44:38,18597.10,150,11157050
20221125,09:44:39,18597.00,50,11157050
20221125,09:44:40,18598.00,250,11157050
20221125,09:44:41,18598.00,150,11157050
20221125,09:44:42,18598.00,50,11157050
20221125,09:44:43,18598.00,250,11157050
20221125,09:44:44,18598.00,300,11157050
20221125,09:44:44,18598.00,50,11157050
20221125,09:44:45,18597.95,900,11157050
20221125,09:44:48,18597.00,50,11157050
20221125,09:44:49,18597.95,100,11157050
20221125,09:44:51,18597.45,100,11157050
20221125,09:44:52,18597.85,100,11157050
20221125,09:44:54,18596.35,250,11157050
20221125,09:44:55,18597.10,50,11157050
20221125,09:44:56,18597.45,50,11157050
20221125,09:44:57,18597.00,300,11157050
20221125,09:44:58,18596.30,100,11157050
20221125,09:45:00,18596.25,100,11157050
20221125,09:45:00,18596.80,200,11157050
20221125,09:45:01,18595.00,550,11157050
20221125,09:45:03,18596.00,50,11157050
20221125,09:45:04,18596.00,300,11157050
20221125,09:45:05,18596.00,50,11157050
20221125,09:45:06,18595.10,150,11157050
20221125,09:45:07,18598.90,3000,11157050
20221125,09:45:08,18598.95,850,11157050
20221125,09:45:09,18597.95,50,11157050
20221125,09:45:10,18598.90,100,11157050
20221125,09:45:11,18598.85,350,11157050
20221125,09:45:12,18597.30,200,11157050
20221125,09:45:14,18597.90,350,11157050
20221125,09:45:15,18596.85,50,11157050
20221125,09:45:16,18597.20,50,11157050
20221125,09:45:17,18597.90,300,11157050
20221125,09:45:18,18597.00,150,11157050
20221125,09:45:19,18597.75,700,11157050
20221125,09:45:20,18596.55,150,11157050
20221125,09:45:21,18595.30,50,11157050
20221125,09:45:23,18595.30,350,11157050
20221125,09:45:24,18594.75,1700,11157050
20221125,09:45:25,18594.20,150,11157050
20221125,09:45:26,18592.30,600,11157050
20221125,09:45:27,18592.00,50,11157050
20221125,09:45:28,18591.00,1250,11157050
20221125,09:45:29,18590.30,800,11157050
20221125,09:45:30,18590.95,3050,11157050
20221125,09:45:31,18592.50,250,11157050
20221125,09:45:32,18591.00,350,11157050
20221125,09:45:33,18590.65,100,11157050
20221125,09:45:34,18590.40,250,11157050
20221125,09:45:36,18591.00,600,11157050
20221125,09:45:37,18590.30,400,11157050
20221125,09:45:38,18591.20,450,11157050
20221125,09:45:39,18591.40,250,11157050
20221125,09:45:40,18590.55,150,11157050
20221125,09:45:41,18590.10,450,11157050
20221125,09:45:41,18591.70,400,11157050
20221125,09:45:43,18592.05,450,11157050
20221125,09:45:44,18592.80,250,11157050
20221125,09:45:45,18592.00,50,11157050
20221125,09:45:46,18590.65,450,11157050
20221125,09:45:47,18590.45,250,11157050
20221125,09:45:48,18591.00,250,11157050
20221125,09:45:48,18590.90,100,11157050
20221125,09:45:50,18590.40,200,11157050
20221125,09:45:51,18590.45,200,11157050
20221125,09:45:52,18590.50,50,11157050
20221125,09:45:53,18592.00,400,11157050
20221125,09:45:54,18592.40,250,11157050
20221125,09:45:56,18594.05,550,11157050
20221125,09:45:57,18593.75,250,11157050
20221125,09:45:58,18593.15,150,11157050
20221125,09:45:59,18593.00,150,11157050
20221125,09:46:00,18593.50,200,11157050
20221125,09:46:02,18591.60,450,11157050
20221125,09:46:03,18591.00,50,11157050
20221125,09:46:04,18592.00,150,11157050
20221125,09:46:05,18593.20,200,11157050
20221125,09:46:06,18593.00,900,11157050
20221125,09:46:07,18593.65,50,11157050
20221125,09:46:08,18594.00,50,11157050
20221125,09:46:10,18595.15,1350,11157050
20221125,09:46:11,18596.50,50,11157050
20221125,09:46:12,18597.50,350,11157050
20221125,09:46:14,18597.35,150,11157050
20221125,09:46:15,18597.80,150,11157050
20221125,09:46:16,18597.80,150,11157050
20221125,09:46:17,18599.40,350,11157050
20221125,09:46:18,18599.35,350,11157050
20221125,09:46:19,18599.45,700,11157050
20221125,09:46:20,18599.40,1150,11157050
20221125,09:46:21,18597.35,150,11157050
20221125,09:46:22,18597.35,50,11157050
20221125,09:46:23,18596.80,300,11157050
20221125,09:46:24,18597.10,150,11157050
20221125,09:46:25,18600.00,250,11157050
20221125,09:46:26,18596.80,100,11157050
20221125,09:46:27,18596.75,50,11157050
20221125,09:46:29,18596.45,100,11157050
20221125,09:46:31,18599.40,550,11157050
20221125,09:46:32,18597.05,150,11157050
20221125,09:46:33,18596.25,250,11157050
20221125,09:46:34,18596.40,50,11157050
20221125,09:46:35,18597.55,100,11157050
20221125,09:46:36,18599.20,150,11157050
20221125,09:46:37,18596.85,250,11157050
20221125,09:46:38,18599.00,100,11157050
20221125,09:46:39,18598.75,300,11157050
20221125,09:46:40,18596.65,150,11157050
20221125,09:46:42,18596.55,50,11157050
20221125,09:46:43,18598.55,100,11157050
20221125,09:46:46,18597.80,100,11157050
20221125,09:46:47,18598.20,1250,11157050
20221125,09:46:48,18600.10,150,11157050
20221125,09:46:49,18598.15,100,11157050
20221125,09:46:50,18600.25,1000,11157050
20221125,09:46:51,18600.65,850,11157050
20221125,09:46:52,18600.45,50,11157050
20221125,09:46:53,18600.75,900,11157050
20221125,09:46:54,18600.00,100,11157050
20221125,09:46:55,18601.75,200,11157050
20221125,09:46:56,18601.95,650,11157050
20221125,09:46:57,18601.25,150,11157050
20221125,09:46:58,18598.70,350,11157050
20221125,09:46:59,18598.70,150,11157050
20221125,09:47:00,18601.55,150,11157050
20221125,09:47:01,18600.00,950,11157050
20221125,09:47:03,18602.00,100,11157050
20221125,09:47:06,18601.00,650,11157050
20221125,09:47:07,18600.85,100,11157050
20221125,09:47:08,18602.00,50,11157050
20221125,09:47:09,18602.00,100,11157050
20221125,09:47:10,18600.35,50,11157050
20221125,09:47:11,18602.00,300,11157050
20221125,09:47:12,18604.00,150,11157050
20221125,09:47:13,18604.50,150,11157050
20221125,09:47:15,18603.30,200,11157050
20221125,09:47:16,18607.05,2100,11157050
20221125,09:47:17,18607.20,200,11157050
20221125,09:47:18,18605.20,200,11157050
20221125,09:47:19,18606.95,1800,11157050
20221125,09:47:20,18607.15,250,11157050
20221125,09:47:21,18606.30,300,11171250
20221125,09:47:22,18607.10,400,11171250
20221125,09:47:22,18606.80,200,11171250
20221125,09:47:25,18607.20,300,11171250
20221125,09:47:26,18607.10,400,11171250
20221125,09:47:27,18607.35,500,11171250
20221125,09:47:29,18607.20,450,11171250
20221125,09:47:30,18608.25,200,11171250
20221125,09:47:31,18606.60,850,11171250
20221125,09:47:32,18606.60,200,11171250
20221125,09:47:34,18606.30,350,11171250
20221125,09:47:35,18609.00,500,11171250
20221125,09:47:36,18607.60,250,11171250
20221125,09:47:37,18607.85,1700,11171250
20221125,09:47:38,18607.95,400,11171250
20221125,09:47:39,18608.40,500,11171250
20221125,09:47:41,18608.20,500,11171250
20221125,09:47:42,18608.10,350,11171250
20221125,09:47:43,18609.70,700,11171250
20221125,09:47:44,18607.90,150,11171250
20221125,09:47:45,18607.90,50,11171250
20221125,09:47:46,18610.00,250,11171250
20221125,09:47:47,18609.50,1000,11171250
20221125,09:47:48,18609.45,450,11171250
20221125,09:47:49,18607.50,100,11171250
20221125,09:47:50,18609.30,100,11171250
20221125,09:47:51,18608.90,300,11171250
20221125,09:47:53,18608.25,350,11171250
20221125,09:47:54,18606.15,150,11171250
20221125,09:47:55,18605.95,50,11171250
20221125,09:47:56,18605.00,950,11171250
20221125,09:47:57,18606.00,50,11171250
20221125,09:47:59,18606.00,50,11171250
20221125,09:48:00,18607.30,150,11171250
20221125,09:48:01,18602.00,2600,11171250
20221125,09:48:02,18602.50,200,11171250
20221125,09:48:03,18604.90,250,11171250
20221125,09:48:04,18605.65,400,11171250
20221125,09:48:05,18604.85,50,11171250
20221125,09:48:06,18602.35,650,11171250
20221125,09:48:07,18604.60,200,11171250
20221125,09:48:09,18605.60,200,11171250
20221125,09:48:10,18603.65,250,11171250
20221125,09:48:12,18603.65,150,11171250
20221125,09:48:13,18604.60,50,11171250
20221125,09:48:14,18605.00,50,11171250
20221125,09:48:15,18603.30,550,11171250
20221125,09:48:16,18604.95,500,11171250
20221125,09:48:17,18608.00,200,11171250
20221125,09:48:18,18608.90,350,11171250
20221125,09:48:19,18608.35,50,11171250
20221125,09:48:20,18607.20,300,11171250
20221125,09:48:21,18608.25,50,11171250
20221125,09:48:22,18608.25,100,11171250
20221125,09:48:23,18607.00,150,11171250
20221125,09:48:24,18608.50,300,11171250
20221125,09:48:25,18607.65,150,11171250
20221125,09:48:26,18606.00,150,11171250
20221125,09:48:28,18607.00,100,11171250
20221125,09:48:31,18608.50,50,11171250
20221125,09:48:32,18609.00,200,11171250
20221125,09:48:33,18608.60,100,11171250
20221125,09:48:34,18609.30,150,11171250
20221125,09:48:36,18609.40,400,11171250
20221125,09:48:37,18609.15,350,11171250
20221125,09:48:38,18609.70,2350,11171250
20221125,09:48:39,18609.50,450,11171250
20221125,09:48:40,18610.90,1750,11171250
20221125,09:48:42,18609.40,800,11171250
20221125,09:48:43,18609.70,50,11171250
20221125,09:48:44,18611.00,200,11171250
20221125,09:48:45,18612.00,1000,11171250
20221125,09:48:46,18612.00,50,11171250
20221125,09:48:47,18611.05,300,11171250
20221125,09:48:48,18610.30,250,11171250
20221125,09:48:49,18610.00,650,11171250
20221125,09:48:50,18609.05,250,11171250
20221125,09:48:51,18609.35,400,11171250
20221125,09:48:52,18608.00,500,11171250
20221125,09:48:53,18609.10,200,11171250
20221125,09:48:54,18608.45,50,11171250
20221125,09:48:55,18610.00,50,11171250
20221125,09:48:57,18609.90,50,11171250
20221125,09:48:58,18610.00,100,11171250
20221125,09:49:00,18609.00,1150,11171250
20221125,09:49:01,18608.60,200,11171250
20221125,09:49:02,18609.05,250,11171250
20221125,09:49:03,18610.00,100,11171250
20221125,09:49:04,18609.00,100,11171250
20221125,09:49:05,18609.35,50,11171250
20221125,09:49:06,18608.10,300,11171250
20221125,09:49:09,18608.35,250,11171250
20221125,09:49:10,18609.20,650,11171250
20221125,09:49:11,18610.05,150,11171250
20221125,09:49:12,18609.90,400,11171250
20221125,09:49:16,18608.10,250,11171250
20221125,09:49:17,18609.05,50,11171250
20221125,09:49:18,18609.10,200,11171250
20221125,09:49:19,18609.10,100,11171250
20221125,09:49:20,18609.00,150,11171250
20221125,09:49:21,18609.90,50,11171250
20221125,09:49:22,18609.55,100,11171250
20221125,09:49:23,18609.05,200,11171250
20221125,09:49:25,18609.95,100,11171250
20221125,09:49:26,18609.35,100,11171250
20221125,09:49:27,18608.85,200,11171250
20221125,09:49:28,18608.50,100,11171250
20221125,09:49:31,18608.00,850,11171250
20221125,09:49:32,18607.10,300,11171250
20221125,09:49:33,18607.50,100,11171250
20221125,09:49:34,18607.05,50,11171250
20221125,09:49:36,18606.60,250,11171250
20221125,09:49:37,18607.30,50,11171250
20221125,09:49:39,18608.00,150,11171250
20221125,09:49:40,18608.05,200,11171250
20221125,09:49:41,18608.00,100,11171250
20221125,09:49:42,18607.00,500,11171250
20221125,09:49:43,18607.10,250,11171250
20221125,09:49:45,18608.20,50,11171250
20221125,09:49:46,18607.75,150,11171250
20221125,09:49:47,18608.00,500,11171250
20221125,09:49:48,18608.20,50,11171250
20221125,09:49:49,18609.00,100,11171250
20221125,09:49:50,18609.05,350,11171250
20221125,09:49:51,18611.00,900,11171250
20221125,09:49:52,18611.70,150,11171250
20221125,09:49:53,18611.65,100,11171250
20221125,09:49:54,18611.70,150,11171250
20221125,09:49:55,18611.80,150,11171250
20221125,09:49:56,18612.80,700,11171250
20221125,09:49:57,18612.95,400,11171250
20221125,09:49:58,18613.15,600,11171250
20221125,09:49:59,18612.10,200,11171250
20221125,09:50:00,18612.00,50,11171250
20221125,09:50:01,18610.35,400,11171250
20221125,09:50:02,18611.40,100,11171250
20221125,09:50:03,18610.40,150,11171250
20221125,09:50:04,18611.85,100,11171250
20221125,09:50:05,18613.05,200,11171250
20221125,09:50:06,18612.95,50,11171250
20221125,09:50:07,18613.10,300,11171250
20221125,09:50:08,18612.60,100,11171250
20221125,09:50:09,18611.10,150,11171250
20221125,09:50:10,18611.65,50,11171250
20221125,09:50:11,18611.20,50,11171250
20221125,09:50:12,18610.90,150,11171250
20221125,09:50:14,18611.55,150,11171250
20221125,09:50:15,18611.30,250,11171250
20221125,09:50:16,18610.70,100,11171250
20221125,09:50:17,18610.65,100,11171250
20221125,09:50:19,18610.75,100,11171250
20221125,09:50:21,18610.45,100,11171250
20221125,09:50:22,18610.90,4100,11180600
20221125,09:50:23,18612.70,300,11180600
20221125,09:50:25,18612.85,100,11180600
20221125,09:50:26,18612.75,100,11180600
20221125,09:50:27,18613.20,150,11180600
20221125,09:50:28,18613.20,2300,11180600
20221125,09:50:30,18613.55,250,11180600
20221125,09:50:31,18613.30,100,11180600
20221125,09:50:32,18614.00,100,11180600
20221125,09:50:33,18616.75,2750,11180600
20221125,09:50:35,18617.20,350,11180600
20221125,09:50:35,18616.95,150,11180600
20221125,09:50:36,18616.20,300,11180600
20221125,09:50:37,18617.60,400,11180600
20221125,09:50:38,18618.30,700,11180600
20221125,09:50:39,18616.95,800,11180600
20221125,09:50:41,18617.60,350,11180600
20221125,09:50:41,18618.50,200,11180600
20221125,09:50:42,18619.05,1500,11180600
20221125,09:50:43,18619.25,200,11180600
20221125,09:50:44,18619.25,300,11180600
20221125,09:50:46,18619.05,250,11180600
20221125,09:50:46,18619.95,200,11180600
20221125,09:50:47,18620.00,2600,11180600
20221125,09:50:48,18620.00,600,11180600
20221125,09:50:49,18621.80,700,11180600
20221125,09:50:51,18621.80,400,11180600
20221125,09:50:51,18621.05,50,11180600
20221125,09:50:52,18621.80,300,11180600
20221125,09:50:53,18624.30,2450,11180600
20221125,09:50:54,18623.05,750,11180600
20221125,09:50:56,18623.30,550,11180600
20221125,09:50:56,18621.15,300,11180600
20221125,09:50:57,18620.05,300,11180600
20221125,09:50:58,18620.50,350,11180600
20221125,09:50:59,18620.80,400,11180600
20221125,09:51:00,18622.00,350,11180600
20221125,09:51:02,18622.00,250,11180600
20221125,09:51:03,18623.00,1750,11180600
20221125,09:51:04,18623.80,300,11180600
20221125,09:51:05,18628.00,3300,11180600
20221125,09:51:06,18627.20,300,11180600
20221125,09:51:07,18627.20,400,11180600
20221125,09:51:08,18627.85,150,11180600
20221125,09:51:09,18628.65,500,11180600
20221125,09:51:10,18628.70,650,11180600
20221125,09:51:11,18626.30,1200,11180600
20221125,09:51:12,18629.25,400,11180600
20221125,09:51:13,18628.15,950,11180600
20221125,09:51:14,18632.50,2400,11180600
20221125,09:51:15,18630.30,1000,11180600
20221125,09:51:16,18633.20,400,11180600
20221125,09:51:17,18633.55,500,11180600
20221125,09:51:18,18632.00,650,11180600
20221125,09:51:19,18633.75,350,11180600
20221125,09:51:20,18634.00,450,11180600
20221125,09:51:21,18634.80,400,11180600
20221125,09:51:22,18635.00,450,11180600
20221125,09:51:23,18636.00,600,11180600
20221125,09:51:24,18635.50,400,11180600
20221125,09:51:25,18636.20,200,11180600
20221125,09:51:26,18635.00,450,11180600
20221125,09:51:28,18634.70,2750,11180600
20221125,09:51:29,18633.35,550,11180600
20221125,09:51:30,18633.35,650,11180600
20221125,09:51:31,18635.40,1050,11180600
20221125,09:51:32,18635.15,900,11180600
20221125,09:51:33,18635.20,3750,11180600
20221125,09:51:34,18633.80,1500,11180600
20221125,09:51:35,18633.90,1700,11180600
20221125,09:51:37,18632.95,1550,11180600
20221125,09:51:38,18632.05,150,11180600
20221125,09:51:39,18633.00,500,11180600
20221125,09:51:39,18633.10,200,11180600
20221125,09:51:41,18635.15,750,11180600
20221125,09:51:42,18631.70,2150,11180600
20221125,09:51:43,18632.95,350,11180600
20221125,09:51:44,18634.45,1400,11180600
20221125,09:51:45,18633.60,400,11180600
20221125,09:51:47,18634.80,2100,11180600
20221125,09:51:48,18633.05,350,11180600
20221125,09:51:48,18633.20,150,11180600
20221125,09:51:49,18630.75,750,11180600
20221125,09:51:50,18633.00,650,11180600
20221125,09:51:51,18631.35,250,11180600
20221125,09:51:52,18632.95,250,11180600
20221125,09:51:53,18632.90,150,11180600
20221125,09:51:54,18631.00,150,11180600
20221125,09:51:55,18632.95,400,11180600
20221125,09:51:57,18632.40,50,11180600
20221125,09:51:57,18632.95,50,11180600
20221125,09:51:58,18631.00,400,11180600
20221125,09:51:59,18631.80,50,11180600
20221125,09:52:00,18633.00,550,11180600
20221125,09:52:02,18633.15,1400,11180600
20221125,09:52:03,18633.25,250,11180600
20221125,09:52:04,18633.00,450,11180600
20221125,09:52:06,18632.05,300,11180600
20221125,09:52:06,18632.80,50,11180600
20221125,09:52:07,18632.05,1200,11180600
20221125,09:52:08,18633.00,400,11180600
20221125,09:52:10,18634.45,1150,11180600
20221125,09:52:11,18633.50,100,11180600
20221125,09:52:12,18632.65,250,11180600
20221125,09:52:13,18632.05,350,11180600
20221125,09:52:14,18633.45,150,11180600
20221125,09:52:16,18633.45,1450,11180600
20221125,09:52:17,18632.15,1750,11180600
20221125,09:52:17,18633.45,550,11180600
20221125,09:52:18,18633.15,400,11180600
20221125,09:52:19,18632.50,600,11180600
20221125,09:52:20,18632.50,300,11180600
20221125,09:52:21,18632.40,600,11180600
20221125,09:52:22,18632.25,250,11180600
20221125,09:52:23,18632.15,150,11180600
20221125,09:52:24,18631.55,900,11180600
20221125,09:52:26,18630.50,2250,11180600
20221125,09:52:27,18631.60,250,11180600
20221125,09:52:27,18630.90,400,11180600
20221125,09:52:28,18631.45,450,11180600
20221125,09:52:29,18631.60,200,11180600
20221125,09:52:30,18631.80,200,11180600
20221125,09:52:32,18630.00,2100,11180600
20221125,09:52:33,18629.85,6400,11180600
20221125,09:52:33,18631.35,200,11180600
20221125,09:52:34,18630.45,400,11180600
20221125,09:52:35,18631.05,350,11180600
20221125,09:52:36,18631.60,550,11180600
20221125,09:52:38,18631.85,200,11180600
20221125,09:52:39,18630.85,3250,11180600
20221125,09:52:40,18631.15,250,11180600
20221125,09:52:41,18631.60,200,11180600
20221125,09:52:44,18631.35,750,11180600
20221125,09:52:45,18630.80,250,11180600
20221125,09:52:46,18629.60,250,11180600
20221125,09:52:47,18630.00,150,11180600
20221125,09:52:49,18629.15,300,11180600
20221125,09:52:50,18628.70,50,11180600
20221125,09:52:51,18630.35,150,11180600
20221125,09:52:52,18629.55,100,11180600
20221125,09:52:52,18630.25,100,11180600
20221125,09:52:53,18628.15,350,11180600
20221125,09:52:54,18628.85,300,11180600
20221125,09:52:56,18629.90,900,11180600
20221125,09:52:57,18629.70,100,11180600
20221125,09:52:58,18629.95,700,11180600
20221125,09:52:58,18628.80,100,11180600
20221125,09:52:59,18627.65,150,11180600
20221125,09:53:00,18628.00,200,11180600
20221125,09:53:01,18627.00,900,11180600
20221125,09:53:02,18626.00,350,11180600
20221125,09:53:03,18626.00,650,11180600
20221125,09:53:04,18626.35,600,11180600
20221125,09:53:05,18628.00,300,11180600
20221125,09:53:07,18626.25,250,11180600
20221125,09:53:08,18626.55,100,11180600
20221125,09:53:09,18627.15,50,11180600
20221125,09:53:10,18626.00,200,11180600
20221125,09:53:11,18625.75,150,11180600
20221125,09:53:12,18626.20,300,11180600
20221125,09:53:13,18626.30,200,11180600
20221125,09:53:14,18626.25,200,11180600
20221125,09:53:14,18625.65,150,11180600
20221125,09:53:15,18626.30,300,11180600
20221125,09:53:16,18628.60,650,11180600
20221125,09:53:17,18627.40,150,11180600
20221125,09:53:18,18628.65,100,11180600
20221125,09:53:19,18628.95,350,11180600
20221125,09:53:20,18627.60,350,11180600
20221125,09:53:21,18626.55,50,11180600
20221125,09:53:22,18627.40,50,11193350
20221125,09:53:23,18627.95,150,11193350
20221125,09:53:24,18626.05,50,11193350
20221125,09:53:26,18627.05,200,11193350
20221125,09:53:27,18628.00,150,11193350
20221125,09:53:28,18626.40,100,11193350
20221125,09:53:29,18626.15,150,11193350
20221125,09:53:30,18627.40,350,11193350
20221125,09:53:31,18626.45,450,11193350
20221125,09:53:32,18626.75,100,11193350
20221125,09:53:33,18626.70,100,11193350
20221125,09:53:34,18626.75,50,11193350
20221125,09:53:35,18626.60,150,11193350
20221125,09:53:36,18626.35,100,11193350
20221125,09:53:37,18625.75,250,11193350
20221125,09:53:38,18625.65,500,11193350
20221125,09:53:39,18625.65,200,11193350
20221125,09:53:40,18626.15,200,11193350
20221125,09:53:41,18625.00,2300,11193350
20221125,09:53:42,18625.15,150,11193350
20221125,09:53:43,18625.10,50,11193350
20221125,09:53:44,18626.00,100,11193350
20221125,09:53:45,18625.10,50,11193350
20221125,09:53:46,18626.75,250,11193350
20221125,09:53:48,18626.90,100,11193350
20221125,09:53:49,18626.75,100,11193350
20221125,09:53:50,18625.10,200,11193350
20221125,09:53:53,18627.00,50,11193350
20221125,09:53:54,18627.00,50,11193350
20221125,09:53:55,18626.35,100,11193350
20221125,09:53:56,18626.75,50,11193350
20221125,09:53:57,18626.00,50,11193350
20221125,09:54:00,18627.95,2350,11193350
20221125,09:54:01,18626.05,150,11193350
20221125,09:54:02,18626.05,1600,11193350
20221125,09:54:03,18628.95,300,11193350
20221125,09:54:03,18629.00,50,11193350
20221125,09:54:04,18629.55,450,11193350
20221125,09:54:05,18629.50,400,11193350
20221125,09:54:07,18628.80,700,11193350
20221125,09:54:08,18627.05,350,11193350
20221125,09:54:08,18627.95,100,11193350
20221125,09:54:09,18629.75,200,11193350
20221125,09:54:10,18629.20,200,11193350
20221125,09:54:13,18630.00,1050,11193350
20221125,09:54:14,18629.95,200,11193350
20221125,09:54:15,18629.95,100,11193350
20221125,09:54:16,18629.20,600,11193350
20221125,09:54:18,18629.15,150,11193350
20221125,09:54:20,18629.35,1200,11193350
20221125,09:54:20,18630.25,300,11193350
20221125,09:54:21,18629.50,550,11193350
20221125,09:54:23,18629.20,200,11193350
20221125,09:54:24,18630.80,250,11193350
20221125,09:54:25,18629.00,100,11193350
20221125,09:54:26,18627.95,100,11193350
20221125,09:54:27,18627.10,300,11193350
20221125,09:54:29,18628.65,100,11193350
20221125,09:54:30,18628.65,50,11193350
20221125,09:54:31,18627.00,1100,11193350
20221125,09:54:31,18627.15,200,11193350
20221125,09:54:32,18627.80,250,11193350
20221125,09:54:34,18627.10,50,11193350
20221125,09:54:35,18626.70,400,11193350
20221125,09:54:36,18625.35,400,11193350
20221125,09:54:36,18625.60,150,11193350
20221125,09:54:37,18625.00,2000,11193350
20221125,09:54:38,18627.25,50,11193350
20221125,09:54:40,18624.05,1950,11193350
20221125,09:54:41,18624.80,200,11193350
20221125,09:54:42,18625.20,250,11193350
20221125,09:54:42,18626.20,50,11193350
20221125,09:54:43,18623.90,300,11193350
20221125,09:54:44,18625.00,250,11193350
20221125,09:54:46,18624.00,200,11193350
20221125,09:54:47,18622.60,100,11193350
20221125,09:54:48,18623.95,200,11193350
20221125,09:54:49,18621.95,950,11193350
20221125,09:54:51,18621.90,850,11193350
20221125,09:54:52,18620.50,350,11193350
20221125,09:54:53,18623.75,950,11193350
20221125,09:54:54,18622.10,50,11193350
20221125,09:54:56,18622.55,200,11193350
20221125,09:54:57,18623.00,300,11193350
20221125,09:54:58,18621.20,2450,11193350
20221125,09:54:59,18623.40,800,11193350
20221125,09:55:01,18621.30,450,11193350
20221125,09:55:02,18620.60,1650,11193350
20221125,09:55:03,18621.90,650,11193350
20221125,09:55:04,18621.00,800,11193350
20221125,09:55:05,18620.00,1350,11193350
20221125,09:55:06,18622.00,400,11193350
20221125,09:55:07,18621.30,850,11193350
20221125,09:55:08,18621.05,750,11193350
20221125,09:55:09,18620.90,100,11193350
20221125,09:55:11,18620.05,500,11193350
20221125,09:55:12,18619.05,1000,11193350
20221125,09:55:13,18621.00,1000,11193350
20221125,09:55:14,18622.40,650,11193350
20221125,09:55:15,18619.35,200,11193350
20221125,09:55:16,18622.70,1850,11193350
20221125,09:55:17,18620.10,500,11193350
20221125,09:55:19,18621.00,200,11193350
20221125,09:55:20,18620.05,500,11193350
20221125,09:55:22,18620.15,300,11193350
20221125,09:55:23,18620.00,150,11193350
20221125,09:55:24,18619.05,200,11193350
20221125,09:55:25,18619.05,400,11193350
20221125,09:55:25,18619.00,200,11193350
20221125,09:55:26,18618.00,800,11193350
20221125,09:55:27,18616.45,1600,11193350
20221125,09:55:28,18616.80,450,11193350
20221125,09:55:29,18615.90,600,11193350
20221125,09:55:30,18615.70,500,11193350
20221125,09:55:31,18616.05,150,11193350
20221125,09:55:32,18615.00,1350,11193350
20221125,09:55:33,18615.05,1100,11193350
20221125,09:55:35,18615.05,700,11193350
20221125,09:55:36,18616.00,250,11193350
20221125,09:55:37,18613.55,500,11193350
20221125,09:55:38,18615.00,350,11193350
20221125,09:55:39,18613.25,400,11193350
20221125,09:55:40,18612.80,700,11193350
20221125,09:55:41,18612.70,250,11193350
20221125,09:55:42,18614.45,350,11193350
20221125,09:55:43,18612.50,350,11193350
20221125,09:55:44,18611.05,650,11193350
20221125,09:55:45,18611.00,550,11193350
20221125,09:55:46,18610.75,850,11193350
20221125,09:55:47,18610.00,850,11193350
20221125,09:55:48,18610.15,200,11193350
20221125,09:55:49,18611.25,1300,11193350
20221125,09:55:50,18610.00,300,11193350
20221125,09:55:51,18608.85,200,11193350
20221125,09:55:52,18609.60,350,11193350
20221125,09:55:53,18609.60,350,11193350
20221125,09:55:54,18609.75,350,11193350
20221125,09:55:55,18608.50,650,11193350
20221125,09:55:56,18610.35,800,11193350
20221125,09:55:57,18608.00,950,11193350
20221125,09:55:58,18607.50,450,11193350
20221125,09:55:59,18608.80,850,11193350
20221125,09:56:00,18607.40,1050,11193350
20221125,09:56:01,18608.00,650,11193350
20221125,09:56:02,18607.00,150,11193350
20221125,09:56:03,18606.50,500,11193350
20221125,09:56:04,18605.55,250,11193350
20221125,09:56:05,18606.80,700,11193350
20221125,09:56:06,18605.00,600,11193350
20221125,09:56:06,18605.00,250,11193350
20221125,09:56:07,18607.00,450,11193350
20221125,09:56:08,18605.80,250,11193350
20221125,09:56:09,18606.00,250,11193350
20221125,09:56:11,18605.05,450,11193350
20221125,09:56:12,18607.65,400,11193350
20221125,09:56:13,18605.00,250,11193350
20221125,09:56:14,18607.00,900,11193350
20221125,09:56:15,18608.70,300,11193350
20221125,09:56:16,18606.50,200,11193350
20221125,09:56:17,18605.10,900,11193350
20221125,09:56:18,18606.00,500,11193350
20221125,09:56:19,18605.80,200,11193350
20221125,09:56:20,18607.90,50,11193350
20221125,09:56:21,18609.60,350,11193350
20221125,09:56:22,18608.50,150,11193350
20221125,09:56:23,18608.50,200,11193350
20221125,09:56:24,18608.50,300,11188450
20221125,09:56:25,18607.40,50,11188450
20221125,09:56:26,18608.50,250,11188450
20221125,09:56:27,18606.00,300,11188450
20221125,09:56:28,18605.85,450,11188450
20221125,09:56:29,18605.05,450,11188450
20221125,09:56:30,18605.40,500,11188450
20221125,09:56:31,18604.75,1100,11188450
20221125,09:56:32,18604.60,350,11188450
20221125,09:56:33,18604.90,650,11188450
20221125,09:56:34,18605.15,250,11188450
20221125,09:56:35,18608.15,950,11188450
20221125,09:56:36,18606.40,250,11188450
20221125,09:56:37,18605.90,350,11188450
20221125,09:56:38,18605.00,800,11188450
20221125,09:56:39,18604.75,300,11188450
20221125,09:56:40,18604.40,600,11188450
20221125,09:56:41,18604.00,200,11188450
20221125,09:56:42,18603.65,500,11188450
20221125,09:56:42,18603.60,250,11188450
20221125,09:56:43,18602.75,850,11188450
20221125,09:56:44,18603.40,600,11188450
20221125,09:56:45,18602.05,700,11188450
20221125,09:56:46,18605.00,350,11188450
20221125,09:56:47,18603.80,150,11188450
20221125,09:56:48,18603.80,50,11188450
20221125,09:56:50,18605.00,550,11188450
20221125,09:56:51,18602.70,450,11188450
20221125,09:56:52,18603.00,650,11188450
20221125,09:56:53,18603.80,400,11188450
20221125,09:56:54,18603.65,250,11188450
20221125,09:56:55,18603.00,250,11188450
20221125,09:56:56,18603.40,700,11188450
20221125,09:56:57,18602.35,650,11188450
20221125,09:56:58,18602.35,200,11188450
20221125,09:56:59,18603.00,250,11188450
20221125,09:57:00,18605.40,1350,11188450
20221125,09:57:01,18605.70,600,11188450
20221125,09:57:02,18602.35,1650,11188450
20221125,09:57:03,18603.40,350,11188450
20221125,09:57:04,18603.40,450,11188450
20221125,09:57:05,18602.40,1000,11188450
20221125,09:57:06,18603.65,500,11188450
20221125,09:57:06,18603.45,550,11188450
20221125,09:57:07,18603.05,450,11188450
20221125,09:57:08,18602.40,450,11188450
20221125,09:57:09,18602.20,1200,11188450
20221125,09:57:10,18603.65,300,11188450
20221125,09:57:12,18603.35,200,11188450
20221125,09:57:13,18602.30,2500,11188450
20221125,09:57:14,18602.95,1150,11188450
20221125,09:57:15,18602.65,200,11188450
20221125,09:57:16,18603.40,250,11188450
20221125,09:57:17,18602.10,250,11188450
20221125,09:57:18,18603.60,700,11188450
20221125,09:57:19,18602.90,750,11188450
20221125,09:57:20,18602.55,800,11188450
20221125,09:57:21,18603.30,450,11188450
20221125,09:57:22,18603.85,500,11188450
20221125,09:57:24,18603.60,900,11188450
20221125,09:57:25,18601.10,2600,11188450
20221125,09:57:26,18601.20,3000,11188450
20221125,09:57:27,18600.30,700,11188450
20221125,09:57:28,18599.75,3850,11188450
20221125,09:57:29,18599.15,900,11188450
20221125,09:57:30,18600.85,400,11188450
20221125,09:57:31,18602.30,500,11188450
20221125,09:57:32,18604.30,1500,11188450
20221125,09:57:33,18604.40,500,11188450
20221125,09:57:34,18602.05,550,11188450
20221125,09:57:35,18602.30,500,11188450
20221125,09:57:36,18601.15,350,11188450
20221125,09:57:37,18600.40,450,11188450
20221125,09:57:38,18600.65,650,11188450
20221125,09:57:39,18601.55,400,11188450
20221125,09:57:40,18599.00,300,11188450
20221125,09:57:41,18602.10,100,11188450
20221125,09:57:42,18600.00,400,11188450
20221125,09:57:43,18601.00,100,11188450
20221125,09:57:44,18600.20,250,11188450
20221125,09:57:46,18600.80,200,11188450
20221125,09:57:48,18600.95,350,11188450
20221125,09:57:49,18602.30,200,11188450
20221125,09:57:50,18602.15,250,11188450
20221125,09:57:51,18603.30,1050,11188450
20221125,09:57:52,18602.90,200,11188450
20221125,09:57:53,18603.30,1450,11188450
20221125,09:57:54,18602.55,1050,11188450
20221125,09:57:55,18602.20,250,11188450
20221125,09:57:56,18603.30,150,11188450
20221125,09:57:57,18603.90,100,11188450
20221125,09:57:58,18603.25,50,11188450
20221125,09:57:59,18603.30,200,11188450
20221125,09:58:00,18602.80,550,11188450
20221125,09:58:03,18603.00,100,11188450
20221125,09:58:04,18603.30,100,11188450
20221125,09:58:05,18605.45,550,11188450
20221125,09:58:06,18607.60,800,11188450
20221125,09:58:07,18606.85,250,11188450
20221125,09:58:08,18608.25,450,11188450
20221125,09:58:09,18608.20,800,11188450
20221125,09:58:11,18608.25,350,11188450
20221125,09:58:11,18608.25,50,11188450
20221125,09:58:12,18608.50,650,11188450
20221125,09:58:13,18609.00,250,11188450
20221125,09:58:15,18607.75,50,11188450
20221125,09:58:16,18608.85,150,11188450
20221125,09:58:17,18609.00,2550,11188450
20221125,09:58:18,18608.45,750,11188450
20221125,09:58:19,18607.85,300,11188450
20221125,09:58:20,18607.00,50,11188450
20221125,09:58:21,18608.75,350,11188450
20221125,09:58:22,18607.50,400,11188450
20221125,09:58:23,18602.25,200,11188450
20221125,09:58:25,18604.55,450,11188450
20221125,09:58:26,18606.10,50,11188450
20221125,09:58:27,18606.80,150,11188450
20221125,09:58:28,18606.25,500,11188450
20221125,09:58:29,18607.20,300,11188450
20221125,09:58:30,18606.00,350,11188450
20221125,09:58:30,18607.15,200,11188450
20221125,09:58:31,18607.40,100,11188450
20221125,09:58:32,18605.25,100,11188450
20221125,09:58:34,18606.10,100,11188450
20221125,09:58:35,18605.00,50,11188450
20221125,09:58:37,18605.90,100,11188450
20221125,09:58:39,18604.80,50,11188450
20221125,09:58:41,18604.75,100,11188450
20221125,09:58:42,18604.95,50,11188450
20221125,09:58:43,18603.65,150,11188450
20221125,09:58:47,18605.95,50,11188450
20221125,09:58:48,18602.05,1600,11188450
20221125,09:58:49,18604.20,50,11188450
20221125,09:58:51,18604.20,250,11188450
20221125,09:58:52,18603.20,200,11188450
20221125,09:58:53,18603.60,100,11188450
20221125,09:58:54,18603.50,50,11188450
20221125,09:58:55,18602.50,100,11188450
20221125,09:58:56,18604.20,50,11188450
20221125,09:58:58,18602.00,500,11188450
20221125,09:59:00,18603.45,300,11188450
20221125,09:59:01,18604.00,150,11188450
20221125,09:59:02,18602.55,100,11188450
20221125,09:59:03,18603.10,150,11188450
