20221125,09:15:12,18744.05,1,1850
20221125,09:15:12,18744.05,100,1850
20221125,09:15:56,18781.35,600,1850
20221125,09:16:03,18781.35,350,1850
20221125,09:16:06,18774.10,150,1850
20221125,09:16:13,18779.00,150,1850
20221125,09:16:16,18779.00,250,1850
20221125,09:16:26,18773.15,50,1850
20221125,09:16:29,18778.95,250,1850
20221125,09:16:33,18774.55,100,1850
20221125,09:16:36,18779.95,50,1850
20221125,09:16:39,18775.00,50,1850
20221125,09:16:42,18779.95,50,1850
20221125,09:16:46,18779.95,50,1850
20221125,09:16:49,18780.00,50,1850
20221125,09:16:52,18777.00,50,1850
20221125,09:17:02,18780.00,250,1850
20221125,09:17:12,18780.05,50,1850
20221125,09:17:15,18784.50,250,1850
20221125,09:17:22,18784.50,50,1850
20221125,09:17:25,18791.00,150,1850
20221125,09:17:29,18791.00,50,1850
20221125,09:17:32,18790.00,50,1850
20221125,09:17:42,18790.00,50,1850
20221125,09:17:45,18791.25,250,1850
20221125,09:17:49,18791.25,50,1850
20221125,09:17:52,18790.05,200,1850
20221125,09:17:59,18790.10,50,1850
20221125,09:18:02,18791.00,250,1850
20221125,09:18:06,18792.00,200,1850
20221125,09:18:10,18796.65,50,1850
20221125,09:18:14,18796.65,50,1850
20221125,09:18:22,18796.00,50,1850
20221125,09:18:26,18798.00,50,1850
20221125,09:18:45,18798.00,100,1850
20221125,09:18:54,18797.50,200,1850
20221125,09:18:58,18797.65,250,1850
20221125,09:19:05,18794.00,50,1850
20221125,09:19:08,18794.00,100,1850
20221125,09:19:13,18797.65,150,1850
20221125,09:19:15,18797.65,50,1850
20221125,09:19:22,18797.65,50,1850
20221125,09:19:25,18797.65,50,1850
20221125,09:19:26,18798.10,150,1850
20221125,09:19:31,18798.10,50,1850
20221125,09:19:32,18797.65,100,1850
20221125,09:19:33,18799.00,50,1850
20221125,09:19:39,18799.00,100,1850
20221125,09:19:50,18797.95,200,1850
20221125,09:20:10,18799.00,150,1850
20221125,09:20:14,18796.00,50,4850
20221125,09:20:15,18794.05,50,4850
20221125,09:20:19,18794.05,50,4850
20221125,09:20:20,18798.95,50,4850
20221125,09:20:26,18799.00,100,4850
20221125,09:20:30,18798.00,250,4850
20221125,09:20:36,18797.05,50,4850
20221125,09:20:42,18797.10,150,4850
20221125,09:20:52,18800.00,50,4850
20221125,09:21:09,18808.00,50,4850
20221125,09:21:15,18808.00,50,4850
20221125,09:21:19,18807.95,350,4850
20221125,09:21:20,18808.00,100,4850
20221125,09:21:22,18807.95,100,4850
20221125,09:21:24,18808.00,50,4850
20221125,09:21:31,18808.00,50,4850
20221125,09:21:45,18800.55,100,4850
20221125,09:21:52,18800.00,100,4850
20221125,09:21:53,18800.00,100,4850
20221125,09:21:58,18799.50,50,4850
20221125,09:21:59,18799.65,250,4850
20221125,09:22:01,18798.00,50,4850
20221125,09:22:02,18798.00,50,4850
20221125,09:22:04,18797.00,50,4850
20221125,09:22:06,18796.25,50,4850
20221125,09:22:09,18793.70,50,4850
20221125,09:22:20,18792.95,50,4850
20221125,09:22:23,18794.75,250,4850
20221125,09:22:30,18792.00,50,4850
20221125,09:22:33,18791.10,50,4850
20221125,09:22:42,18790.00,150,4850
20221125,09:22:46,18791.00,200,4850
20221125,09:22:51,18791.10,100,4850
20221125,09:23:00,18791.10,50,4850
20221125,09:23:08,18790.35,50,4850
20221125,09:23:10,18790.00,350,4850
20221125,09:23:12,18788.85,50,4850
20221125,09:23:28,18787.85,100,7450
20221125,09:23:31,18787.55,50,7450
20221125,09:23:47,18790.00,1800,7450
20221125,09:23:50,18790.40,50,7450
20221125,09:23:54,18790.40,50,7450
20221125,09:24:01,18788.10,50,7450
20221125,09:24:07,18788.10,50,7450
20221125,09:24:09,18788.10,100,7450
20221125,09:24:10,18792.25,250,7450
20221125,09:24:21,18790.00,100,7450
20221125,09:24:25,18792.25,250,7450
20221125,09:24:29,18788.45,50,7450
20221125,09:24:47,18795.00,50,7450
20221125,09:24:58,18795.00,100,7450
20221125,09:24:59,18798.60,250,7450
20221125,09:25:01,18792.40,950,7450
20221125,09:25:28,18795.00,100,7450
20221125,09:25:35,18795.00,100,7450
20221125,09:26:06,18795.65,50,7450
20221125,09:26:21,18795.65,50,10300
20221125,09:26:22,18797.75,150,10300
20221125,09:26:30,18796.55,50,10300
20221125,09:27:02,18796.35,150,10300
20221125,09:27:08,18795.00,100,10300
20221125,09:27:09,18796.50,50,10300
20221125,09:27:28,18794.65,50,10300
20221125,09:27:35,18797.75,150,10300
20221125,09:27:58,18799.85,150,10300
20221125,09:28:06,18799.85,50,10300
20221125,09:28:23,18799.90,100,10300
20221125,09:28:24,18796.45,150,10300
20221125,09:28:36,18800.00,400,10300
20221125,09:28:42,18800.90,50,10300
20221125,09:28:43,18804.05,150,10300
20221125,09:28:56,18800.90,50,10300
20221125,09:28:57,18801.00,100,10300
20221125,09:29:07,18802.95,100,10300
20221125,09:29:18,18802.95,50,11250
20221125,09:29:21,18805.20,50,11250
20221125,09:29:32,18803.65,50,11250
20221125,09:29:44,18806.60,50,11250
20221125,09:29:57,18810.00,50,11250
20221125,09:30:02,18810.00,100,11250
20221125,09:30:03,18809.00,50,11250
20221125,09:30:28,18808.00,100,11250
20221125,09:30:32,18809.00,100,11250
20221125,09:30:33,18808.55,50,11250
20221125,09:30:36,18809.00,100,11250
20221125,09:30:38,18809.00,50,11250
20221125,09:30:41,18810.00,50,11250
20221125,09:30:49,18809.60,50,11250
20221125,09:30:56,18808.00,50,11250
20221125,09:30:57,18808.00,50,11250
20221125,09:31:00,18808.00,100,11250
20221125,09:31:30,18809.50,150,11250
20221125,09:31:38,18808.30,100,11250
20221125,09:31:47,18808.00,100,11250
20221125,09:31:55,18808.35,550,11250
20221125,09:32:00,18811.00,100,11250
20221125,09:32:09,18815.60,50,11250
20221125,09:32:12,18816.05,100,11250
20221125,09:32:18,18819.25,150,12050
20221125,09:32:27,18822.00,100,12050
20221125,09:32:38,18827.90,100,12050
20221125,09:32:43,18827.90,150,12050
20221125,09:32:46,18829.95,50,12050
20221125,09:32:48,18829.95,200,12050
20221125,09:32:50,18830.65,50,12050
20221125,09:32:55,18830.65,150,12050
20221125,09:32:56,18830.65,50,12050
20221125,09:33:08,18830.65,100,12050
20221125,09:33:18,18822.65,50,12050
20221125,09:33:21,18825.00,50,12050
20221125,09:33:27,18825.00,50,12050
20221125,09:33:30,18824.00,50,12050
20221125,09:33:32,18824.00,50,12050
20221125,09:33:35,18824.00,50,12050
20221125,09:33:44,18822.00,100,12050
20221125,09:33:45,18817.80,250,12050
20221125,09:33:50,18816.00,200,12050
20221125,09:33:54,18814.95,100,12050
20221125,09:34:05,18810.00,50,12050
20221125,09:34:07,18810.00,50,12050
20221125,09:34:13,18808.00,600,12050
20221125,09:34:20,18805.00,100,12050
20221125,09:34:21,18805.00,150,12050
20221125,09:34:34,18800.00,50,12050
20221125,09:34:36,18800.00,50,12050
20221125,09:34:39,18800.00,100,12050
20221125,09:35:09,18795.30,250,12050
20221125,09:35:13,18793.45,200,12050
20221125,09:35:14,18793.10,50,12050
20221125,09:35:15,18792.75,50,12050
20221125,09:35:28,18790.00,100,14450
20221125,09:35:36,18785.15,100,14450
20221125,09:35:41,18780.00,50,14450
20221125,09:35:42,18780.00,250,14450
20221125,09:35:44,18780.90,200,14450
20221125,09:35:51,18780.90,50,14450
20221125,09:36:00,18776.00,100,14450
20221125,09:36:01,18776.00,100,14450
20221125,09:36:11,18775.50,50,14450
20221125,09:36:29,18779.80,200,14450
20221125,09:36:30,18780.15,500,14450
20221125,09:36:31,18780.15,200,14450
20221125,09:36:33,18775.55,150,14450
20221125,09:36:45,18775.55,50,14450
20221125,09:36:51,18775.55,50,14450
20221125,09:36:52,18775.50,100,14450
20221125,09:37:02,18775.45,100,14450
20221125,09:37:03,18775.00,100,14450
20221125,09:37:04,18772.75,100,14450
20221125,09:37:12,18776.35,50,14450
20221125,09:37:33,18776.40,50,14450
20221125,09:37:37,18774.20,50,14450
20221125,09:37:47,18776.00,100,14450
20221125,09:38:12,18780.55,150,14450
20221125,09:38:20,18777.95,100,15500
20221125,09:38:25,18780.40,50,15500
20221125,09:38:37,18780.00,200,15500
20221125,09:39:01,18780.00,50,15500
20221125,09:39:09,18775.15,50,15500
20221125,09:39:27,18777.65,100,15500
20221125,09:39:31,18774.65,50,15500
20221125,09:39:48,18780.00,50,15500
20221125,09:39:52,18783.45,50,15500
20221125,09:40:10,18780.00,100,15500
20221125,09:40:11,18782.45,100,15500
20221125,09:40:23,18783.45,100,15500
20221125,09:40:43,18780.25,100,15500
20221125,09:40:54,18780.00,50,15500
20221125,09:41:02,18780.00,150,15500
20221125,09:41:15,18780.00,50,15500
20221125,09:41:17,18780.00,100,15500
20221125,09:41:22,18780.00,100,15500
20221125,09:41:23,18781.30,50,16150
20221125,09:41:24,18779.00,150,16150
20221125,09:41:36,18776.45,50,16150
20221125,09:41:49,18779.05,50,16150
20221125,09:42:06,18779.00,100,16150
20221125,09:42:13,18779.00,50,16150
20221125,09:42:15,18775.70,50,16150
20221125,09:42:18,18775.35,200,16150
20221125,09:42:28,18775.20,200,16150
20221125,09:42:43,18778.35,50,16150
20221125,09:42:52,18779.00,100,16150
20221125,09:43:05,18780.90,100,16150
20221125,09:43:07,18781.00,250,16150
20221125,09:43:12,18777.05,50,16150
20221125,09:43:37,18781.35,50,16150
20221125,09:43:46,18778.00,250,16150
20221125,09:44:40,18781.00,100,16850
20221125,09:44:48,18777.70,50,16850
20221125,09:45:25,18778.00,50,16850
20221125,09:45:29,18777.00,50,16850
20221125,09:45:47,18776.95,100,16850
20221125,09:46:13,18776.95,100,16850
20221125,09:46:30,18780.25,50,16850
20221125,09:46:43,18780.25,50,16850
20221125,09:47:06,18780.00,50,16850
20221125,09:47:16,18783.00,50,16850
20221125,09:47:25,18786.00,50,17100
20221125,09:48:09,18785.30,50,17100
20221125,09:48:49,18788.00,50,17100
20221125,09:49:14,18790.50,50,17100
20221125,09:49:48,18790.00,50,17100
20221125,09:49:52,18790.00,50,17100
20221125,09:50:27,18791.00,50,17300
20221125,09:50:35,18793.00,100,17300
20221125,09:50:53,18800.00,350,17300
20221125,09:51:14,18808.40,100,17300
20221125,09:51:24,18813.20,50,17300
20221125,09:51:35,18810.10,50,17300
20221125,09:51:48,18814.30,450,17300
20221125,09:51:49,18814.30,50,17300
20221125,09:51:56,18812.55,50,17300
20221125,09:52:09,18814.75,50,17300
20221125,09:52:15,18812.55,50,17300
20221125,09:52:19,18812.55,550,17300
20221125,09:52:26,18812.55,50,17300
20221125,09:52:28,18812.05,50,17300
20221125,09:52:33,18812.05,50,17300
20221125,09:52:46,18812.00,50,17300
20221125,09:52:52,18810.00,50,17300
20221125,09:53:00,18810.00,50,17300
20221125,09:53:03,18808.80,50,17300
20221125,09:53:20,18806.60,50,18000
20221125,09:53:36,18809.00,50,18000
20221125,09:54:05,18809.00,50,18000
20221125,09:54:20,18809.00,50,18000
20221125,09:54:24,18810.00,500,18000
20221125,09:54:35,18809.40,50,18000
20221125,09:54:39,18809.00,50,18000
20221125,09:54:43,18808.00,50,18000
20221125,09:54:52,18806.50,50,18000
20221125,09:54:56,18805.85,50,18000
20221125,09:55:00,18805.00,50,18000
20221125,09:55:16,18803.40,100,18000
20221125,09:55:21,18806.40,50,18000
20221125,09:55:25,18803.65,50,18000
20221125,09:55:26,18802.25,50,18000
20221125,09:55:30,18802.25,50,18000
20221125,09:55:37,18800.00,400,18000
20221125,09:55:42,18796.70,200,18000
20221125,09:55:50,18792.85,150,18000
20221125,09:56:10,18790.00,50,18000
20221125,09:56:27,18791.00,100,19100
20221125,09:56:34,18789.40,50,19100
20221125,09:57:09,18787.00,250,19100
20221125,09:57:21,18787.00,50,19100
20221125,09:57:29,18785.80,50,19100
20221125,09:57:34,18785.45,50,19100
20221125,09:58:07,18787.00,50,19100
20221125,09:58:33,18788.90,50,19100
20221125,09:59:07,18787.00,50,19100
20221125,09:59:13,18787.00,100,19100
20221125,09:59:16,18787.00,100,19100
20221125,09:59:20,18787.70,50,19100
20221125,09:59:28,18787.00,200,19950
20221125,09:59:36,18787.00,50,19950
20221125,09:59:58,18788.00,50,19950
20221125,10:00:08,18786.35,50,19950
20221125,10:00:23,18787.00,50,19950
20221125,10:00:35,18789.00,100,19950
20221125,10:00:42,18789.00,100,19950
20221125,10:00:50,18790.05,50,19950
20221125,10:00:55,18787.05,50,19950
20221125,10:01:35,18790.60,50,19950
20221125,10:01:39,18788.65,100,19950
20221125,10:01:56,18792.00,50,19950
20221125,10:02:00,18792.30,50,19950
20221125,10:02:06,18792.25,50,19950
20221125,10:02:26,18785.95,100,20500
20221125,10:03:12,18789.00,50,20500
20221125,10:03:16,18790.00,50,20500
20221125,10:03:28,18791.35,50,20500
20221125,10:03:52,18791.85,50,20500
20221125,10:04:07,18789.45,50,20500
20221125,10:05:06,18783.40,100,20500
20221125,10:05:26,18785.45,50,20750
20221125,10:06:38,18790.00,50,20750
20221125,10:06:47,18790.00,50,20750
20221125,10:06:56,18788.10,50,20750
20221125,10:07:24,18790.00,50,20750
20221125,10:07:37,18791.90,50,20750
20221125,10:07:50,18790.50,200,20750
20221125,10:07:51,18790.80,50,20750
20221125,10:07:53,18790.85,200,20750
20221125,10:08:42,18790.00,50,20650
20221125,10:08:46,18790.85,500,20650
20221125,10:09:10,18789.80,50,20650
20221125,10:09:14,18792.95,250,20650
20221125,10:09:29,18789.85,50,20650
20221125,10:09:41,18789.85,50,20650
20221125,10:09:48,18792.80,100,20650
20221125,10:10:04,18789.80,200,20650
20221125,10:10:32,18794.00,50,20650
20221125,10:10:40,18797.50,50,20650
20221125,10:10:48,18798.00,100,20650
20221125,10:11:20,18795.35,200,20650
20221125,10:11:48,18796.85,100,20500
20221125,10:12:19,18798.90,50,20500
20221125,10:12:20,18799.00,150,20500
20221125,10:12:25,18799.00,50,20500
20221125,10:12:31,18799.00,200,20500
20221125,10:12:43,18800.00,100,20500
20221125,10:12:55,18800.00,50,20500
20221125,10:12:56,18799.00,50,20500
20221125,10:13:00,18799.00,50,20500
20221125,10:13:04,18798.65,200,20500
20221125,10:13:06,18798.65,50,20500
20221125,10:13:08,18798.65,100,20500
20221125,10:13:10,18798.30,50,20500
20221125,10:13:29,18800.00,100,20500
20221125,10:13:49,18800.00,50,20500
20221125,10:14:01,18797.30,50,20500
20221125,10:14:06,18796.85,50,20500
20221125,10:14:36,18796.85,100,21650
20221125,10:15:19,18796.85,50,21650
20221125,10:15:38,18796.85,50,21650
20221125,10:16:09,18798.70,50,21650
20221125,10:16:12,18796.85,50,21650
20221125,10:16:36,18796.85,200,21650
20221125,10:16:51,18795.55,400,21650
20221125,10:17:18,18793.35,50,21650
20221125,10:17:34,18790.15,100,22350
20221125,10:17:38,18790.00,100,22350
20221125,10:17:58,18785.00,50,22350
20221125,10:18:07,18784.55,100,22350
20221125,10:18:19,18786.65,50,22350
20221125,10:19:10,18790.00,50,22350
20221125,10:19:47,18789.00,50,22350
20221125,10:20:01,18788.65,50,22350
20221125,10:20:40,18787.95,50,22550
20221125,10:20:44,18787.95,50,22550
20221125,10:20:52,18787.25,50,22550
20221125,10:21:15,18790.00,50,22550
20221125,10:21:19,18787.30,50,22550
20221125,10:21:31,18790.85,350,22550
20221125,10:22:04,18793.00,150,22550
20221125,10:22:33,18793.00,150,22550
20221125,10:22:35,18791.90,50,22550
20221125,10:22:36,18791.90,50,22550
20221125,10:23:15,18794.75,50,22550
20221125,10:23:23,18793.45,50,22550
20221125,10:23:42,18795.00,100,23150
20221125,10:23:46,18795.10,200,23150
20221125,10:23:50,18795.35,50,23150
20221125,10:24:38,18796.00,50,23150
20221125,10:24:40,18798.35,250,23150
20221125,10:25:19,18797.20,50,23150
20221125,10:25:56,18795.00,50,23150
20221125,10:26:15,18795.00,50,23150
20221125,10:26:18,18795.00,50,23150
20221125,10:26:38,18794.85,50,23700
20221125,10:26:42,18794.85,50,23700
20221125,10:26:53,18797.30,250,23700
20221125,10:27:32,18799.00,150,23700
20221125,10:28:29,18798.60,50,23700
20221125,10:28:46,18803.80,550,23700
20221125,10:28:55,18801.40,50,23700
20221125,10:29:03,18801.05,50,23700
20221125,10:29:24,18809.00,50,23700
20221125,10:29:41,18804.90,50,24500
20221125,10:29:48,18810.95,150,24500
20221125,10:30:08,18813.90,50,24500
20221125,10:30:17,18815.85,500,24500
20221125,10:30:21,18812.00,50,24500
20221125,10:30:26,18812.00,100,24500
20221125,10:31:07,18809.50,50,24500
20221125,10:31:11,18807.35,150,24500
20221125,10:31:21,18807.35,50,24500
20221125,10:31:39,18806.30,100,24500
20221125,10:32:01,18808.00,100,24500
20221125,10:32:08,18808.05,100,24500
20221125,10:32:21,18807.35,50,24500
20221125,10:33:54,18806.60,200,25200
20221125,10:34:09,18801.00,1200,25200
20221125,10:34:32,18805.45,50,25200
20221125,10:34:58,18800.00,1000,25200
20221125,10:35:02,18807.65,250,25200
20221125,10:35:07,18810.55,150,25200
20221125,10:35:53,18810.55,150,26800
20221125,10:36:00,18810.45,50,26800
20221125,10:36:32,18798.60,400,26800
20221125,10:36:36,18805.75,100,26800
20221125,10:37:08,18803.75,100,26800
20221125,10:37:25,18809.15,100,26800
20221125,10:37:33,18809.60,350,26800
20221125,10:38:09,18806.45,400,26800
20221125,10:38:13,18811.45,50,26800
20221125,10:38:25,18808.00,100,26800
20221125,10:38:40,18804.70,50,27550
20221125,10:39:01,18810.00,250,27550
20221125,10:39:09,18811.85,350,27550
20221125,10:39:16,18807.90,200,27550
20221125,10:39:20,18807.55,50,27550
20221125,10:40:12,18807.85,50,27550
20221125,10:40:16,18811.60,400,27550
20221125,10:41:05,18810.00,200,27550
20221125,10:41:07,18810.00,50,27550
20221125,10:41:27,18810.35,50,27550
20221125,10:42:22,18806.35,50,28150
20221125,10:42:58,18810.00,100,28150
20221125,10:43:02,18812.00,50,28150
20221125,10:43:11,18815.30,50,28150
20221125,10:43:17,18816.65,50,28150
20221125,10:43:52,18814.50,50,28150
20221125,10:44:04,18813.15,50,28150
20221125,10:44:17,18817.90,50,28150
20221125,10:44:40,18815.90,50,28450
20221125,10:44:51,18817.00,50,28450
20221125,10:45:01,18817.90,50,28450
20221125,10:45:14,18815.90,50,28450
20221125,10:45:26,18815.70,50,28450
20221125,10:45:47,18815.55,50,28450
20221125,10:46:05,18817.00,50,28450
20221125,10:46:10,18817.00,50,28450
20221125,10:46:11,18817.00,100,28450
20221125,10:46:12,18817.50,50,28450
20221125,10:46:14,18819.00,100,28450
20221125,10:46:44,18820.00,100,28450
20221125,10:46:45,18820.00,50,28450
20221125,10:46:47,18819.75,50,28450
20221125,10:46:49,18820.25,100,28450
20221125,10:47:06,18820.00,50,28450
20221125,10:47:45,18817.00,50,29050
20221125,10:47:52,18817.00,100,29050
20221125,10:47:53,18817.00,50,29050
20221125,10:48:15,18815.55,50,29050
20221125,10:48:39,18817.50,50,29050
20221125,10:48:48,18815.55,100,29050
20221125,10:49:06,18816.50,50,29050
20221125,10:49:19,18816.05,50,29050
20221125,10:49:48,18816.00,50,29050
20221125,10:50:04,18815.60,350,29050
20221125,10:51:28,18814.40,50,29700
20221125,10:52:16,18814.00,100,29700
20221125,10:52:26,18813.30,250,29700
20221125,10:52:37,18812.25,50,29700
20221125,10:53:06,18814.00,50,29700
20221125,10:53:19,18812.25,50,29700
20221125,10:53:58,18809.90,50,29650
20221125,10:54:42,18810.20,50,29650
20221125,10:56:51,18807.95,150,29700
20221125,10:57:02,18807.95,50,29700
20221125,10:57:36,18807.70,50,29700
20221125,10:58:00,18808.00,50,29700
20221125,11:01:06,18804.55,100,29850
20221125,11:01:25,18806.00,100,29850
20221125,11:01:37,18807.10,200,29850
20221125,11:02:25,18802.95,100,29850
20221125,11:02:35,18801.05,100,29850
20221125,11:02:55,18801.00,200,30100
20221125,11:03:48,18801.00,100,30100
20221125,11:03:49,18801.00,50,30100
20221125,11:05:06,18801.55,50,30100
20221125,11:05:10,18800.00,50,30100
20221125,11:05:12,18800.60,50,30100
20221125,11:05:39,18800.00,50,30350
20221125,11:06:00,18797.15,50,30350
20221125,11:06:15,18797.55,50,30350
20221125,11:06:32,18796.00,50,30350
20221125,11:08:29,18795.95,50,30350
20221125,11:09:43,18795.85,50,30550
20221125,11:10:14,18795.85,100,30550
20221125,11:10:17,18797.00,50,30550
20221125,11:10:35,18796.50,100,30550
20221125,11:10:43,18796.50,300,30550
20221125,11:10:47,18796.50,350,30550
20221125,11:10:51,18796.50,200,30550
20221125,11:10:58,18796.50,50,30550
20221125,11:11:05,18795.05,150,30550
20221125,11:11:39,18794.80,250,31700
20221125,11:11:49,18795.05,50,31700
20221125,11:11:51,18795.75,50,31700
20221125,11:11:55,18796.00,100,31700
20221125,11:12:04,18796.00,50,31700
20221125,11:12:04,18796.00,400,31700
20221125,11:12:11,18790.70,50,31700
20221125,11:12:15,18792.00,50,31700
20221125,11:12:22,18792.00,50,31700
20221125,11:12:26,18792.00,50,31700
20221125,11:12:41,18792.00,50,31700
20221125,11:12:50,18790.95,100,31700
20221125,11:12:53,18790.60,100,31700
20221125,11:12:57,18791.00,300,31700
20221125,11:12:58,18791.00,400,31700
20221125,11:13:19,18791.00,50,31700
20221125,11:13:29,18790.30,100,31700
20221125,11:13:41,18791.00,50,31700
20221125,11:14:44,18790.00,50,33250
20221125,11:14:57,18788.00,100,33250
20221125,11:15:23,18790.00,50,33250
20221125,11:15:29,18790.00,100,33250
20221125,11:15:41,18787.10,50,33250
20221125,11:16:27,18793.40,200,33250
20221125,11:17:03,18790.45,50,33250
20221125,11:17:45,18793.75,300,33650
20221125,11:18:48,18793.80,50,33650
20221125,11:19:53,18798.55,50,33650
20221125,11:20:45,18803.65,300,34000
20221125,11:20:48,18800.00,50,34000
20221125,11:20:50,18801.65,50,34000
20221125,11:20:52,18800.00,50,34000
20221125,11:20:55,18800.00,50,34000
20221125,11:21:18,18800.00,50,34000
20221125,11:21:19,18798.55,500,34000
20221125,11:21:27,18797.50,50,34000
20221125,11:21:48,18797.55,50,34000
20221125,11:21:53,18797.50,50,34000
20221125,11:22:51,18797.90,50,34000
20221125,11:22:54,18797.70,50,34000
20221125,11:22:58,18797.50,50,34000
20221125,11:23:12,18797.50,200,34000
20221125,11:23:19,18797.50,100,34000
20221125,11:23:20,18797.50,50,34000
20221125,11:23:30,18797.50,50,34000
20221125,11:23:32,18797.50,100,34000
20221125,11:24:36,18795.80,50,35300
20221125,11:26:28,18797.65,100,35300
20221125,11:26:39,18795.75,100,35300
20221125,11:27:16,18795.75,50,35300
20221125,11:27:27,18794.45,100,35300
20221125,11:27:39,18793.75,200,35300
20221125,11:27:57,18795.00,50,35300
20221125,11:29:03,18796.50,200,35300
20221125,11:29:32,18795.75,250,35300
20221125,11:29:56,18796.50,50,35750
20221125,11:30:55,18796.45,100,35750
20221125,11:31:07,18798.00,50,35750
20221125,11:32:07,18800.95,50,35750
20221125,11:32:10,18801.00,200,35750
20221125,11:32:25,18800.00,350,35750
20221125,11:33:53,18801.75,150,36350
20221125,11:34:14,18802.00,450,36350
20221125,11:34:22,18803.00,50,36350
20221125,11:35:02,18804.35,50,36350
20221125,11:35:18,18808.00,50,36350
20221125,11:35:41,18809.95,100,37050
20221125,11:35:59,18810.30,50,37050
20221125,11:37:34,18806.15,50,37050
20221125,11:39:33,18806.00,50,37050
20221125,11:40:55,18802.35,50,37050
20221125,11:41:52,18800.00,50,37100
20221125,11:42:15,18795.00,150,37100
20221125,11:42:32,18792.35,50,37100
20221125,11:42:37,18792.00,200,37100
20221125,11:42:41,18792.05,50,37100
20221125,11:42:53,18792.00,500,37100
20221125,11:42:57,18792.00,50,37100
20221125,11:43:52,18791.20,100,37100
20221125,11:44:15,18790.60,50,37100
20221125,11:44:41,18789.90,50,37100
20221125,11:45:18,18787.10,150,38000
20221125,11:45:21,18787.10,50,38000
20221125,11:46:04,18786.90,150,38000
20221125,11:46:05,18786.90,50,38000
20221125,11:46:08,18784.00,800,38000
20221125,11:46:19,18780.00,50,38000
20221125,11:47:25,18787.45,50,38000
20221125,11:48:25,18792.00,100,39200
20221125,11:48:54,18790.00,150,39200
20221125,11:48:55,18790.00,50,39200
20221125,11:49:14,18790.00,50,39200
20221125,11:49:34,18790.00,100,39200
20221125,11:49:50,18791.20,50,39200
20221125,11:50:05,18788.95,150,39200
20221125,11:50:22,18788.25,100,39200
20221125,11:50:27,18787.10,50,39200
20221125,11:52:13,18785.85,50,39700
20221125,11:52:28,18785.10,500,39700
20221125,11:52:59,18786.75,50,39700
20221125,11:56:14,18784.70,250,40250
20221125,11:58:05,18785.00,50,40250
20221125,11:58:09,18784.50,50,40250
20221125,11:59:11,18785.45,50,40250
20221125,11:59:30,18782.40,100,40250
20221125,12:00:44,18785.00,50,40350
20221125,12:03:50,18782.90,50,40350
20221125,12:04:35,18785.00,50,40350
20221125,12:05:04,18788.00,50,40350
20221125,12:05:12,18790.00,50,40350
20221125,12:05:45,18790.00,50,40350
20221125,12:05:52,18790.00,50,40550
20221125,12:06:03,18790.00,50,40550
20221125,12:07:40,18791.00,50,40550
20221125,12:08:34,18791.00,50,40550
20221125,12:12:57,18794.15,50,40700
20221125,12:13:35,18794.80,50,40700
20221125,12:13:38,18794.00,150,40700
20221125,12:14:54,18791.55,50,40650
20221125,12:16:15,18792.00,50,40650
20221125,12:16:18,18792.05,50,40650
20221125,12:16:31,18794.00,100,40650
20221125,12:17:10,18795.00,50,40650
20221125,12:17:41,18797.00,50,40650
20221125,12:19:02,18796.00,50,40650
20221125,12:19:13,18798.00,50,40650
20221125,12:19:21,18798.45,50,40650
20221125,12:19:25,18798.05,50,40650
20221125,12:19:57,18796.10,50,40650
20221125,12:21:18,18794.10,50,40700
20221125,12:21:25,18794.05,50,40700
20221125,12:21:28,18793.85,150,40700
20221125,12:21:42,18795.85,50,40700
20221125,12:22:13,18800.00,50,40700
20221125,12:24:02,18800.85,50,40850
20221125,12:26:09,18803.25,100,40850
20221125,12:26:15,18803.20,50,40850
20221125,12:28:03,18800.85,50,40900
20221125,12:29:56,18803.25,100,40950
20221125,12:30:04,18805.20,50,40950
20221125,12:30:34,18806.45,150,40950
20221125,12:31:54,18808.00,50,40950
20221125,12:32:28,18808.35,50,40950
20221125,12:32:42,18810.00,100,40950
20221125,12:32:52,18809.95,50,41150
20221125,12:33:08,18809.95,150,41150
20221125,12:33:15,18808.10,100,41150
20221125,12:34:00,18808.10,100,41150
20221125,12:34:41,18808.35,100,41150
20221125,12:35:10,18810.00,700,41150
20221125,12:35:22,18810.00,500,41150
20221125,12:35:41,18810.00,50,41150
20221125,12:36:32,18810.65,50,41250
20221125,12:37:29,18809.80,50,41250
20221125,12:38:12,18807.20,50,41250
20221125,12:40:20,18806.00,50,41200
20221125,12:41:05,18804.05,50,41200
20221125,12:41:11,18805.00,50,41200
20221125,12:41:24,18806.15,150,41200
20221125,12:41:30,18808.00,100,41200
20221125,12:41:31,18808.00,100,41200
20221125,12:41:32,18808.00,50,41200
20221125,12:41:42,18808.15,100,41200
20221125,12:41:46,18807.95,50,41200
20221125,12:41:49,18808.00,50,41200
20221125,12:41:51,18809.00,50,41200
20221125,12:41:58,18813.20,100,41250
20221125,12:42:08,18814.90,50,41250
20221125,12:42:12,18815.00,50,41250
20221125,12:42:24,18815.35,200,41250
20221125,12:42:56,18816.20,50,41250
20221125,12:45:17,18810.85,100,41350
20221125,12:45:31,18808.45,50,41350
20221125,12:47:09,18804.85,50,41350
20221125,12:47:17,18804.30,50,41350
20221125,12:49:30,18816.85,50,41500
20221125,12:49:42,18814.00,50,41500
20221125,12:50:12,18817.35,150,41500
20221125,12:50:31,18817.15,150,41500
20221125,12:50:47,18818.05,50,41500
20221125,12:54:49,18814.50,50,41750
20221125,12:55:03,18815.90,50,41750
20221125,12:55:36,18817.40,200,41750
20221125,12:55:40,18817.40,300,41750
20221125,12:55:47,18818.20,100,41750
20221125,12:56:06,18818.20,50,41750
20221125,12:56:36,18820.85,150,41750
20221125,12:56:40,18820.85,50,41750
20221125,12:57:00,18820.85,50,42300
20221125,12:57:08,18821.70,50,42300
20221125,12:57:27,18822.20,50,42300
20221125,12:57:35,18822.75,50,42300
20221125,12:58:04,18822.75,50,42300
20221125,12:58:07,18821.25,500,42300
20221125,12:58:25,18820.95,50,42300
20221125,12:58:51,18820.95,200,42300
20221125,13:00:09,18823.50,500,42500
20221125,13:00:35,18823.60,100,42500
20221125,13:00:49,18822.00,100,42500
20221125,13:00:55,18823.50,50,42500
20221125,13:01:34,18824.60,50,42500
20221125,13:02:12,18824.95,50,42500
20221125,13:02:26,18825.00,50,42500
20221125,13:03:14,18824.25,50,43050
20221125,13:04:00,18819.00,150,43050
20221125,13:04:30,18819.00,50,43050
20221125,13:05:04,18819.00,50,43050
20221125,13:07:01,18818.20,50,43150
20221125,13:07:23,18818.20,100,43150
20221125,13:07:34,18816.20,50,43150
20221125,13:07:57,18815.85,50,43150
20221125,13:08:48,18815.35,50,43150
20221125,13:10:27,18814.35,100,43250
20221125,13:10:59,18813.00,50,43250
20221125,13:11:07,18813.00,50,43250
20221125,13:11:24,18813.00,50,43250
20221125,13:12:22,18818.10,500,43400
20221125,13:13:53,18819.00,50,43400
20221125,13:14:53,18820.05,200,43400
20221125,13:15:16,18821.00,100,43650
20221125,13:15:19,18821.35,200,43650
20221125,13:15:44,18819.00,50,43650
20221125,13:15:48,18819.00,50,43650
20221125,13:15:54,18818.65,50,43650
20221125,13:16:17,18816.85,50,43650
20221125,13:16:21,18816.85,50,43650
20221125,13:16:24,18816.85,100,43650
20221125,13:16:27,18816.90,50,43650
20221125,13:16:31,18816.90,50,43650
20221125,13:16:35,18817.65,50,43650
20221125,13:16:39,18817.60,50,43650
20221125,13:16:42,18817.60,100,43650
20221125,13:16:57,18818.10,150,43650
20221125,13:17:04,18819.00,50,43650
20221125,13:18:45,18816.05,50,44550
20221125,13:19:16,18815.00,50,44550
20221125,13:20:08,18814.45,100,44550
20221125,13:20:23,18816.00,100,44550
20221125,13:22:32,18813.35,50,44700
20221125,13:23:09,18814.50,50,44700
20221125,13:23:31,18814.55,50,44700
20221125,13:24:57,18815.95,50,44700
20221125,13:26:36,18814.25,200,44700
20221125,13:27:01,18816.80,50,44700
20221125,13:28:01,18818.20,50,44700
20221125,13:28:05,18818.20,50,44750
20221125,13:28:13,18816.05,50,44750
20221125,13:31:17,18817.25,50,44800
20221125,13:31:32,18820.35,50,44800
20221125,13:31:55,18821.10,50,44800
20221125,13:32:18,18822.95,50,44800
20221125,13:32:22,18822.05,50,44800
20221125,13:34:11,18821.40,50,44900
20221125,13:34:34,18817.95,350,44900
20221125,13:34:43,18821.40,50,44900
20221125,13:35:18,18823.00,50,44900
20221125,13:35:28,18823.00,50,44900
20221125,13:35:30,18823.35,50,44900
20221125,13:36:31,18822.65,50,45250
20221125,13:36:54,18824.05,200,45250
20221125,13:37:10,18824.85,50,45250
20221125,13:40:02,18821.35,50,45400
20221125,13:40:25,18821.35,50,45400
20221125,13:40:28,18821.35,50,45400
20221125,13:40:41,18821.35,50,45400
20221125,13:41:31,18823.00,50,45400
20221125,13:41:56,18822.50,300,45400
20221125,13:42:00,18822.50,100,45400
20221125,13:42:27,18822.50,50,45750
20221125,13:42:36,18822.55,50,45750
20221125,13:43:03,18822.55,50,45750
20221125,13:43:18,18822.55,50,45750
20221125,13:44:19,18820.60,50,45750
20221125,13:44:56,18820.00,150,45750
20221125,13:45:24,18821.45,50,45950
20221125,13:46:32,18821.05,50,45950
20221125,13:47:59,18822.00,50,45950
20221125,13:48:33,18822.55,50,46050
20221125,13:48:37,18822.85,50,46050
20221125,13:49:15,18823.05,50,46050
20221125,13:49:43,18820.70,50,46050
20221125,13:50:02,18820.00,50,46050
20221125,13:50:52,18821.80,200,46050
20221125,13:52:10,18830.00,1600,46200
20221125,13:52:19,18832.00,50,46200
20221125,13:52:23,18832.00,50,46200
20221125,13:52:37,18835.00,150,46200
20221125,13:52:50,18835.00,100,46200
20221125,13:52:54,18835.00,100,46200
20221125,13:53:02,18835.00,50,46200
20221125,13:53:14,18834.10,500,46200
20221125,13:53:34,18837.00,50,46200
20221125,13:53:46,18837.55,50,46200
20221125,13:53:50,18837.55,500,46200
20221125,13:54:00,18835.40,50,46200
20221125,13:54:08,18837.00,100,45950
20221125,13:54:11,18837.30,400,45950
20221125,13:54:29,18837.30,100,45950
20221125,13:54:46,18835.40,50,45950
20221125,13:54:54,18836.00,50,45950
20221125,13:54:58,18838.15,250,45950
20221125,13:55:03,18839.80,200,45950
20221125,13:55:12,18841.00,750,45950
20221125,13:55:21,18845.00,50,45950
20221125,13:55:26,18846.00,50,45950
20221125,13:55:38,18848.00,100,45950
20221125,13:55:43,18848.00,100,45950
20221125,13:56:03,18848.35,50,45950
20221125,13:56:24,18848.35,100,45950
20221125,13:56:47,18845.70,100,45950
20221125,13:56:55,18848.00,100,45950
20221125,13:57:41,18844.25,100,46700
20221125,13:57:50,18840.70,50,46700
20221125,13:58:31,18842.45,50,46700
20221125,13:58:42,18842.45,100,46700
20221125,13:59:07,18837.20,500,46700
20221125,13:59:32,18833.50,100,46700
20221125,14:00:03,18836.00,150,46700
20221125,14:00:07,18834.95,200,46700
20221125,14:00:11,18835.00,300,46700
20221125,14:00:35,18835.00,200,46700
20221125,14:00:39,18836.05,250,46700
20221125,14:01:08,18840.00,50,46700
20221125,14:01:28,18840.35,150,46700
20221125,14:01:35,18840.10,50,46700
20221125,14:01:46,18840.50,50,46700
20221125,14:02:01,18840.00,100,46700
20221125,14:02:08,18840.50,100,46700
20221125,14:02:27,18840.30,50,46700
20221125,14:02:45,18837.65,100,46700
20221125,14:04:13,18835.75,200,47350
20221125,14:04:33,18838.95,300,47350
20221125,14:04:41,18840.00,50,47350
20221125,14:05:01,18842.00,100,47350
20221125,14:05:06,18842.00,50,47350
20221125,14:05:25,18846.55,250,47350
20221125,14:05:29,18846.95,150,47350
20221125,14:06:51,18845.00,50,48050
20221125,14:07:03,18840.95,1500,48050
20221125,14:07:13,18847.25,800,48050
20221125,14:07:32,18843.55,50,48050
20221125,14:07:40,18832.10,1500,48050
20221125,14:07:55,18842.05,50,48050
20221125,14:08:13,18843.50,50,48050
20221125,14:08:23,18842.05,50,48050
20221125,14:08:37,18827.45,1000,48050
20221125,14:09:21,18837.00,300,51450
20221125,14:09:29,18836.40,100,51450
20221125,14:10:20,18836.05,400,51450
20221125,14:10:32,18835.00,50,51450
20221125,14:10:52,18834.55,250,51450
20221125,14:10:56,18834.55,50,51450
20221125,14:11:04,18831.20,50,51450
20221125,14:11:17,18830.00,950,51450
20221125,14:11:28,18822.65,50,51450
20221125,14:11:32,18822.15,50,51450
20221125,14:11:46,18826.15,500,51450
20221125,14:11:51,18822.15,50,51450
20221125,14:11:56,18820.05,50,51450
20221125,14:12:01,18820.00,350,51450
20221125,14:12:06,18820.00,100,51450
20221125,14:12:11,18815.00,150,51750
20221125,14:12:17,18810.40,300,51750
20221125,14:12:22,18810.00,450,51750
20221125,14:12:32,18808.75,100,51750
20221125,14:12:37,18810.35,250,51750
20221125,14:12:42,18810.80,100,51750
20221125,14:12:47,18813.45,350,51750
20221125,14:13:00,18816.65,500,51750
20221125,14:13:05,18817.15,50,51750
20221125,14:13:14,18817.15,100,51750
20221125,14:13:22,18819.50,50,51750
20221125,14:15:01,18822.65,50,51750
20221125,14:15:10,18819.95,50,51750
20221125,14:15:23,18816.65,100,52050
20221125,14:15:36,18815.00,50,52050
20221125,14:15:53,18816.00,100,52050
20221125,14:16:27,18817.00,50,52050
20221125,14:16:32,18813.45,150,52050
20221125,14:16:47,18810.75,50,52050
20221125,14:17:04,18811.40,50,52050
20221125,14:17:08,18810.00,50,52050
20221125,14:17:12,18810.00,50,52050
20221125,14:17:18,18810.00,50,52050
20221125,14:17:35,18811.25,50,52050
20221125,14:17:38,18812.60,50,52050
20221125,14:17:42,18812.55,50,52050
20221125,14:18:01,18810.70,50,52050
20221125,14:18:21,18811.00,100,52450
20221125,14:18:28,18811.00,50,52450
20221125,14:18:35,18810.00,50,52450
20221125,14:18:44,18808.95,100,52450
20221125,14:18:53,18808.00,50,52450
20221125,14:18:56,18806.90,50,52450
20221125,14:18:58,18806.00,50,52450
20221125,14:19:46,18805.00,50,52450
20221125,14:19:59,18804.50,50,52450
20221125,14:20:01,18803.85,50,52450
20221125,14:20:45,18807.60,50,52450
20221125,14:20:50,18807.65,50,52450
20221125,14:21:03,18810.50,150,52450
20221125,14:21:48,18815.30,200,52800
20221125,14:23:02,18807.00,50,52800
20221125,14:23:22,18809.25,100,52800
20221125,14:24:00,18810.45,50,52800
20221125,14:25:04,18817.50,50,53150
20221125,14:26:54,18817.55,50,53150
20221125,14:27:37,18816.45,50,53100
20221125,14:27:49,18821.00,50,53100
20221125,14:28:37,18827.10,50,53100
20221125,14:28:58,18821.40,50,53100
20221125,14:29:03,18821.75,50,53100
20221125,14:29:07,18822.55,50,53100
20221125,14:29:11,18821.35,50,53100
20221125,14:29:15,18825.05,100,53100
20221125,14:29:50,18822.25,150,53100
20221125,14:29:54,18822.30,50,53100
20221125,14:30:21,18829.95,100,53150
20221125,14:30:22,18829.95,100,53150
20221125,14:30:23,18829.95,50,53150
20221125,14:30:25,18832.85,50,53150
20221125,14:30:45,18833.10,50,53150
20221125,14:30:53,18833.00,50,53150
20221125,14:31:00,18833.00,100,53150
20221125,14:32:01,18827.70,50,53150
20221125,14:32:16,18831.25,300,53150
20221125,14:32:37,18825.00,50,53150
20221125,14:32:57,18826.05,50,53150
20221125,14:34:03,18826.05,50,53650
20221125,14:34:05,18825.00,50,53650
20221125,14:34:38,18826.40,50,53650
20221125,14:35:05,18828.00,50,53650
20221125,14:35:24,18826.45,50,53650
20221125,14:35:44,18829.50,50,53650
20221125,14:36:55,18834.15,50,53900
20221125,14:38:49,18834.00,50,53900
20221125,14:39:11,18834.15,50,53900
20221125,14:40:13,18839.90,50,53800
20221125,14:40:34,18839.95,100,53800
20221125,14:40:36,18839.95,150,53800
20221125,14:40:38,18840.00,150,53800
20221125,14:41:23,18839.35,50,53800
20221125,14:41:28,18836.25,50,53800
20221125,14:41:33,18836.50,50,53800
20221125,14:42:30,18832.65,50,54050
20221125,14:42:35,18833.00,50,54050
20221125,14:43:19,18835.00,50,54050
20221125,14:43:44,18830.40,100,54050
20221125,14:43:49,18829.85,150,54050
20221125,14:43:57,18830.90,50,54050
20221125,14:45:14,18829.35,50,54050
20221125,14:45:35,18826.10,50,54250
20221125,14:45:44,18830.60,50,54250
20221125,14:46:15,18840.00,50,54250
20221125,14:46:58,18839.95,50,54250
20221125,14:49:06,18837.30,50,54250
20221125,14:51:02,18836.00,100,54250
20221125,14:51:11,18836.00,50,54250
20221125,14:52:49,18833.30,150,54300
20221125,14:53:25,18820.05,50,54300
20221125,14:53:29,18820.00,50,54300
20221125,14:54:44,18826.80,50,54400
20221125,14:55:02,18827.20,50,54400
20221125,14:55:13,18835.10,50,54400
20221125,14:55:22,18836.00,50,54400
20221125,14:55:50,18837.50,50,54400
20221125,14:55:56,18836.40,50,54400
20221125,14:56:43,18838.15,50,54400
20221125,14:56:47,18838.15,50,54400
20221125,14:56:51,18841.10,50,54400
20221125,14:57:02,18841.10,50,54400
20221125,14:57:14,18837.85,50,54400
20221125,14:57:23,18837.80,50,54600
20221125,14:57:43,18837.35,50,54600
20221125,14:58:11,18835.40,50,54600
20221125,14:58:15,18836.60,150,54600
20221125,14:58:26,18837.00,50,54600
20221125,14:58:48,18837.30,50,54600
20221125,14:59:13,18845.00,1300,54600
20221125,14:59:19,18850.00,1050,54600
20221125,14:59:24,18850.50,50,54600
20221125,14:59:29,18850.50,50,54600
20221125,14:59:34,18850.00,50,54600
20221125,15:00:00,18849.80,100,54600
20221125,15:00:05,18850.00,100,54600
20221125,15:00:10,18852.20,100,54600
20221125,15:00:29,18852.20,50,55500
20221125,15:00:33,18850.00,50,55500
20221125,15:00:52,18842.30,100,55500
20221125,15:00:58,18831.55,300,55500
20221125,15:01:19,18840.10,50,55500
20221125,15:01:28,18838.85,250,55500
20221125,15:01:33,18836.50,50,55500
20221125,15:01:42,18835.60,50,55500
20221125,15:01:47,18834.85,150,55500
20221125,15:01:51,18834.55,50,55500
20221125,15:02:10,18834.55,100,55500
20221125,15:02:29,18834.00,100,55500
20221125,15:02:35,18830.00,50,55500
20221125,15:02:40,18820.40,150,55500
20221125,15:02:46,18820.00,50,55500
20221125,15:03:21,18819.95,100,55500
20221125,15:03:26,18817.30,50,56250
20221125,15:03:34,18820.00,50,56250
20221125,15:03:44,18825.00,50,56250
20221125,15:04:08,18822.00,100,56250
20221125,15:04:58,18830.50,50,56250
20221125,15:05:34,18831.65,100,56250
20221125,15:05:53,18831.90,50,56250
20221125,15:06:06,18834.55,50,56250
20221125,15:06:23,18840.10,100,56250
20221125,15:06:24,18840.10,50,56300
20221125,15:06:59,18841.30,150,56300
20221125,15:08:54,18848.00,200,56300
20221125,15:08:55,18845.65,50,56300
20221125,15:09:22,18844.30,50,56400
20221125,15:09:31,18844.30,50,56400
20221125,15:09:44,18844.30,50,56400
20221125,15:09:57,18846.35,50,56400
20221125,15:10:06,18846.95,50,56400
20221125,15:10:41,18846.95,200,56400
20221125,15:11:08,18848.00,100,56400
20221125,15:11:19,18849.65,50,56400
20221125,15:11:21,18850.00,50,56400
20221125,15:11:30,18851.00,50,56400
20221125,15:11:33,18850.00,50,56400
20221125,15:11:37,18850.00,100,56400
20221125,15:11:39,18850.00,50,56400
20221125,15:11:51,18853.00,50,56400
20221125,15:11:56,18853.85,150,56400
20221125,15:12:03,18853.85,50,56400
20221125,15:12:04,18852.70,50,56400
20221125,15:12:08,18850.95,50,56400
20221125,15:12:17,18852.45,50,56400
20221125,15:12:20,18851.95,200,56400
20221125,15:12:26,18851.90,50,56950
20221125,15:12:33,18849.10,50,56950
20221125,15:12:35,18846.55,600,56950
20221125,15:12:41,18847.35,50,56950
20221125,15:13:14,18848.75,50,56950
20221125,15:13:24,18848.75,50,56950
20221125,15:13:27,18848.75,50,56950
20221125,15:13:30,18850.05,50,56950
20221125,15:13:31,18851.25,100,56950
20221125,15:13:42,18850.00,50,56950
20221125,15:13:51,18850.00,150,56950
20221125,15:14:17,18850.65,50,56950
20221125,15:14:31,18848.90,50,56950
20221125,15:14:42,18846.15,50,56950
20221125,15:14:50,18848.90,50,56950
20221125,15:14:52,18848.95,50,56950
20221125,15:14:57,18848.95,100,56950
20221125,15:14:59,18845.40,50,56950
20221125,15:15:05,18846.55,50,56950
20221125,15:15:08,18845.40,50,56950
20221125,15:15:21,18835.50,50,56950
20221125,15:15:28,18838.80,50,57200
20221125,15:15:36,18834.70,50,57200
20221125,15:15:41,18836.40,50,57200
20221125,15:15:52,18840.40,100,57200
20221125,15:15:57,18839.75,50,57200
20221125,15:15:59,18839.75,150,57200
20221125,15:16:47,18844.20,50,57200
20221125,15:17:05,18842.80,100,57200
20221125,15:17:44,18843.15,100,57200
20221125,15:17:53,18842.25,50,57200
20221125,15:18:05,18841.25,50,57200
20221125,15:18:13,18840.45,50,57200
20221125,15:18:57,18837.90,50,57600
20221125,15:19:06,18839.45,50,57600
20221125,15:19:16,18840.25,50,57600
20221125,15:19:28,18840.25,50,57600
20221125,15:19:44,18837.75,50,57600
20221125,15:19:52,18837.75,50,57600
20221125,15:19:54,18837.75,50,57600
20221125,15:20:08,18835.40,50,57600
20221125,15:20:17,18833.70,50,57600
20221125,15:20:22,18831.40,50,57600
20221125,15:20:26,18830.00,150,57600
20221125,15:20:31,18830.05,50,57600
20221125,15:20:50,18830.00,350,57600
20221125,15:20:59,18829.95,50,57600
20221125,15:21:06,18829.00,50,57600
20221125,15:21:11,18830.00,100,57600
20221125,15:21:15,18830.00,50,57600
20221125,15:21:38,18834.30,50,58100
20221125,15:22:08,18836.00,100,58100
20221125,15:22:17,18838.20,200,58100
20221125,15:23:12,18834.85,100,58100
20221125,15:23:29,18833.60,100,58100
20221125,15:23:46,18833.05,200,58100
20221125,15:23:59,18833.00,100,58100
20221125,15:24:03,18835.20,100,58100
20221125,15:24:06,18835.50,400,58100
20221125,15:24:21,18835.50,50,58100
20221125,15:24:27,18835.50,50,58850
20221125,15:24:50,18836.00,150,58850
20221125,15:25:17,18837.00,100,58850
20221125,15:26:06,18838.75,50,58850
20221125,15:26:18,18838.75,50,58850
20221125,15:26:31,18838.40,50,58850
20221125,15:26:48,18838.00,50,58850
20221125,15:27:35,18839.00,100,59000
20221125,15:27:39,18837.05,50,59000
20221125,15:27:55,18838.00,50,59000
20221125,15:27:59,18840.00,50,59000
20221125,15:28:19,18842.65,50,59000
20221125,15:28:33,18838.45,50,59000
20221125,15:28:37,18841.90,50,59000
20221125,15:28:59,18841.50,50,59000
20221125,15:29:15,18838.80,50,59000
20221125,15:29:29,18840.00,50,59000
20221125,15:29:37,18866.00,1800,59000
20221125,15:29:41,18866.00,50,59000
20221125,15:29:45,18848.60,50,59000
20221125,15:29:51,18848.30,200,59000
