20221125,09:15:01,18720.70,1,1003150
20221125,09:15:01,18720.70,100,1003150
20221125,09:15:02,18719.55,2250,1003150
20221125,09:15:04,18749.75,100,1003150
20221125,09:15:05,18724.00,100,1003150
20221125,09:15:07,18729.95,50,1003150
20221125,09:15:08,18729.95,50,1003150
20221125,09:15:09,18729.95,50,1003150
20221125,09:15:10,18721.15,100,1003150
20221125,09:15:11,18725.45,50,1003150
20221125,09:15:12,18720.90,150,1003150
20221125,09:15:14,18709.50,650,1003150
20221125,09:15:15,18709.50,50,1003150
20221125,09:15:16,18715.75,150,1003150
20221125,09:15:17,18719.50,250,1003150
20221125,09:15:18,18720.40,750,1003150
20221125,09:15:19,18725.00,150,1003150
20221125,09:15:20,18729.85,500,1003150
20221125,09:15:21,18724.10,150,1003150
20221125,09:15:24,18724.00,1700,1003150
20221125,09:15:26,18724.95,200,1003150
20221125,09:15:27,18725.25,250,1003150
20221125,09:15:28,18724.95,200,1003150
20221125,09:15:29,18728.40,50,1003150
20221125,09:15:30,18729.35,150,1003150
20221125,09:15:31,18724.95,100,1003150
20221125,09:15:35,18728.35,50,1003150
20221125,09:15:37,18724.10,100,1003150
20221125,09:15:38,18722.75,800,1003150
20221125,09:15:40,18720.60,150,1003150
20221125,09:15:41,18720.15,200,1003150
20221125,09:15:43,18718.95,150,1003150
20221125,09:15:44,18713.35,650,1003150
20221125,09:15:47,18717.25,50,1003150
20221125,09:15:48,18712.00,100,1003150
20221125,09:15:51,18709.35,250,1003150
20221125,09:15:54,18709.35,150,1003150
20221125,09:15:55,18708.70,100,1003150
20221125,09:15:57,18708.70,150,1003150
20221125,09:15:58,18709.00,50,1003150
20221125,09:16:01,18708.85,150,1003150
20221125,09:16:03,18703.90,150,1003150
20221125,09:16:07,18711.00,450,1003150
20221125,09:16:10,18706.90,100,1003150
20221125,09:16:11,18710.80,100,1003150
20221125,09:16:12,18706.10,100,1003150
20221125,09:16:13,18710.00,150,1003150
20221125,09:16:14,18710.00,50,1003150
20221125,09:16:15,18708.05,300,1003150
20221125,09:16:16,18708.05,100,1003150
20221125,09:16:19,18710.05,50,1003150
20221125,09:16:20,18711.40,50,1003150
20221125,09:16:23,18702.40,2100,1003150
20221125,09:16:25,18708.75,50,1003150
20221125,09:16:26,18714.15,1650,1003150
20221125,09:16:27,18703.25,200,1003150
20221125,09:16:28,18704.25,300,1003150
20221125,09:16:29,18715.90,150,1003150
20221125,09:16:30,18713.95,100,1003150
20221125,09:16:31,18714.50,200,1003150
20221125,09:16:32,18715.25,200,1003150
20221125,09:16:35,18715.00,350,1003150
20221125,09:16:36,18711.30,200,1003150
20221125,09:16:37,18716.85,1000,1003150
20221125,09:16:38,18716.80,50,1003150
20221125,09:16:39,18714.55,150,1003150
20221125,09:16:40,18715.45,600,1003150
20221125,09:16:42,18714.85,50,1003150
20221125,09:16:44,18715.00,50,1003150
20221125,09:16:45,18715.45,150,1003150
20221125,09:16:47,18712.35,250,1003150
20221125,09:16:48,18716.20,50,1003150
20221125,09:16:50,18715.45,50,1003150
20221125,09:16:53,18716.95,50,1003150
20221125,09:16:54,18715.00,150,1003150
20221125,09:16:55,18712.35,50,1003150
20221125,09:16:57,18715.15,250,1003150
20221125,09:17:00,18715.25,50,1003150
20221125,09:17:01,18712.35,100,1003150
20221125,09:17:04,18711.15,100,1003150
20221125,09:17:06,18710.75,300,1003150
20221125,09:17:09,18710.05,50,1003150
20221125,09:17:10,18710.05,50,1003150
20221125,09:17:11,18710.00,100,1003150
20221125,09:17:12,18710.00,100,1003150
20221125,09:17:13,18712.50,50,1003500
20221125,09:17:16,18711.45,50,1003500
20221125,09:17:20,18710.00,50,1003500
20221125,09:17:22,18710.00,250,1003500
20221125,09:17:23,18708.00,100,1003500
20221125,09:17:24,18707.00,50,1003500
20221125,09:17:26,18705.00,50,1003500
20221125,09:17:27,18708.90,50,1003500
20221125,09:17:28,18705.10,250,1003500
20221125,09:17:29,18705.30,50,1003500
20221125,09:17:31,18706.00,50,1003500
20221125,09:17:35,18708.95,50,1003500
20221125,09:17:41,18708.75,200,1003500
20221125,09:17:44,18705.20,450,1003500
20221125,09:17:46,18705.00,50,1003500
20221125,09:17:47,18707.60,50,1003500
20221125,09:17:49,18707.75,50,1003500
20221125,09:17:50,18708.45,200,1003500
20221125,09:17:51,18706.00,50,1003500
20221125,09:17:56,18705.00,250,1003500
20221125,09:17:57,18705.50,50,1003500
20221125,09:17:58,18706.40,50,1003500
20221125,09:18:00,18706.05,100,1003500
20221125,09:18:01,18706.00,50,1003500
20221125,09:18:04,18706.00,50,1003500
20221125,09:18:06,18708.50,50,1003500
20221125,09:18:09,18706.00,150,1003500
20221125,09:18:12,18706.00,100,1003500
20221125,09:18:14,18708.90,50,1003500
20221125,09:18:15,18708.85,50,1003500
20221125,09:18:19,18708.00,50,1003500
20221125,09:18:20,18706.05,550,1003500
20221125,09:18:21,18708.90,50,1003500
20221125,09:18:24,18708.75,100,1003500
20221125,09:18:30,18708.00,150,1003500
20221125,09:18:31,18706.00,50,1003500
20221125,09:18:33,18705.00,250,1003500
20221125,09:18:40,18705.00,50,1003500
20221125,09:18:41,18707.50,300,1003500
20221125,09:18:42,18705.05,150,1003500
20221125,09:18:44,18708.00,50,1003500
20221125,09:18:47,18705.00,250,1003500
20221125,09:18:51,18704.05,400,1003500
20221125,09:18:55,18707.95,50,1003500
20221125,09:19:03,18706.40,100,1003500
20221125,09:19:04,18705.00,100,1003500
20221125,09:19:05,18704.05,150,1003500
20221125,09:19:11,18705.00,50,1003500
20221125,09:19:16,18706.85,100,1003500
20221125,09:19:23,18706.00,100,1003500
20221125,09:19:28,18705.00,50,1003500
20221125,09:19:30,18704.00,200,1003500
20221125,09:19:33,18702.05,100,1003500
20221125,09:19:34,18702.00,50,1003500
20221125,09:19:35,18702.00,100,1003500
20221125,09:19:39,18702.00,50,1003500
20221125,09:19:40,18702.00,50,1003500
20221125,09:19:45,18704.00,100,1003500
20221125,09:19:46,18704.00,400,1003500
20221125,09:19:47,18704.00,50,1003500
20221125,09:19:49,18704.00,50,1003500
20221125,09:19:50,18704.00,1450,1003500
20221125,09:19:51,18706.00,150,1003500
20221125,09:19:52,18706.00,100,1003500
20221125,09:20:03,18702.80,50,1003500
20221125,09:20:06,18704.00,100,1003500
20221125,09:20:08,18707.40,50,1003500
20221125,09:20:09,18704.50,200,1003500
20221125,09:20:10,18708.00,200,1003500
20221125,09:20:11,18706.05,50,1003500
20221125,09:20:12,18707.70,650,1003500
20221125,09:20:13,18702.80,50,1003500
20221125,09:20:14,18702.60,50,1005450
20221125,09:20:15,18705.30,50,1005450
20221125,09:20:16,18702.55,50,1005450
20221125,09:20:20,18702.95,250,1005450
20221125,09:20:21,18702.65,50,1005450
20221125,09:20:22,18702.55,150,1005450
20221125,09:20:25,18702.55,50,1005450
20221125,09:20:26,18705.00,50,1005450
20221125,09:20:30,18705.00,400,1005450
20221125,09:20:32,18705.00,50,1005450
20221125,09:20:36,18707.00,150,1005450
20221125,09:20:39,18708.00,50,1005450
20221125,09:20:40,18708.00,150,1005450
20221125,09:20:41,18709.00,100,1005450
20221125,09:20:42,18709.95,100,1005450
20221125,09:20:44,18710.00,250,1005450
20221125,09:20:45,18710.00,50,1005450
20221125,09:20:47,18710.00,100,1005450
20221125,09:20:52,18709.35,100,1005450
20221125,09:20:53,18712.00,100,1005450
20221125,09:20:55,18712.00,100,1005450
20221125,09:20:56,18712.95,50,1005450
20221125,09:20:58,18709.50,50,1005450
20221125,09:21:00,18711.35,400,1005450
20221125,09:21:01,18717.60,150,1005450
20221125,09:21:02,18718.45,50,1005450
20221125,09:21:05,18717.45,50,1005450
20221125,09:21:09,18716.40,100,1005450
20221125,09:21:10,18717.00,400,1005450
20221125,09:21:11,18717.00,50,1005450
20221125,09:21:12,18716.50,50,1005450
20221125,09:21:14,18712.50,100,1005450
20221125,09:21:19,18713.00,50,1005450
20221125,09:21:20,18712.50,300,1005450
20221125,09:21:21,18712.00,100,1005450
20221125,09:21:22,18712.35,50,1005450
20221125,09:21:23,18712.40,50,1005450
20221125,09:21:26,18712.50,50,1005450
20221125,09:21:27,18710.10,50,1005450
20221125,09:21:30,18710.10,150,1005450
20221125,09:21:31,18712.40,50,1005450
20221125,09:21:34,18712.50,50,1005450
20221125,09:21:35,18710.10,50,1005450
20221125,09:21:36,18712.40,150,1005450
20221125,09:21:37,18710.05,250,1005450
20221125,09:21:38,18712.35,50,1005450
20221125,09:21:39,18712.35,50,1005450
20221125,09:21:40,18710.00,200,1005450
20221125,09:21:42,18710.20,350,1005450
20221125,09:21:44,18709.45,500,1005450
20221125,09:21:49,18707.90,50,1005450
20221125,09:21:58,18705.00,100,1005450
20221125,09:21:59,18702.55,450,1005450
20221125,09:22:00,18704.30,50,1005450
20221125,09:22:02,18704.30,100,1005450
20221125,09:22:06,18702.00,50,1005450
20221125,09:22:07,18701.05,50,1005450
20221125,09:22:09,18701.00,150,1005450
20221125,09:22:10,18700.00,1300,1005450
20221125,09:22:11,18700.00,50,1005450
20221125,09:22:12,18698.30,150,1005450
20221125,09:22:14,18697.05,50,1005450
20221125,09:22:19,18697.00,150,1005450
20221125,09:22:26,18696.30,150,1005450
20221125,09:22:28,18695.80,50,1005450
20221125,09:22:33,18695.80,100,1005450
20221125,09:22:35,18695.55,250,1005450
20221125,09:22:36,18695.35,50,1005450
20221125,09:22:37,18695.35,50,1005450
20221125,09:22:40,18696.15,100,1005450
20221125,09:22:42,18695.05,100,1005450
20221125,09:22:43,18694.00,200,1005450
20221125,09:22:44,18694.00,200,1005450
20221125,09:22:47,18697.00,50,1005450
20221125,09:22:52,18693.80,50,1005450
20221125,09:22:56,18693.80,50,1005450
20221125,09:22:59,18694.10,250,1005450
20221125,09:23:02,18696.90,150,1005450
20221125,09:23:03,18690.60,1850,1005450
20221125,09:23:04,18690.60,50,1005450
20221125,09:23:05,18695.20,100,1005450
20221125,09:23:08,18696.00,100,1005450
20221125,09:23:10,18695.05,150,1005450
20221125,09:23:11,18694.95,200,1005450
20221125,09:23:16,18695.00,600,1006750
20221125,09:23:23,18694.15,50,1006750
20221125,09:23:27,18692.30,250,1006750
20221125,09:23:29,18692.45,150,1006750
20221125,09:23:30,18692.50,150,1006750
20221125,09:23:31,18692.00,50,1006750
20221125,09:23:37,18690.30,100,1006750
20221125,09:23:44,18691.00,50,1006750
20221125,09:23:47,18692.75,100,1006750
20221125,09:23:48,18693.00,50,1006750
20221125,09:23:49,18690.60,50,1006750
20221125,09:23:50,18692.15,100,1006750
20221125,09:23:52,18692.25,50,1006750
20221125,09:23:54,18694.85,50,1006750
20221125,09:23:55,18695.00,50,1006750
20221125,09:23:56,18695.50,50,1006750
20221125,09:23:57,18692.80,100,1006750
20221125,09:24:06,18692.00,100,1006750
20221125,09:24:11,18692.00,100,1006750
20221125,09:24:14,18694.15,50,1006750
20221125,09:24:15,18693.85,50,1006750
20221125,09:24:21,18693.90,100,1006750
20221125,09:24:24,18694.55,150,1006750
20221125,09:24:28,18691.15,100,1006750
20221125,09:24:33,18694.35,550,1006750
20221125,09:24:36,18695.05,250,1006750
20221125,09:24:43,18699.35,50,1006750
20221125,09:24:50,18697.00,50,1006750
20221125,09:24:51,18699.00,50,1006750
20221125,09:24:52,18699.20,150,1006750
20221125,09:24:57,18695.70,50,1006750
20221125,09:24:58,18695.70,50,1006750
20221125,09:25:01,18695.70,950,1006750
20221125,09:25:07,18695.70,300,1006750
20221125,09:25:13,18699.15,100,1006750
20221125,09:25:14,18695.75,100,1006750
20221125,09:25:28,18696.25,150,1006750
20221125,09:25:30,18699.30,50,1006750
20221125,09:25:31,18700.00,50,1006750
20221125,09:25:32,18700.00,100,1006750
20221125,09:25:34,18700.00,300,1006750
20221125,09:25:37,18700.05,250,1006750
20221125,09:25:43,18699.95,50,1006750
20221125,09:25:46,18703.85,350,1006750
20221125,09:25:49,18704.55,50,1006750
20221125,09:25:54,18703.40,50,1006750
20221125,09:25:56,18700.05,150,1006750
20221125,09:25:59,18701.60,50,1006750
20221125,09:26:01,18700.00,150,1006750
20221125,09:26:02,18699.95,600,1006750
20221125,09:26:06,18699.00,50,1006750
20221125,09:26:07,18700.00,50,1006750
20221125,09:26:09,18700.00,50,1006750
20221125,09:26:15,18700.05,50,1006950
20221125,09:26:16,18699.70,50,1006950
20221125,09:26:22,18700.00,50,1006950
20221125,09:26:24,18701.35,150,1006950
20221125,09:26:25,18697.75,50,1006950
20221125,09:26:29,18700.35,50,1006950
20221125,09:26:30,18699.60,50,1006950
20221125,09:26:32,18697.00,100,1006950
20221125,09:26:38,18699.90,50,1006950
20221125,09:26:39,18700.00,100,1006950
20221125,09:26:46,18700.00,50,1006950
20221125,09:26:49,18696.25,150,1006950
20221125,09:27:01,18699.70,500,1006950
20221125,09:27:03,18696.25,50,1006950
20221125,09:27:08,18696.80,100,1006950
20221125,09:27:15,18698.90,150,1006950
20221125,09:27:18,18695.05,150,1006950
20221125,09:27:28,18695.55,50,1006950
20221125,09:27:36,18700.00,150,1006950
20221125,09:27:37,18700.00,200,1006950
20221125,09:27:46,18701.00,50,1006950
20221125,09:27:52,18701.65,50,1006950
20221125,09:27:53,18697.40,500,1006950
20221125,09:27:56,18702.95,150,1006950
20221125,09:28:06,18700.35,50,1006950
20221125,09:28:10,18700.00,50,1006950
20221125,09:28:15,18699.50,150,1006950
20221125,09:28:16,18701.85,50,1006950
20221125,09:28:18,18700.00,50,1006950
20221125,09:28:21,18700.00,100,1006950
20221125,09:28:22,18700.00,50,1006950
20221125,09:28:25,18701.10,50,1006950
20221125,09:28:27,18703.00,50,1006950
20221125,09:28:29,18706.00,100,1006950
20221125,09:28:34,18704.50,200,1006950
20221125,09:28:44,18707.00,100,1006950
20221125,09:28:44,18704.10,100,1006950
20221125,09:28:51,18705.00,200,1006950
20221125,09:28:52,18708.05,50,1006950
20221125,09:28:55,18702.40,50,1006950
20221125,09:28:56,18705.45,50,1006950
20221125,09:28:57,18706.20,100,1006950
20221125,09:28:58,18708.35,500,1006950
20221125,09:28:59,18706.05,150,1006950
20221125,09:29:00,18705.80,50,1006950
20221125,09:29:01,18706.90,50,1006950
20221125,09:29:02,18707.00,50,1006950
20221125,09:29:07,18710.30,550,1006950
20221125,09:29:09,18711.05,50,1006950
20221125,09:29:11,18707.60,50,1006950
20221125,09:29:13,18711.65,850,1006950
20221125,09:29:22,18711.25,250,1007700
20221125,09:29:25,18708.55,200,1007700
20221125,09:29:27,18707.65,50,1007700
20221125,09:29:32,18708.80,250,1007700
20221125,09:29:38,18711.20,50,1007700
20221125,09:29:44,18711.65,50,1007700
20221125,09:29:46,18713.30,50,1007700
20221125,09:29:52,18712.10,200,1007700
20221125,09:29:53,18714.90,50,1007700
20221125,09:29:55,18716.70,100,1007700
20221125,09:29:56,18717.20,200,1007700
20221125,09:30:01,18715.80,50,1007700
20221125,09:30:02,18713.80,100,1007700
20221125,09:30:03,18713.95,250,1007700
20221125,09:30:07,18713.25,50,1007700
20221125,09:30:09,18713.00,50,1007700
20221125,09:30:11,18714.40,3400,1007700
20221125,09:30:14,18712.80,50,1007700
20221125,09:30:17,18713.00,50,1007700
20221125,09:30:36,18713.00,150,1007700
20221125,09:30:41,18713.35,300,1007700
20221125,09:30:43,18716.40,50,1007700
20221125,09:30:53,18712.10,50,1007700
20221125,09:30:55,18711.80,50,1007700
20221125,09:30:58,18712.10,50,1007700
20221125,09:31:00,18717.60,1000,1007700
20221125,09:31:05,18716.00,50,1007700
20221125,09:31:09,18713.45,50,1007700
20221125,09:31:09,18717.50,50,1007700
20221125,09:31:11,18716.05,50,1007700
20221125,09:31:13,18713.90,300,1007700
20221125,09:31:22,18715.00,200,1007700
20221125,09:31:26,18714.00,50,1007700
20221125,09:31:28,18714.00,100,1007700
20221125,09:31:33,18712.50,50,1007700
20221125,09:31:41,18713.20,100,1007700
20221125,09:31:42,18713.15,50,1007700
20221125,09:31:43,18713.20,50,1007700
20221125,09:31:43,18712.95,100,1007700
20221125,09:31:46,18716.85,100,1007700
20221125,09:31:49,18716.85,100,1007700
20221125,09:31:56,18716.00,100,1007700
20221125,09:31:57,18719.90,200,1007700
20221125,09:31:58,18719.95,50,1007700
20221125,09:31:59,18719.05,150,1007700
20221125,09:31:59,18722.55,400,1007700
20221125,09:32:00,18721.75,50,1007700
20221125,09:32:03,18721.75,100,1007700
20221125,09:32:05,18721.25,50,1007700
20221125,09:32:06,18721.50,50,1007700
20221125,09:32:09,18722.20,50,1007700
20221125,09:32:10,18724.05,300,1007700
20221125,09:32:11,18725.25,250,1007700
20221125,09:32:12,18725.25,50,1007700
20221125,09:32:13,18725.75,200,1007700
20221125,09:32:14,18725.35,150,1007700
20221125,09:32:15,18727.25,50,1007700
20221125,09:32:16,18726.10,150,1011900
20221125,09:32:17,18727.75,50,1011900
20221125,09:32:18,18728.15,100,1011900
20221125,09:32:20,18729.95,150,1011900
20221125,09:32:21,18728.25,200,1011900
20221125,09:32:22,18728.50,50,1011900
20221125,09:32:23,18726.25,100,1011900
20221125,09:32:24,18728.35,300,1011900
20221125,09:32:26,18731.95,150,1011900
20221125,09:32:27,18730.00,50,1011900
20221125,09:32:28,18730.00,100,1011900
20221125,09:32:29,18730.95,100,1011900
20221125,09:32:30,18731.00,200,1011900
20221125,09:32:32,18732.00,50,1011900
20221125,09:32:33,18738.10,200,1011900
20221125,09:32:34,18740.00,250,1011900
20221125,09:32:35,18739.95,100,1011900
20221125,09:32:36,18739.80,50,1011900
20221125,09:32:37,18734.20,50,1011900
20221125,09:32:39,18734.30,100,1011900
20221125,09:32:40,18733.65,50,1011900
20221125,09:32:41,18735.25,50,1011900
20221125,09:32:43,18737.90,50,1011900
20221125,09:32:45,18739.70,1750,1011900
20221125,09:32:47,18740.00,100,1011900
20221125,09:32:48,18740.15,50,1011900
20221125,09:32:51,18744.00,50,1011900
20221125,09:32:54,18738.80,50,1011900
20221125,09:32:56,18740.80,100,1011900
20221125,09:32:57,18741.95,500,1011900
20221125,09:33:01,18741.55,50,1011900
20221125,09:33:02,18743.45,50,1011900
20221125,09:33:03,18741.10,250,1011900
20221125,09:33:06,18742.35,50,1011900
20221125,09:33:07,18740.25,50,1011900
20221125,09:33:08,18740.00,150,1011900
20221125,09:33:11,18740.00,50,1011900
20221125,09:33:12,18740.00,50,1011900
20221125,09:33:13,18739.95,150,1011900
20221125,09:33:19,18736.05,50,1011900
20221125,09:33:22,18735.00,50,1011900
20221125,09:33:27,18737.60,50,1011900
20221125,09:33:28,18735.00,1250,1011900
20221125,09:33:29,18735.00,100,1011900
20221125,09:33:33,18735.00,50,1011900
20221125,09:33:35,18736.55,50,1011900
20221125,09:33:38,18735.00,50,1011900
20221125,09:33:41,18735.00,50,1011900
20221125,09:33:42,18735.00,50,1011900
20221125,09:33:43,18734.30,250,1011900
20221125,09:33:46,18732.30,100,1011900
20221125,09:33:47,18735.65,50,1011900
20221125,09:33:48,18734.30,50,1011900
20221125,09:33:52,18730.00,50,1011900
20221125,09:33:54,18730.00,50,1011900
20221125,09:33:55,18731.65,50,1011900
20221125,09:33:56,18728.30,50,1011900
20221125,09:33:59,18727.85,100,1011900
20221125,09:34:00,18727.85,500,1011900
20221125,09:34:11,18720.00,50,1011900
20221125,09:34:13,18720.00,50,1011900
20221125,09:34:18,18716.85,50,1011900
20221125,09:34:22,18710.90,50,1011900
20221125,09:34:24,18711.00,50,1011900
20221125,09:34:26,18714.35,100,1011900
20221125,09:34:29,18714.35,50,1011900
20221125,09:34:33,18710.25,50,1011900
20221125,09:34:35,18710.05,150,1011900
20221125,09:34:36,18710.00,500,1011900
20221125,09:34:39,18712.55,50,1011900
20221125,09:34:41,18710.05,100,1011900
20221125,09:34:43,18710.55,100,1011900
20221125,09:34:50,18709.30,50,1011900
20221125,09:34:51,18710.50,50,1011900
20221125,09:34:55,18707.00,50,1011900
20221125,09:34:57,18708.50,50,1011900
20221125,09:34:59,18707.00,100,1011900
20221125,09:35:02,18708.20,50,1011900
20221125,09:35:10,18706.50,50,1011900
20221125,09:35:17,18705.20,100,1018000
20221125,09:35:19,18706.40,50,1018000
20221125,09:35:21,18702.10,150,1018000
20221125,09:35:21,18702.10,500,1018000
20221125,09:35:23,18701.55,50,1018000
20221125,09:35:24,18701.55,250,1018000
20221125,09:35:28,18700.80,100,1018000
20221125,09:35:29,18700.05,50,1018000
20221125,09:35:34,18700.00,50,1018000
20221125,09:35:35,18700.00,150,1018000
20221125,09:35:37,18696.00,50,1018000
20221125,09:35:39,18692.05,100,1018000
20221125,09:35:43,18692.05,50,1018000
20221125,09:35:48,18692.05,50,1018000
20221125,09:35:56,18689.00,550,1018000
20221125,09:35:57,18688.55,50,1018000
20221125,09:35:59,18688.00,100,1018000
20221125,09:36:02,18688.00,50,1018000
20221125,09:36:03,18688.10,50,1018000
20221125,09:36:08,18690.00,50,1018000
20221125,09:36:14,18688.20,50,1018000
20221125,09:36:15,18690.00,50,1018000
20221125,09:36:17,18690.00,50,1018000
20221125,09:36:22,18688.40,150,1018000
20221125,09:36:24,18690.00,100,1018000
20221125,09:36:28,18693.90,50,1018000
20221125,09:36:32,18695.30,50,1018000
20221125,09:36:42,18693.80,150,1018000
20221125,09:36:45,18693.80,500,1018000
20221125,09:36:49,18693.80,50,1018000
20221125,09:36:51,18690.05,50,1018000
20221125,09:36:53,18692.10,100,1018000
20221125,09:36:58,18694.05,150,1018000
20221125,09:37:03,18690.05,50,1018000
20221125,09:37:04,18690.00,100,1018000
20221125,09:37:11,18689.20,50,1018000
20221125,09:37:14,18688.10,100,1018000
20221125,09:37:16,18688.00,100,1018000
20221125,09:37:21,18688.85,100,1018000
20221125,09:37:28,18691.80,100,1018000
20221125,09:37:32,18692.30,50,1018000
20221125,09:37:33,18691.00,50,1018000
20221125,09:37:35,18691.00,100,1018000
20221125,09:37:38,18691.55,100,1018000
20221125,09:37:39,18693.85,50,1018000
20221125,09:37:48,18693.00,100,1018000
20221125,09:37:53,18693.00,100,1018000
20221125,09:37:57,18693.00,50,1018000
20221125,09:37:59,18693.00,50,1018000
20221125,09:38:03,18693.00,100,1018000
20221125,09:38:11,18696.40,250,1018000
20221125,09:38:13,18696.70,100,1018000
20221125,09:38:19,18693.00,400,1019600
20221125,09:38:20,18694.30,50,1019600
20221125,09:38:25,18693.85,50,1019600
20221125,09:38:27,18693.00,150,1019600
20221125,09:38:32,18696.55,300,1019600
20221125,09:38:36,18696.30,100,1019600
20221125,09:38:40,18696.70,50,1019600
20221125,09:38:52,18693.00,500,1019600
20221125,09:38:58,18691.10,1000,1019600
20221125,09:39:03,18695.65,2050,1019600
20221125,09:39:07,18690.00,100,1019600
20221125,09:39:09,18690.00,500,1019600
20221125,09:39:16,18690.60,50,1019600
20221125,09:39:20,18690.00,500,1019600
20221125,09:39:22,18691.40,50,1019600
20221125,09:39:25,18692.40,150,1019600
20221125,09:39:32,18695.00,200,1019600
20221125,09:39:33,18696.00,50,1019600
20221125,09:39:34,18696.70,100,1019600
20221125,09:39:46,18696.70,50,1019600
20221125,09:39:59,18699.85,50,1019600
20221125,09:40:02,18697.65,50,1019600
20221125,09:40:04,18695.60,100,1019600
20221125,09:40:11,18696.00,50,1019600
20221125,09:40:14,18697.00,50,1019600
20221125,09:40:23,18699.85,50,1019600
20221125,09:40:25,18700.00,50,1019600
20221125,09:40:26,18700.00,50,1019600
20221125,09:40:31,18699.75,50,1019600
20221125,09:40:32,18699.80,50,1019600
20221125,09:40:33,18700.00,50,1019600
20221125,09:40:40,18699.80,50,1019600
20221125,09:40:42,18697.00,100,1019600
20221125,09:40:43,18695.05,100,1019600
20221125,09:40:44,18695.00,300,1019600
20221125,09:40:55,18693.10,50,1019600
20221125,09:41:02,18693.00,100,1019600
20221125,09:41:20,18693.95,300,1019600
20221125,09:41:23,18693.00,100,1022150
20221125,09:41:30,18690.00,50,1022150
20221125,09:41:31,18690.00,150,1022150
20221125,09:41:33,18688.00,200,1022150
20221125,09:41:40,18691.00,50,1022150
20221125,09:41:42,18688.25,50,1022150
20221125,09:41:45,18688.50,250,1022150
20221125,09:41:50,18689.10,50,1022150
20221125,09:41:58,18693.10,50,1022150
20221125,09:42:00,18693.10,100,1022150
20221125,09:42:01,18695.00,50,1022150
20221125,09:42:13,18692.55,50,1022150
20221125,09:42:22,18691.85,250,1022150
20221125,09:42:24,18695.00,50,1022150
20221125,09:42:41,18691.00,500,1022150
20221125,09:42:43,18691.00,50,1022150
20221125,09:42:53,18692.00,50,1022150
20221125,09:42:58,18692.55,100,1022150
20221125,09:43:00,18695.00,50,1022150
20221125,09:43:01,18693.15,50,1022150
20221125,09:43:02,18699.15,50,1022150
20221125,09:43:09,18693.25,350,1022150
20221125,09:43:11,18696.10,50,1022150
20221125,09:43:25,18697.80,50,1022150
20221125,09:43:30,18698.00,100,1022150
20221125,09:43:35,18698.65,50,1022150
20221125,09:43:42,18696.10,50,1022150
20221125,09:43:45,18695.25,50,1022150
20221125,09:43:54,18695.85,50,1022150
20221125,09:44:00,18695.00,50,1022150
20221125,09:44:18,18695.30,150,1023400
20221125,09:44:26,18695.30,250,1023400
20221125,09:44:30,18695.60,50,1023400
20221125,09:44:37,18696.55,250,1023400
20221125,09:44:39,18695.15,50,1023400
20221125,09:44:51,18695.20,50,1023400
20221125,09:44:53,18692.05,50,1023400
20221125,09:44:54,18695.05,50,1023400
20221125,09:44:56,18692.05,50,1023400
20221125,09:45:07,18693.00,50,1023400
20221125,09:45:09,18692.15,150,1023400
20221125,09:45:19,18692.15,300,1023400
20221125,09:45:22,18692.00,50,1023400
20221125,09:45:23,18692.00,50,1023400
20221125,09:45:25,18690.10,50,1023400
20221125,09:45:28,18690.10,1550,1023400
20221125,09:45:29,18690.00,400,1023400
20221125,09:45:31,18690.00,50,1023400
20221125,09:45:34,18690.00,100,1023400
20221125,09:45:42,18690.00,50,1023400
20221125,09:46:02,18691.00,50,1023400
20221125,09:46:04,18691.20,100,1023400
20221125,09:46:15,18695.00,50,1023400
20221125,09:46:40,18693.80,50,1023400
20221125,09:46:43,18693.25,50,1023400
20221125,09:46:46,18698.20,150,1023400
20221125,09:47:05,18700.00,50,1023400
20221125,09:47:12,18700.00,50,1023400
20221125,09:47:16,18703.25,100,1023400
20221125,09:47:18,18700.50,50,1023400
20221125,09:47:19,18700.50,50,1026000
20221125,09:47:30,18701.15,50,1026000
20221125,09:47:40,18705.00,50,1026000
20221125,09:47:53,18701.05,50,1026000
20221125,09:47:56,18700.85,50,1026000
20221125,09:47:59,18700.60,50,1026000
20221125,09:48:01,18700.00,150,1026000
20221125,09:48:09,18698.15,50,1026000
20221125,09:48:10,18697.45,50,1026000
20221125,09:48:16,18700.00,150,1026000
20221125,09:48:22,18702.15,50,1026000
20221125,09:48:26,18704.30,50,1026000
20221125,09:48:34,18702.70,50,1026000
20221125,09:48:42,18702.70,400,1026000
20221125,09:48:43,18705.00,50,1026000
20221125,09:48:57,18706.35,50,1026000
20221125,09:49:09,18705.90,50,1026000
20221125,09:49:12,18702.90,50,1026000
20221125,09:49:19,18702.80,200,1026000
20221125,09:49:34,18703.00,50,1026000
20221125,09:49:36,18704.10,50,1026000
20221125,09:49:39,18704.65,50,1026000
20221125,09:49:42,18705.45,50,1026000
20221125,09:49:50,18704.00,50,1026000
20221125,09:49:56,18705.45,50,1026000
20221125,09:49:57,18705.45,300,1026000
20221125,09:50:00,18708.00,50,1026000
20221125,09:50:07,18707.25,50,1026000
20221125,09:50:16,18708.00,50,1026000
20221125,09:50:34,18710.00,50,1027100
20221125,09:50:39,18712.00,50,1027100
20221125,09:50:40,18714.60,100,1027100
20221125,09:50:53,18720.00,250,1027100
20221125,09:50:55,18717.05,150,1027100
20221125,09:50:58,18718.95,200,1027100
20221125,09:51:04,18722.15,100,1027100
20221125,09:51:06,18722.10,150,1027100
20221125,09:51:07,18722.10,50,1027100
20221125,09:51:13,18727.30,50,1027100
20221125,09:51:15,18728.00,100,1027100
20221125,09:51:16,18728.10,50,1027100
20221125,09:51:18,18726.65,50,1027100
20221125,09:51:22,18729.25,50,1027100
20221125,09:51:26,18732.00,50,1027100
20221125,09:51:27,18732.00,50,1027100
20221125,09:51:33,18732.00,50,1027100
20221125,09:51:34,18731.65,50,1027100
20221125,09:51:35,18729.25,150,1027100
20221125,09:51:40,18730.00,200,1027100
20221125,09:51:45,18726.70,350,1027100
20221125,09:51:46,18730.00,50,1027100
20221125,09:51:47,18730.00,250,1027100
20221125,09:51:49,18730.60,50,1027100
20221125,09:52:01,18729.55,50,1027100
20221125,09:52:04,18730.00,200,1027100
20221125,09:52:09,18730.00,50,1027100
20221125,09:52:09,18729.00,50,1027100
20221125,09:52:15,18727.45,100,1027100
20221125,09:52:16,18727.05,100,1027100
20221125,09:52:17,18730.00,200,1027100
20221125,09:52:19,18727.10,100,1027100
20221125,09:52:21,18726.75,50,1027100
20221125,09:52:22,18726.75,50,1027100
20221125,09:52:25,18725.75,50,1027100
20221125,09:52:26,18725.10,100,1027100
20221125,09:52:29,18725.50,150,1027100
20221125,09:52:33,18727.55,50,1027100
20221125,09:52:42,18725.45,50,1027100
20221125,09:52:43,18727.00,50,1027100
20221125,09:52:48,18723.80,100,1027100
20221125,09:52:48,18726.45,50,1027100
20221125,09:52:49,18726.50,50,1027100
20221125,09:52:52,18722.45,300,1027100
20221125,09:53:13,18720.10,50,1027100
20221125,09:53:14,18723.60,50,1027100
20221125,09:53:18,18722.45,100,1027100
20221125,09:53:23,18723.60,100,1027550
20221125,09:53:24,18723.60,50,1027550
20221125,09:53:25,18724.85,50,1027550
20221125,09:53:26,18723.60,50,1027550
20221125,09:53:27,18723.60,100,1027550
20221125,09:53:30,18723.60,100,1027550
20221125,09:53:31,18723.90,50,1027550
20221125,09:53:38,18722.45,50,1027550
20221125,09:53:39,18723.60,100,1027550
20221125,09:53:42,18722.45,100,1027550
20221125,09:53:43,18723.80,50,1027550
20221125,09:53:49,18723.95,100,1027550
20221125,09:54:06,18723.80,50,1027550
20221125,09:54:12,18723.75,50,1027550
20221125,09:54:18,18724.00,100,1027550
20221125,09:54:21,18724.00,500,1027550
20221125,09:54:22,18724.50,50,1027550
20221125,09:54:23,18725.00,50,1027550
20221125,09:54:34,18724.95,50,1027550
20221125,09:54:39,18723.65,200,1027550
20221125,09:54:40,18722.90,50,1027550
20221125,09:54:50,18720.00,50,1027550
20221125,09:54:51,18720.00,50,1027550
20221125,09:54:55,18721.90,50,1027550
20221125,09:55:01,18718.40,100,1027550
20221125,09:55:04,18718.45,50,1027550
20221125,09:55:08,18718.45,50,1027550
20221125,09:55:09,18718.40,50,1027550
20221125,09:55:10,18718.40,50,1027550
20221125,09:55:11,18718.40,50,1027550
20221125,09:55:12,18717.00,100,1027550
20221125,09:55:16,18718.40,100,1027550
20221125,09:55:18,18716.60,350,1027550
20221125,09:55:26,18716.60,100,1027550
20221125,09:55:30,18716.15,50,1027550
20221125,09:55:35,18711.05,50,1027550
20221125,09:55:36,18714.90,100,1027550
20221125,09:55:37,18714.75,300,1027550
20221125,09:55:41,18710.00,100,1027550
20221125,09:55:42,18712.50,150,1027550
20221125,09:55:46,18710.00,50,1027550
20221125,09:55:52,18708.35,200,1027550
20221125,09:55:54,18708.80,500,1027550
20221125,09:55:59,18707.80,50,1027550
20221125,09:56:04,18706.15,250,1027550
20221125,09:56:10,18705.00,50,1027550
20221125,09:56:21,18705.00,50,1027800
20221125,09:56:39,18704.00,100,1027800
20221125,09:56:42,18703.60,50,1027800
20221125,09:56:45,18700.30,50,1027800
20221125,09:56:46,18700.25,100,1027800
20221125,09:56:47,18700.00,350,1027800
20221125,09:56:50,18700.30,100,1027800
20221125,09:56:51,18703.50,50,1027800
20221125,09:56:52,18702.65,50,1027800
20221125,09:56:53,18700.60,250,1027800
20221125,09:56:58,18700.35,100,1027800
20221125,09:56:59,18700.35,50,1027800
20221125,09:57:10,18702.30,100,1027800
20221125,09:57:12,18700.45,50,1027800
20221125,09:57:17,18700.15,50,1027800
20221125,09:57:25,18700.45,50,1027800
20221125,09:57:26,18700.45,50,1027800
20221125,09:57:28,18700.00,450,1027800
20221125,09:57:29,18700.00,450,1027800
20221125,09:57:31,18698.30,50,1027800
20221125,09:57:46,18700.50,100,1027800
20221125,09:57:48,18700.00,150,1027800
20221125,09:57:50,18702.70,50,1027800
20221125,09:57:57,18702.60,100,1027800
20221125,09:57:58,18701.00,50,1027800
20221125,09:58:00,18701.00,50,1027800
20221125,09:58:13,18702.90,100,1027800
20221125,09:58:14,18707.25,50,1027800
20221125,09:58:31,18701.75,200,1027800
20221125,09:58:32,18701.25,50,1027800
20221125,09:58:35,18704.75,100,1027800
20221125,09:58:48,18704.50,50,1027800
20221125,09:59:03,18703.60,50,1027800
20221125,09:59:07,18702.00,50,1027800
20221125,09:59:13,18702.25,100,1027800
20221125,09:59:15,18702.75,100,1027800
20221125,09:59:19,18702.70,50,1027800
20221125,09:59:20,18702.70,50,1028350
20221125,09:59:35,18702.00,50,1028350
20221125,09:59:53,18700.00,400,1028350
20221125,09:59:58,18702.95,50,1028350
20221125,10:00:04,18698.20,50,1028350
20221125,10:00:05,18702.80,400,1028350
20221125,10:00:12,18702.00,50,1028350
20221125,10:00:15,18701.35,50,1028350
20221125,10:00:18,18705.00,150,1028350
20221125,10:00:19,18705.00,300,1028350
20221125,10:00:20,18705.00,250,1028350
20221125,10:00:41,18705.00,50,1028350
20221125,10:00:50,18705.00,50,1028350
20221125,10:00:51,18704.00,50,1028350
20221125,10:00:59,18704.05,50,1028350
20221125,10:01:03,18704.00,50,1028350
20221125,10:01:15,18709.20,150,1028350
20221125,10:01:16,18710.00,50,1028350
20221125,10:01:24,18705.80,50,1028350
20221125,10:01:30,18707.00,50,1028350
20221125,10:01:35,18708.45,50,1028350
20221125,10:01:50,18710.00,50,1028350
20221125,10:01:52,18708.25,50,1028350
20221125,10:02:05,18708.45,100,1028350
20221125,10:02:05,18705.05,50,1028350
20221125,10:02:10,18705.00,50,1028350
20221125,10:02:18,18705.80,50,1028350
20221125,10:02:23,18703.60,150,1028650
20221125,10:02:28,18702.10,50,1028650
20221125,10:02:31,18702.75,50,1028650
20221125,10:02:33,18702.10,50,1028650
20221125,10:02:50,18704.00,50,1028650
20221125,10:02:53,18703.75,50,1028650
20221125,10:03:00,18704.20,50,1028650
20221125,10:03:16,18711.50,100,1028650
20221125,10:03:28,18710.00,50,1028650
20221125,10:03:32,18708.00,50,1028650
20221125,10:03:33,18711.00,50,1028650
20221125,10:03:54,18710.65,50,1028650
20221125,10:04:01,18705.20,100,1028650
20221125,10:04:10,18705.80,100,1028650
20221125,10:04:13,18705.00,50,1028650
20221125,10:04:25,18703.70,100,1028650
20221125,10:04:31,18703.75,50,1028650
20221125,10:04:39,18702.00,250,1028650
20221125,10:04:40,18702.00,50,1028650
20221125,10:04:45,18701.00,50,1028650
20221125,10:04:46,18701.00,50,1028650
20221125,10:04:51,18703.80,100,1028650
20221125,10:04:54,18703.80,50,1028650
20221125,10:05:08,18701.45,100,1028650
20221125,10:05:10,18701.35,150,1028650
20221125,10:05:14,18703.75,100,1028650
20221125,10:05:18,18705.45,100,1028650
20221125,10:05:22,18706.00,100,1029400
20221125,10:05:30,18708.50,100,1029400
20221125,10:05:42,18704.85,50,1029400
20221125,10:05:50,18707.00,50,1029400
20221125,10:05:52,18709.55,50,1029400
20221125,10:05:53,18706.30,50,1029400
20221125,10:05:54,18709.90,150,1029400
20221125,10:05:56,18709.85,100,1029400
20221125,10:05:57,18706.60,50,1029400
20221125,10:06:02,18710.65,100,1029400
20221125,10:06:05,18710.75,50,1029400
20221125,10:06:07,18710.75,100,1029400
20221125,10:06:10,18709.45,100,1029400
20221125,10:06:25,18709.95,100,1029400
20221125,10:06:47,18708.80,50,1029400
20221125,10:06:53,18710.05,100,1029400
20221125,10:07:19,18707.95,50,1029400
20221125,10:07:20,18710.65,50,1029400
20221125,10:07:32,18711.35,50,1029400
20221125,10:07:34,18706.25,50,1029400
20221125,10:07:35,18706.25,500,1029400
20221125,10:07:38,18706.25,500,1029400
20221125,10:07:51,18706.25,100,1029400
20221125,10:07:57,18708.90,50,1029400
20221125,10:07:59,18706.00,50,1029400
20221125,10:08:01,18706.00,50,1029400
20221125,10:08:08,18705.00,50,1029400
20221125,10:08:13,18706.00,50,1029400
20221125,10:08:32,18708.65,50,1031450
20221125,10:08:34,18707.05,50,1031450
20221125,10:08:39,18708.90,100,1031450
20221125,10:08:45,18709.55,500,1031450
20221125,10:08:47,18708.10,50,1031450
20221125,10:08:56,18706.65,50,1031450
20221125,10:09:04,18708.10,50,1031450
20221125,10:09:10,18709.90,50,1031450
20221125,10:09:24,18708.45,50,1031450
20221125,10:09:33,18707.00,50,1031450
20221125,10:09:35,18707.00,50,1031450
20221125,10:09:42,18707.00,50,1031450
20221125,10:09:58,18710.00,50,1031450
20221125,10:09:59,18710.00,50,1031450
20221125,10:10:03,18710.00,50,1031450
20221125,10:10:08,18710.00,50,1031450
20221125,10:10:12,18710.00,100,1031450
20221125,10:10:16,18712.00,50,1031450
20221125,10:10:19,18711.70,100,1031450
20221125,10:10:28,18711.70,100,1031450
20221125,10:10:29,18715.10,200,1031450
20221125,10:10:37,18718.00,50,1031450
20221125,10:10:40,18718.00,200,1031450
20221125,10:10:51,18715.00,950,1031450
20221125,10:10:53,18710.90,50,1031450
20221125,10:11:05,18715.00,100,1031450
20221125,10:11:10,18710.45,50,1031450
20221125,10:11:15,18714.95,50,1031450
20221125,10:11:18,18713.15,500,1031450
20221125,10:11:19,18713.75,250,1031450
20221125,10:11:20,18713.90,350,1031450
20221125,10:11:22,18715.00,50,1031450
20221125,10:11:27,18715.00,100,1032400
20221125,10:11:29,18713.40,250,1032400
20221125,10:11:30,18717.00,50,1032400
20221125,10:11:36,18715.00,100,1032400
20221125,10:12:24,18713.55,50,1032400
20221125,10:12:25,18713.00,100,1032400
20221125,10:12:53,18716.10,50,1032400
20221125,10:12:54,18713.75,50,1032400
20221125,10:13:06,18716.20,100,1032400
20221125,10:13:10,18716.15,100,1032400
20221125,10:13:11,18716.85,50,1032400
20221125,10:13:14,18714.15,100,1032400
20221125,10:13:20,18713.90,100,1032400
20221125,10:13:29,18716.15,500,1032400
20221125,10:13:40,18714.00,50,1032400
20221125,10:13:48,18717.15,50,1032400
20221125,10:13:56,18712.45,150,1032400
20221125,10:14:03,18712.00,50,1032400
20221125,10:14:16,18712.35,50,1032400
20221125,10:14:30,18712.85,50,1032650
20221125,10:14:31,18712.85,50,1032650
20221125,10:14:55,18713.60,50,1032650
20221125,10:15:06,18714.00,50,1032650
20221125,10:15:10,18712.00,100,1032650
20221125,10:15:12,18712.00,50,1032650
20221125,10:15:17,18712.00,50,1032650
20221125,10:15:18,18713.90,50,1032650
20221125,10:15:19,18712.10,50,1032650
20221125,10:15:24,18714.00,50,1032650
20221125,10:15:27,18712.00,50,1032650
20221125,10:15:28,18712.00,100,1032650
20221125,10:15:32,18713.40,50,1032650
20221125,10:15:35,18712.00,50,1032650
20221125,10:15:41,18712.25,50,1032650
20221125,10:15:48,18714.00,50,1032650
20221125,10:16:07,18712.10,50,1032650
20221125,10:16:10,18712.10,50,1032650
20221125,10:16:18,18712.00,100,1032650
20221125,10:16:19,18710.00,450,1032650
20221125,10:16:32,18711.60,100,1032650
20221125,10:16:43,18710.00,50,1032650
20221125,10:16:47,18708.70,50,1032650
20221125,10:17:03,18707.05,50,1032650
20221125,10:17:06,18707.30,250,1032650
20221125,10:17:07,18705.00,150,1032650
20221125,10:17:09,18707.05,50,1032650
20221125,10:17:17,18707.05,300,1032650
20221125,10:17:18,18707.05,50,1032650
20221125,10:17:22,18707.10,100,1032650
20221125,10:17:25,18707.05,50,1033850
20221125,10:17:26,18707.05,50,1033850
20221125,10:17:37,18705.00,150,1033850
20221125,10:17:38,18704.90,100,1033850
20221125,10:17:45,18704.25,50,1033850
20221125,10:17:46,18704.25,50,1033850
20221125,10:17:53,18702.05,100,1033850
20221125,10:17:54,18702.00,150,1033850
20221125,10:17:55,18700.00,200,1033850
20221125,10:17:58,18700.00,150,1033850
20221125,10:18:00,18700.00,50,1033850
20221125,10:18:04,18700.00,100,1033850
20221125,10:18:06,18700.20,50,1033850
20221125,10:18:10,18700.20,50,1033850
20221125,10:18:20,18704.90,50,1033850
20221125,10:18:46,18707.00,50,1033850
20221125,10:18:51,18706.00,50,1033850
20221125,10:19:15,18704.90,100,1033850
20221125,10:19:20,18705.90,100,1033850
20221125,10:19:45,18705.00,50,1033850
20221125,10:19:50,18709.60,200,1033850
20221125,10:20:02,18704.55,50,1033850
20221125,10:20:03,18704.50,100,1033850
20221125,10:20:04,18704.65,50,1033850
20221125,10:20:06,18707.80,100,1033850
20221125,10:20:07,18703.85,50,1033850
20221125,10:20:14,18704.00,50,1033850
20221125,10:20:27,18704.10,50,1033850
20221125,10:20:33,18703.80,50,1034150
20221125,10:20:40,18702.65,100,1034150
20221125,10:20:41,18702.00,100,1034150
20221125,10:21:20,18702.55,100,1034150
20221125,10:21:25,18702.55,500,1034150
20221125,10:21:29,18704.75,150,1034150
20221125,10:21:30,18704.15,200,1034150
20221125,10:21:59,18707.00,100,1034150
20221125,10:22:00,18706.30,50,1034150
20221125,10:22:03,18706.10,250,1034150
20221125,10:22:33,18708.60,150,1034150
20221125,10:22:35,18706.00,50,1034150
20221125,10:22:36,18706.10,50,1034150
20221125,10:22:59,18708.15,50,1034150
20221125,10:23:06,18705.00,50,1034150
20221125,10:23:20,18708.20,50,1034150
20221125,10:23:42,18708.20,150,1034200
20221125,10:23:43,18708.20,150,1034200
20221125,10:23:44,18707.35,50,1034200
20221125,10:23:53,18709.00,50,1034200
20221125,10:24:06,18709.00,50,1034200
20221125,10:24:12,18709.00,50,1034200
20221125,10:24:27,18709.00,50,1034200
20221125,10:24:33,18710.00,50,1034200
20221125,10:24:44,18710.00,50,1034200
20221125,10:24:45,18710.10,50,1034200
20221125,10:25:00,18710.20,50,1034200
20221125,10:25:01,18710.20,50,1034200
20221125,10:25:17,18710.20,50,1034200
20221125,10:25:18,18710.20,50,1034200
20221125,10:25:23,18705.95,250,1034200
20221125,10:25:37,18706.05,50,1034200
20221125,10:25:47,18707.75,50,1034200
20221125,10:26:05,18705.55,50,1034200
20221125,10:26:10,18705.00,150,1034200
20221125,10:26:28,18707.85,50,1034800
20221125,10:26:35,18707.85,50,1034800
20221125,10:26:37,18708.00,50,1034800
20221125,10:26:46,18708.00,100,1034800
20221125,10:26:50,18708.00,100,1034800
20221125,10:26:51,18708.00,100,1034800
20221125,10:27:03,18708.00,250,1034800
20221125,10:27:40,18710.20,50,1034800
20221125,10:27:42,18708.00,50,1034800
20221125,10:27:49,18706.55,150,1034800
20221125,10:28:05,18705.10,50,1034800
20221125,10:28:06,18705.40,50,1034800
20221125,10:28:09,18705.15,50,1034800
20221125,10:28:11,18705.00,50,1034800
20221125,10:28:17,18705.00,50,1034800
20221125,10:28:32,18708.00,100,1034800
20221125,10:28:37,18710.00,50,1034800
20221125,10:28:39,18710.65,50,1034800
20221125,10:28:43,18712.95,100,1034800
20221125,10:28:55,18712.95,50,1034800
20221125,10:29:04,18713.00,50,1034800
20221125,10:29:09,18713.00,50,1034800
20221125,10:29:10,18715.00,50,1034800
20221125,10:29:21,18717.00,100,1034800
20221125,10:29:22,18715.00,1050,1034800
20221125,10:29:23,18717.00,100,1034800
20221125,10:29:23,18717.00,50,1034800
20221125,10:29:24,18717.00,50,1034800
20221125,10:29:30,18715.40,100,1036200
20221125,10:29:40,18719.15,50,1036200
20221125,10:29:45,18717.15,50,1036200
20221125,10:29:46,18720.00,150,1036200
20221125,10:29:47,18724.95,1150,1036200
20221125,10:29:48,18728.15,250,1036200
20221125,10:29:51,18728.15,50,1036200
20221125,10:29:53,18722.40,50,1036200
20221125,10:29:56,18725.00,50,1036200
20221125,10:30:09,18722.40,100,1036200
20221125,10:30:12,18720.70,100,1036200
20221125,10:30:13,18725.05,50,1036200
20221125,10:30:16,18725.00,100,1036200
20221125,10:30:18,18721.15,150,1036200
20221125,10:30:32,18724.60,250,1036200
20221125,10:30:42,18721.15,50,1036200
20221125,10:30:49,18721.15,50,1036200
20221125,10:30:50,18720.00,50,1036200
20221125,10:31:02,18720.00,50,1036200
20221125,10:31:05,18716.80,50,1036200
20221125,10:31:07,18716.90,50,1036200
20221125,10:31:08,18716.85,50,1036200
20221125,10:31:26,18716.60,100,1036200
20221125,10:31:28,18715.80,50,1036200
20221125,10:31:33,18715.80,50,1036200
20221125,10:32:02,18718.50,50,1036200
20221125,10:32:10,18718.00,50,1036200
20221125,10:32:17,18716.15,50,1036200
20221125,10:32:26,18715.80,150,1036200
20221125,10:32:43,18715.85,50,1036200
20221125,10:32:51,18715.80,550,1037050
20221125,10:32:52,18717.90,600,1037050
20221125,10:32:54,18715.80,100,1037050
20221125,10:32:58,18717.95,300,1037050
20221125,10:32:59,18717.75,50,1037050
20221125,10:33:21,18718.70,50,1037050
20221125,10:33:32,18718.70,50,1037050
20221125,10:33:50,18715.60,700,1037050
20221125,10:33:51,18715.50,250,1037050
20221125,10:33:52,18715.40,50,1037050
20221125,10:34:08,18715.55,150,1037050
20221125,10:34:13,18714.65,50,1037050
20221125,10:34:21,18715.00,50,1037050
20221125,10:34:23,18715.00,50,1037050
20221125,10:34:28,18716.15,150,1037050
20221125,10:34:34,18716.15,50,1037050
20221125,10:34:35,18718.00,50,1037050
20221125,10:34:44,18718.70,100,1037050
20221125,10:34:45,18720.00,50,1037050
20221125,10:34:46,18718.70,100,1037050
20221125,10:34:51,18719.15,150,1037050
20221125,10:34:56,18718.20,50,1037050
20221125,10:34:58,18718.45,50,1037050
20221125,10:35:00,18720.00,350,1037050
20221125,10:35:01,18720.05,50,1037050
20221125,10:35:02,18720.90,200,1037050
20221125,10:35:06,18722.20,50,1037050
20221125,10:35:13,18722.10,50,1037050
20221125,10:35:15,18725.95,50,1037050
20221125,10:35:16,18725.65,100,1037050
20221125,10:35:18,18721.45,50,1037050
20221125,10:35:25,18726.00,1800,1037050
20221125,10:35:31,18720.45,200,1040600
20221125,10:35:33,18724.00,100,1040600
20221125,10:35:37,18719.25,350,1040600
20221125,10:35:45,18719.25,50,1040600
20221125,10:35:52,18719.25,50,1040600
20221125,10:36:00,18723.00,50,1040600
20221125,10:36:07,18720.00,50,1040600
20221125,10:36:09,18723.00,50,1040600
20221125,10:36:13,18719.65,50,1040600
20221125,10:36:14,18719.45,150,1040600
20221125,10:36:16,18718.00,50,1040600
20221125,10:36:17,18718.00,50,1040600
20221125,10:36:18,18718.00,50,1040600
20221125,10:36:30,18715.05,50,1040600
20221125,10:36:54,18717.10,50,1040600
20221125,10:37:17,18725.10,1850,1040600
20221125,10:37:28,18720.90,250,1040600
20221125,10:37:30,18722.80,150,1040600
20221125,10:37:31,18722.65,200,1040600
20221125,10:37:39,18722.85,50,1040600
20221125,10:37:41,18721.20,100,1040600
20221125,10:37:46,18721.25,50,1040600
20221125,10:37:48,18729.50,1800,1040600
20221125,10:37:57,18727.90,150,1040600
20221125,10:38:07,18722.50,50,1040600
20221125,10:38:08,18722.55,50,1040600
20221125,10:38:10,18726.40,50,1040600
20221125,10:38:11,18722.45,150,1040600
20221125,10:38:21,18721.00,50,1040600
20221125,10:38:22,18718.70,100,1040600
20221125,10:38:27,18719.05,550,1040600
20221125,10:38:28,18718.50,50,1040600
20221125,10:38:32,18719.45,100,1043500
20221125,10:38:35,18719.60,50,1043500
20221125,10:38:50,18719.95,150,1043500
20221125,10:38:54,18722.00,600,1043500
20221125,10:39:18,18724.80,50,1043500
20221125,10:39:30,18723.90,50,1043500
20221125,10:40:14,18720.80,50,1043500
20221125,10:40:22,18725.90,300,1043500
20221125,10:40:49,18720.20,50,1043500
20221125,10:41:00,18725.90,300,1043500
20221125,10:41:05,18723.40,150,1043500
20221125,10:41:06,18723.25,100,1043500
20221125,10:41:07,18720.75,50,1043500
20221125,10:41:09,18720.75,50,1043500
20221125,10:41:15,18720.35,50,1043500
20221125,10:41:27,18723.35,150,1043500
20221125,10:41:30,18723.25,50,1043500
20221125,10:41:33,18722.40,50,1043750
20221125,10:41:54,18722.40,50,1043750
20221125,10:41:55,18724.85,300,1043750
20221125,10:41:55,18724.80,50,1043750
20221125,10:41:57,18726.35,300,1043750
20221125,10:42:19,18720.00,50,1043750
20221125,10:42:20,18717.15,150,1043750
20221125,10:42:25,18721.20,50,1043750
20221125,10:42:33,18722.10,50,1043750
20221125,10:43:01,18725.00,50,1043750
20221125,10:43:04,18723.90,50,1043750
20221125,10:43:06,18726.35,50,1043750
20221125,10:43:08,18726.35,50,1043750
20221125,10:43:11,18728.60,50,1043750
20221125,10:43:17,18729.80,50,1043750
20221125,10:43:26,18729.00,50,1043750
20221125,10:43:27,18729.05,50,1043750
20221125,10:43:29,18724.65,250,1043750
20221125,10:44:06,18725.90,50,1043750
20221125,10:44:08,18729.65,50,1043750
20221125,10:44:17,18729.95,50,1043750
20221125,10:44:21,18729.95,50,1043750
20221125,10:44:25,18726.65,50,1043750
20221125,10:44:32,18727.35,50,1044250
20221125,10:44:36,18729.95,100,1044250
20221125,10:44:40,18729.30,50,1044250
20221125,10:44:46,18730.00,50,1044250
20221125,10:44:47,18730.00,100,1044250
20221125,10:45:00,18730.00,650,1044250
20221125,10:45:01,18730.00,100,1044250
20221125,10:45:02,18730.00,100,1044250
20221125,10:45:03,18730.00,300,1044250
20221125,10:45:04,18729.85,150,1044250
20221125,10:45:05,18730.00,50,1044250
20221125,10:45:06,18730.00,100,1044250
20221125,10:45:07,18730.00,50,1044250
20221125,10:45:08,18729.00,50,1044250
20221125,10:45:14,18728.00,50,1044250
20221125,10:45:35,18728.15,50,1044250
20221125,10:45:50,18730.00,100,1044250
20221125,10:45:53,18730.00,50,1044250
20221125,10:45:55,18730.00,200,1044250
20221125,10:45:57,18730.00,50,1044250
20221125,10:45:58,18730.00,50,1044250
20221125,10:46:01,18730.00,50,1044250
20221125,10:46:03,18730.00,50,1044250
20221125,10:46:04,18730.00,100,1044250
20221125,10:46:06,18729.80,150,1044250
20221125,10:46:09,18730.60,50,1044250
20221125,10:46:10,18733.00,100,1044250
20221125,10:46:11,18730.20,100,1044250
20221125,10:46:12,18730.95,50,1044250
20221125,10:46:20,18734.00,1800,1044250
20221125,10:46:28,18734.00,50,1044250
20221125,10:46:29,18733.00,50,1044250
20221125,10:46:43,18733.00,100,1044250
20221125,10:46:44,18732.80,50,1044250
20221125,10:46:48,18732.75,50,1044250
20221125,10:46:49,18733.00,50,1044250
20221125,10:47:00,18731.10,150,1044250
20221125,10:47:03,18730.40,50,1044250
20221125,10:47:10,18732.95,50,1044250
20221125,10:47:12,18730.00,50,1044250
20221125,10:47:17,18732.50,50,1044250
20221125,10:47:20,18730.00,50,1044250
20221125,10:47:29,18730.00,50,1044250
20221125,10:47:38,18730.10,50,1044350
20221125,10:47:38,18730.00,50,1044350
20221125,10:47:39,18730.00,50,1044350
20221125,10:47:41,18730.00,150,1044350
20221125,10:47:43,18732.30,100,1044350
20221125,10:47:44,18730.00,50,1044350
20221125,10:47:45,18730.00,50,1044350
20221125,10:47:51,18730.00,150,1044350
20221125,10:47:52,18730.00,100,1044350
20221125,10:47:54,18730.00,250,1044350
20221125,10:47:59,18730.00,50,1044350
20221125,10:48:44,18728.00,50,1044350
20221125,10:48:46,18727.70,50,1044350
20221125,10:49:04,18726.05,100,1044350
20221125,10:49:06,18729.60,150,1044350
20221125,10:49:12,18726.75,50,1044350
20221125,10:49:26,18727.65,50,1044350
20221125,10:49:58,18726.00,50,1044350
20221125,10:49:59,18727.65,50,1044350
20221125,10:50:03,18728.20,50,1044350
20221125,10:50:10,18726.80,50,1044350
20221125,10:50:22,18725.00,50,1044350
20221125,10:50:31,18723.00,50,1044350
20221125,10:50:48,18723.00,50,1045450
20221125,10:50:50,18722.10,150,1045450
20221125,10:50:51,18722.10,50,1045450
20221125,10:50:54,18722.10,50,1045450
20221125,10:51:56,18724.15,100,1045450
20221125,10:52:11,18724.00,50,1045450
20221125,10:52:15,18725.00,150,1045450
20221125,10:52:16,18726.00,100,1045450
20221125,10:52:22,18722.95,50,1045450
20221125,10:52:24,18725.95,250,1045450
20221125,10:52:25,18722.70,100,1045450
20221125,10:52:31,18724.00,50,1045450
20221125,10:52:36,18722.20,100,1045450
20221125,10:52:48,18724.00,50,1045450
20221125,10:53:06,18724.00,100,1045450
20221125,10:53:10,18722.10,50,1045450
20221125,10:53:25,18722.10,150,1045450
20221125,10:53:34,18722.70,50,1045700
20221125,10:53:48,18722.10,150,1045700
20221125,10:53:49,18722.10,50,1045700
20221125,10:54:24,18723.95,50,1045700
20221125,10:54:54,18720.00,500,1045700
20221125,10:55:05,18722.45,50,1045700
20221125,10:55:13,18718.25,300,1045700
20221125,10:55:15,18717.10,50,1045700
20221125,10:55:29,18716.70,50,1045700
20221125,10:55:57,18715.45,200,1045700
20221125,10:56:04,18718.20,50,1045700
20221125,10:56:11,18717.65,50,1045700
20221125,10:56:22,18715.00,250,1045700
20221125,10:56:34,18715.15,50,1045900
20221125,10:56:49,18715.85,200,1045900
20221125,10:56:57,18718.00,50,1045900
20221125,10:57:05,18718.00,50,1045900
20221125,10:57:11,18720.00,150,1045900
20221125,10:57:35,18718.20,50,1045900
20221125,10:57:50,18721.00,50,1045900
20221125,10:57:53,18720.50,50,1045900
20221125,10:58:40,18719.00,50,1045900
20221125,10:58:45,18718.00,50,1045900
20221125,10:58:54,18716.30,50,1045900
20221125,10:59:14,18721.75,100,1045900
20221125,10:59:34,18720.85,50,1046150
20221125,10:59:45,18717.50,50,1046150
20221125,11:00:22,18717.15,50,1046150
20221125,11:00:23,18717.15,200,1046150
20221125,11:00:52,18717.20,50,1046150
20221125,11:00:59,18718.85,50,1046150
20221125,11:01:05,18715.50,200,1046150
20221125,11:01:26,18718.60,350,1046150
20221125,11:01:45,18717.55,50,1046150
20221125,11:01:56,18716.00,150,1046150
20221125,11:01:58,18715.05,50,1046150
20221125,11:02:02,18718.50,50,1046150
20221125,11:02:23,18715.00,150,1046150
20221125,11:02:25,18713.65,50,1046150
20221125,11:02:41,18711.15,50,1045950
20221125,11:02:48,18711.05,50,1045950
20221125,11:02:58,18711.05,50,1045950
20221125,11:03:54,18712.10,50,1045950
20221125,11:04:03,18713.55,50,1045950
20221125,11:04:18,18715.70,50,1045950
20221125,11:05:36,18711.05,50,1045950
20221125,11:05:37,18711.00,250,1045900
20221125,11:05:39,18711.00,50,1045900
20221125,11:05:41,18710.00,50,1045900
20221125,11:05:58,18708.00,50,1045900
20221125,11:06:25,18709.25,50,1045900
20221125,11:07:23,18706.75,100,1045900
20221125,11:07:49,18707.00,150,1045900
20221125,11:08:11,18708.95,50,1045900
20221125,11:08:22,18708.85,50,1045900
20221125,11:08:27,18706.10,50,1045900
20221125,11:08:59,18706.10,50,1045850
20221125,11:09:11,18708.60,50,1045850
20221125,11:09:23,18709.00,50,1045850
20221125,11:09:33,18706.50,100,1045850
20221125,11:09:36,18705.70,50,1045850
20221125,11:09:37,18705.35,50,1045850
20221125,11:10:00,18705.25,50,1045850
20221125,11:10:40,18705.30,50,1045850
20221125,11:10:44,18705.25,50,1045850
20221125,11:10:50,18705.00,100,1045850
20221125,11:10:52,18705.05,50,1045850
20221125,11:11:03,18705.00,100,1045850
20221125,11:11:08,18704.00,50,1045850
20221125,11:11:15,18702.55,900,1045850
20221125,11:11:36,18702.30,350,1045200
20221125,11:11:46,18702.30,50,1045200
20221125,11:11:56,18706.40,100,1045200
20221125,11:12:04,18705.90,300,1045200
20221125,11:12:09,18702.15,150,1045200
20221125,11:12:13,18701.60,300,1045200
20221125,11:12:29,18701.60,50,1045200
20221125,11:12:36,18702.90,50,1045200
20221125,11:12:39,18701.20,50,1045200
20221125,11:12:40,18701.20,50,1045200
20221125,11:12:50,18701.00,250,1045200
20221125,11:12:51,18700.15,50,1045200
20221125,11:12:57,18701.00,350,1045200
20221125,11:12:58,18703.90,400,1045200
20221125,11:13:00,18703.90,100,1045200
20221125,11:13:19,18701.00,100,1045200
20221125,11:13:28,18700.05,500,1045200
20221125,11:14:15,18700.05,100,1045200
20221125,11:14:24,18700.00,100,1045200
20221125,11:14:30,18700.05,50,1045200
20221125,11:14:36,18701.95,50,1045050
20221125,11:14:40,18700.95,50,1045050
20221125,11:14:50,18700.00,1000,1045050
20221125,11:14:51,18700.00,250,1045050
20221125,11:14:53,18700.00,50,1045050
20221125,11:14:55,18700.00,50,1045050
20221125,11:15:01,18700.00,50,1045050
20221125,11:15:02,18700.00,100,1045050
20221125,11:15:04,18698.00,850,1045050
20221125,11:15:09,18698.00,50,1045050
20221125,11:15:15,18701.00,950,1045050
20221125,11:16:03,18701.00,50,1045050
20221125,11:16:36,18705.75,150,1045050
20221125,11:16:38,18705.10,50,1045050
20221125,11:16:39,18705.50,50,1045050
20221125,11:16:41,18706.05,200,1045050
20221125,11:16:43,18706.00,50,1045050
20221125,11:16:47,18703.95,100,1045050
20221125,11:16:49,18702.25,100,1045050
20221125,11:16:55,18704.30,150,1045050
20221125,11:16:57,18702.25,100,1045050
20221125,11:16:59,18704.90,100,1045050
20221125,11:17:09,18702.15,50,1045050
20221125,11:17:14,18705.35,100,1045050
20221125,11:17:15,18708.65,100,1045050
20221125,11:17:17,18706.85,50,1045050
20221125,11:17:19,18706.85,50,1045050
20221125,11:17:21,18707.15,50,1045050
20221125,11:17:23,18707.20,50,1045050
20221125,11:17:34,18705.25,50,1045050
20221125,11:17:39,18705.00,50,1045200
20221125,11:17:45,18705.00,100,1045200
20221125,11:17:54,18705.85,100,1045200
20221125,11:17:57,18705.95,50,1045200
20221125,11:17:58,18706.00,50,1045200
20221125,11:17:59,18706.15,100,1045200
20221125,11:18:10,18707.00,100,1045200
20221125,11:18:13,18705.25,50,1045200
20221125,11:18:21,18708.55,200,1045200
20221125,11:18:23,18707.95,150,1045200
20221125,11:18:29,18707.95,50,1045200
20221125,11:18:31,18709.00,200,1045200
20221125,11:18:34,18707.95,100,1045200
20221125,11:18:35,18708.40,100,1045200
20221125,11:18:41,18708.60,50,1045200
20221125,11:18:47,18707.95,50,1045200
20221125,11:18:55,18709.00,50,1045200
20221125,11:19:02,18709.15,150,1045200
20221125,11:19:04,18709.15,100,1045200
20221125,11:19:05,18710.00,100,1045200
20221125,11:19:06,18711.25,200,1045200
20221125,11:19:07,18709.65,50,1045200
20221125,11:19:08,18710.50,50,1045200
20221125,11:19:10,18709.55,100,1045200
20221125,11:19:11,18709.50,50,1045200
20221125,11:19:18,18709.45,50,1045200
20221125,11:19:20,18709.35,100,1045200
20221125,11:19:22,18711.55,50,1045200
20221125,11:19:26,18709.40,50,1045200
20221125,11:19:39,18709.40,100,1045200
20221125,11:20:08,18713.35,100,1045200
20221125,11:20:10,18713.25,100,1045200
20221125,11:20:21,18713.60,50,1045200
20221125,11:20:25,18712.40,50,1045200
20221125,11:20:40,18712.25,50,1046500
20221125,11:20:42,18713.75,50,1046500
20221125,11:20:45,18713.30,100,1046500
20221125,11:21:14,18710.75,50,1046500
20221125,11:21:19,18709.70,50,1046500
20221125,11:21:46,18707.10,50,1046500
20221125,11:21:51,18708.00,50,1046500
20221125,11:21:52,18708.00,150,1046500
20221125,11:21:53,18708.00,300,1046500
20221125,11:22:11,18710.80,1050,1046500
20221125,11:22:17,18710.65,50,1046500
20221125,11:22:28,18709.85,50,1046500
20221125,11:22:48,18708.30,50,1046500
20221125,11:22:51,18709.90,50,1046500
20221125,11:23:14,18707.10,50,1046500
20221125,11:23:18,18707.10,50,1046500
20221125,11:23:22,18707.95,50,1046500
20221125,11:23:24,18708.05,50,1046500
20221125,11:23:33,18707.15,50,1046500
20221125,11:24:36,18707.15,50,1048000
20221125,11:24:37,18708.45,50,1048000
20221125,11:24:47,18705.30,50,1048000
20221125,11:25:06,18707.95,100,1048000
20221125,11:25:15,18708.00,100,1048000
20221125,11:25:17,18709.00,100,1048000
20221125,11:25:30,18709.00,200,1048000
20221125,11:25:50,18707.85,50,1048000
20221125,11:25:53,18708.80,50,1048000
20221125,11:25:54,18709.00,100,1048000
20221125,11:25:55,18709.00,650,1048000
20221125,11:25:57,18709.70,250,1048000
20221125,11:26:00,18711.90,50,1048000
20221125,11:26:01,18709.00,50,1048000
20221125,11:26:24,18709.75,50,1048000
20221125,11:26:36,18705.30,50,1048000
20221125,11:26:47,18707.45,50,1048600
20221125,11:26:51,18707.45,50,1048600
20221125,11:26:53,18706.00,150,1048600
20221125,11:27:03,18707.70,50,1048600
20221125,11:27:17,18706.05,50,1048600
20221125,11:27:19,18705.00,50,1048600
20221125,11:27:20,18705.00,50,1048600
20221125,11:27:29,18706.20,50,1048600
20221125,11:27:38,18706.20,50,1048600
20221125,11:27:51,18706.20,50,1048600
20221125,11:28:25,18708.80,300,1048600
20221125,11:28:28,18708.70,300,1048600
20221125,11:28:32,18707.95,300,1048600
20221125,11:28:38,18708.00,50,1048600
20221125,11:29:01,18710.30,50,1048600
20221125,11:29:02,18711.70,100,1048600
20221125,11:29:03,18710.40,50,1048600
20221125,11:29:23,18709.45,50,1048600
20221125,11:30:07,18711.80,50,1048600
20221125,11:30:53,18711.65,50,1049500
20221125,11:30:56,18710.60,50,1049500
20221125,11:30:58,18712.90,50,1049500
20221125,11:31:07,18713.90,150,1049500
20221125,11:31:22,18714.00,50,1049500
20221125,11:31:25,18715.90,50,1049500
20221125,11:31:26,18713.95,450,1049500
20221125,11:31:27,18716.35,350,1049500
20221125,11:31:47,18715.20,50,1049500
20221125,11:31:59,18715.40,50,1049500
20221125,11:32:07,18715.25,100,1049500
20221125,11:32:08,18715.20,200,1049500
20221125,11:32:09,18714.55,100,1049500
20221125,11:32:12,18713.65,50,1049500
20221125,11:32:17,18715.70,100,1049500
20221125,11:32:22,18715.55,50,1049500
20221125,11:32:30,18715.55,150,1049500
20221125,11:32:45,18715.05,50,1050150
20221125,11:32:46,18715.05,100,1050150
20221125,11:32:58,18715.70,50,1050150
20221125,11:33:09,18715.70,100,1050150
20221125,11:33:27,18715.70,50,1050150
20221125,11:33:33,18715.70,150,1050150
20221125,11:33:45,18717.25,50,1050150
20221125,11:33:50,18715.70,50,1050150
20221125,11:34:12,18715.20,50,1050150
20221125,11:34:15,18717.00,50,1050150
20221125,11:34:18,18718.25,50,1050150
20221125,11:34:20,18717.45,50,1050150
20221125,11:34:23,18719.95,50,1050150
20221125,11:34:24,18720.00,100,1050150
20221125,11:34:29,18719.15,200,1050150
20221125,11:34:33,18721.20,50,1050150
20221125,11:34:34,18720.95,50,1050150
20221125,11:34:45,18720.65,50,1050150
20221125,11:35:03,18720.60,50,1050150
20221125,11:35:05,18720.75,50,1050150
20221125,11:35:09,18722.00,150,1050150
20221125,11:35:10,18722.00,100,1050150
20221125,11:35:12,18722.00,50,1050150
20221125,11:35:13,18722.00,50,1050150
20221125,11:35:14,18722.00,50,1050150
20221125,11:35:15,18723.70,50,1050150
20221125,11:35:17,18721.95,50,1050150
20221125,11:35:18,18724.70,50,1050150
20221125,11:35:19,18722.40,100,1050150
20221125,11:35:25,18725.50,50,1050150
20221125,11:35:27,18725.90,150,1050150
20221125,11:35:40,18723.85,100,1051200
20221125,11:35:41,18722.50,50,1051200
20221125,11:35:45,18725.00,50,1051200
20221125,11:35:46,18725.00,50,1051200
20221125,11:35:47,18724.80,50,1051200
20221125,11:35:50,18724.85,100,1051200
20221125,11:35:51,18725.20,50,1051200
20221125,11:35:52,18724.95,100,1051200
20221125,11:35:53,18725.10,50,1051200
20221125,11:35:55,18725.35,50,1051200
20221125,11:35:56,18725.25,50,1051200
20221125,11:35:56,18725.70,50,1051200
20221125,11:36:14,18724.95,150,1051200
20221125,11:36:23,18724.90,50,1051200
20221125,11:37:04,18723.90,1050,1051200
20221125,11:37:08,18723.55,50,1051200
20221125,11:37:10,18720.05,100,1051200
20221125,11:37:26,18720.00,50,1051200
20221125,11:37:45,18717.05,300,1051200
20221125,11:38:20,18717.70,50,1051200
20221125,11:38:50,18721.10,100,1052850
20221125,11:39:55,18715.90,800,1052850
20221125,11:40:02,18721.10,50,1052850
20221125,11:40:04,18721.95,100,1052850
20221125,11:40:14,18720.75,50,1052850
20221125,11:40:40,18718.40,300,1052850
20221125,11:40:43,18717.00,50,1052850
20221125,11:41:02,18714.90,250,1052850
20221125,11:41:11,18714.15,100,1052850
20221125,11:41:42,18715.00,50,1053400
20221125,11:41:49,18709.50,50,1053400
20221125,11:41:51,18707.15,50,1053400
20221125,11:42:12,18705.00,250,1053400
20221125,11:42:17,18705.00,50,1053400
20221125,11:42:30,18702.50,50,1053400
20221125,11:42:32,18702.00,150,1053400
20221125,11:42:38,18702.00,50,1053400
20221125,11:42:50,18701.05,100,1053400
20221125,11:42:52,18701.70,50,1053400
20221125,11:43:07,18702.05,300,1053400
20221125,11:43:09,18702.10,50,1053400
20221125,11:43:14,18701.45,50,1053400
20221125,11:43:33,18702.10,50,1053400
20221125,11:43:37,18702.10,50,1053400
20221125,11:43:39,18701.15,50,1053400
20221125,11:44:15,18701.50,100,1053400
20221125,11:44:33,18701.50,50,1053400
20221125,11:44:35,18701.15,50,1053400
20221125,11:44:36,18701.00,250,1053400
20221125,11:44:37,18700.00,150,1053400
20221125,11:44:49,18698.85,50,1054200
20221125,11:44:55,18698.85,50,1054200
20221125,11:45:12,18698.85,150,1054200
20221125,11:45:36,18698.00,50,1054200
20221125,11:45:38,18698.85,50,1054200
20221125,11:46:04,18696.00,50,1054200
20221125,11:46:07,18693.00,400,1054200
20221125,11:46:21,18690.65,100,1054200
20221125,11:46:32,18693.00,50,1054200
20221125,11:46:35,18694.85,150,1054200
20221125,11:46:39,18695.50,50,1054200
20221125,11:46:49,18695.50,50,1054200
20221125,11:46:51,18696.40,250,1054200
20221125,11:46:59,18696.95,50,1054200
20221125,11:47:13,18697.20,50,1054200
20221125,11:47:27,18697.20,50,1054200
20221125,11:47:30,18697.25,50,1054200
20221125,11:47:33,18698.65,50,1054200
20221125,11:47:36,18698.85,50,1054200
20221125,11:47:43,18700.00,100,1054650
20221125,11:47:46,18700.20,150,1054650
20221125,11:47:55,18701.95,50,1054650
20221125,11:47:59,18702.65,100,1054650
20221125,11:48:08,18702.50,50,1054650
20221125,11:48:10,18703.40,50,1054650
20221125,11:48:13,18703.40,250,1054650
20221125,11:48:25,18701.60,50,1054650
20221125,11:48:27,18702.25,500,1054650
20221125,11:48:53,18700.05,50,1054650
20221125,11:49:22,18695.60,50,1054650
20221125,11:49:23,18697.50,150,1054650
20221125,11:51:39,18697.00,50,1054650
20221125,11:52:01,18695.00,50,1054650
20221125,11:52:02,18695.00,50,1054650
20221125,11:52:27,18695.45,50,1054650
20221125,11:52:40,18698.35,100,1054650
20221125,11:52:53,18698.85,50,1054650
20221125,11:53:40,18698.45,50,1054650
20221125,11:53:43,18700.00,50,1054650
20221125,11:53:52,18698.00,50,1054800
20221125,11:54:08,18699.90,200,1054800
20221125,11:54:17,18699.90,100,1054800
20221125,11:55:20,18701.00,50,1054800
20221125,11:56:00,18697.80,50,1054800
20221125,11:56:26,18696.00,50,1054800
20221125,11:56:56,18695.25,50,1055100
20221125,11:57:10,18697.50,50,1055100
20221125,11:57:12,18698.00,50,1055100
20221125,11:57:36,18699.35,50,1055100
20221125,11:57:37,18699.35,50,1055100
20221125,11:57:59,18697.05,50,1055100
20221125,11:58:04,18695.00,300,1055100
20221125,11:58:30,18694.85,50,1055100
20221125,11:58:39,18693.65,50,1055100
20221125,11:58:41,18693.55,100,1055100
20221125,11:58:44,18693.90,50,1055100
20221125,11:58:49,18693.60,50,1055100
20221125,11:59:15,18696.05,150,1055100
20221125,11:59:20,18693.65,50,1055100
20221125,11:59:39,18691.05,50,1055100
20221125,11:59:41,18693.60,50,1055100
20221125,11:59:45,18691.15,50,1055850
20221125,11:59:53,18693.35,150,1055850
20221125,12:00:31,18692.55,50,1055850
20221125,12:00:41,18695.35,300,1055850
20221125,12:01:04,18694.30,50,1055850
20221125,12:01:19,18694.10,50,1055850
20221125,12:01:32,18694.95,50,1055850
20221125,12:01:35,18697.00,50,1055850
20221125,12:01:42,18693.95,50,1055850
20221125,12:02:19,18694.00,50,1055850
20221125,12:02:25,18691.80,100,1055850
20221125,12:02:31,18696.60,100,1055850
20221125,12:02:52,18696.50,50,1055850
20221125,12:02:54,18693.55,50,1055850
20221125,12:02:55,18693.45,100,1055850
20221125,12:03:02,18694.25,50,1055850
20221125,12:03:08,18697.25,50,1055850
20221125,12:03:18,18694.05,150,1055850
20221125,12:03:24,18694.00,50,1055850
20221125,12:03:26,18695.45,50,1055850
20221125,12:03:46,18694.00,50,1055850
20221125,12:03:56,18695.00,50,1055850
20221125,12:03:59,18695.00,50,1055850
20221125,12:04:01,18695.45,50,1055850
20221125,12:04:35,18698.85,100,1055850
20221125,12:04:37,18695.85,50,1055850
20221125,12:04:38,18700.35,50,1055850
20221125,12:04:41,18697.50,50,1055850
20221125,12:04:59,18697.20,50,1055850
20221125,12:05:02,18701.00,50,1055850
20221125,12:05:04,18701.00,50,1055850
20221125,12:05:05,18701.00,50,1055850
20221125,12:05:11,18703.70,50,1055850
20221125,12:05:17,18700.30,100,1055850
20221125,12:05:23,18700.55,50,1055850
20221125,12:05:36,18704.90,50,1055850
20221125,12:06:01,18703.00,50,1056150
20221125,12:06:07,18705.00,100,1056150
20221125,12:06:57,18702.35,50,1056150
20221125,12:07:15,18704.60,50,1056150
20221125,12:07:47,18701.00,300,1056150
20221125,12:08:07,18700.00,50,1056150
20221125,12:08:09,18698.55,50,1056150
20221125,12:08:17,18698.35,50,1056150
20221125,12:08:26,18698.30,200,1056150
20221125,12:08:31,18698.30,50,1056150
20221125,12:08:39,18700.00,100,1056150
20221125,12:08:45,18700.00,50,1056150
20221125,12:08:46,18700.00,50,1056100
20221125,12:09:09,18699.25,50,1056100
20221125,12:09:15,18698.35,50,1056100
20221125,12:09:20,18701.00,250,1056100
20221125,12:09:54,18700.45,50,1056100
20221125,12:10:01,18703.55,100,1056100
20221125,12:10:04,18700.70,50,1056100
20221125,12:10:27,18700.55,50,1056100
20221125,12:11:34,18703.45,50,1056100
20221125,12:11:41,18700.00,50,1056100
20221125,12:11:48,18700.25,50,1056200
20221125,12:11:49,18703.30,50,1056200
20221125,12:11:55,18701.70,50,1056200
20221125,12:11:57,18704.60,50,1056200
20221125,12:12:02,18701.15,50,1056200
20221125,12:12:22,18702.15,50,1056200
20221125,12:12:43,18702.60,100,1056200
20221125,12:12:45,18704.10,100,1056200
20221125,12:12:46,18703.85,50,1056200
20221125,12:12:51,18705.00,50,1056200
20221125,12:12:52,18705.00,50,1056200
20221125,12:12:53,18704.60,100,1056200
20221125,12:13:03,18706.10,50,1056200
20221125,12:13:13,18708.00,50,1056200
20221125,12:13:18,18708.70,50,1056200
20221125,12:13:33,18706.00,100,1056200
20221125,12:13:34,18708.90,50,1056200
20221125,12:13:35,18708.75,50,1056200
20221125,12:13:36,18708.70,100,1056200
20221125,12:13:37,18708.70,150,1056200
20221125,12:13:59,18705.35,100,1056200
20221125,12:14:05,18708.45,100,1056200
20221125,12:14:06,18708.45,50,1056200
20221125,12:14:08,18704.50,50,1056200
20221125,12:14:30,18708.40,50,1056200
20221125,12:14:49,18707.05,50,1056600
20221125,12:14:54,18705.00,50,1056600
20221125,12:15:00,18704.55,50,1056600
20221125,12:16:11,18708.85,1000,1056600
20221125,12:16:14,18704.80,50,1056600
20221125,12:16:18,18708.05,50,1056600
20221125,12:16:23,18704.90,100,1056600
20221125,12:16:43,18706.30,50,1056600
20221125,12:16:49,18710.00,50,1056600
20221125,12:16:51,18707.35,100,1056600
20221125,12:17:10,18710.00,100,1056600
20221125,12:17:23,18710.10,50,1056600
20221125,12:17:41,18709.05,100,1056600
20221125,12:19:00,18712.00,50,1057250
20221125,12:19:05,18710.85,100,1057250
20221125,12:19:14,18712.05,50,1057250
20221125,12:19:19,18712.05,100,1057250
20221125,12:19:21,18713.00,50,1057250
20221125,12:19:25,18714.00,100,1057250
20221125,12:19:49,18710.85,50,1057250
20221125,12:19:57,18710.05,50,1057250
20221125,12:20:47,18709.00,50,1057250
20221125,12:20:53,18710.05,100,1057250
20221125,12:21:02,18708.80,50,1057150
20221125,12:21:04,18710.00,50,1057150
20221125,12:21:05,18710.05,250,1057150
20221125,12:21:09,18710.85,250,1057150
20221125,12:21:17,18708.05,50,1057150
20221125,12:21:20,18708.00,50,1057150
20221125,12:21:25,18708.20,150,1057150
20221125,12:21:26,18707.80,100,1057150
20221125,12:21:27,18707.80,100,1057150
20221125,12:21:40,18709.80,50,1057150
20221125,12:21:55,18713.85,100,1057150
20221125,12:21:58,18710.70,50,1057150
20221125,12:22:03,18715.30,50,1057150
20221125,12:22:13,18714.50,50,1057150
20221125,12:22:16,18717.40,50,1057150
20221125,12:22:18,18714.55,100,1057150
20221125,12:22:26,18717.95,50,1057150
20221125,12:22:49,18717.35,100,1057150
20221125,12:22:51,18717.80,550,1057150
20221125,12:22:56,18715.00,50,1057150
20221125,12:23:41,18713.65,100,1057150
20221125,12:23:55,18710.25,1000,1057400
20221125,12:25:06,18715.00,50,1057400
20221125,12:25:08,18715.00,50,1057400
20221125,12:25:09,18713.65,100,1057400
20221125,12:25:11,18714.30,700,1057400
20221125,12:25:36,18716.60,50,1057400
20221125,12:25:49,18715.00,50,1057400
20221125,12:25:53,18716.00,50,1057400
20221125,12:25:55,18715.00,50,1057400
20221125,12:26:06,18715.00,50,1057400
20221125,12:26:22,18714.40,100,1057400
20221125,12:26:39,18714.30,50,1057400
20221125,12:26:42,18714.00,100,1057400
20221125,12:26:45,18714.00,50,1057400
20221125,12:26:46,18715.00,50,1057400
20221125,12:26:51,18715.00,50,1057250
20221125,12:26:52,18714.50,50,1057250
20221125,12:27:00,18715.00,50,1057250
20221125,12:27:01,18715.00,50,1057250
20221125,12:27:15,18716.00,100,1057250
20221125,12:27:19,18715.00,50,1057250
20221125,12:27:27,18715.05,50,1057250
20221125,12:27:32,18715.00,150,1057250
20221125,12:27:33,18713.55,250,1057250
20221125,12:27:51,18713.20,50,1057250
20221125,12:28:09,18716.55,50,1057250
20221125,12:28:24,18715.45,150,1057250
20221125,12:28:48,18712.55,50,1057250
20221125,12:28:57,18714.20,50,1057250
20221125,12:28:58,18714.25,50,1057250
20221125,12:29:02,18714.30,250,1057250
20221125,12:29:03,18714.45,100,1057250
20221125,12:29:05,18714.85,100,1057250
20221125,12:29:06,18716.65,50,1057250
20221125,12:29:08,18716.95,50,1057250
20221125,12:29:10,18714.85,100,1057250
20221125,12:29:18,18713.80,50,1057250
20221125,12:29:19,18713.40,150,1057250
20221125,12:29:20,18713.40,50,1057250
20221125,12:29:26,18713.40,50,1057250
20221125,12:29:29,18713.75,150,1057250
20221125,12:29:31,18717.00,300,1057250
20221125,12:29:35,18717.00,50,1057250
20221125,12:29:38,18717.00,100,1057250
20221125,12:29:39,18717.00,50,1057250
20221125,12:29:40,18717.00,50,1057250
20221125,12:29:45,18717.00,50,1057250
20221125,12:29:46,18714.45,250,1057250
20221125,12:29:48,18717.00,150,1057250
20221125,12:29:49,18717.00,100,1057250
20221125,12:29:51,18717.30,50,1058800
20221125,12:29:52,18714.75,50,1058800
20221125,12:29:56,18717.45,150,1058800
20221125,12:29:56,18717.40,100,1058800
20221125,12:30:00,18720.00,200,1058800
20221125,12:30:01,18721.50,300,1058800
20221125,12:30:02,18721.55,50,1058800
20221125,12:30:03,18719.20,350,1058800
20221125,12:30:10,18722.60,50,1058800
20221125,12:30:12,18719.15,50,1058800
20221125,12:30:13,18721.90,250,1058800
20221125,12:30:15,18718.80,100,1058800
20221125,12:30:16,18717.40,150,1058800
20221125,12:30:22,18720.00,50,1058800
20221125,12:30:23,18720.00,50,1058800
20221125,12:30:31,18720.75,100,1058800
20221125,12:30:32,18720.10,100,1058800
20221125,12:30:35,18721.45,50,1058800
20221125,12:31:02,18719.50,100,1058800
20221125,12:31:03,18719.35,50,1058800
20221125,12:31:14,18719.35,50,1058800
20221125,12:31:19,18718.95,200,1058800
20221125,12:31:50,18721.90,100,1058800
20221125,12:31:53,18723.00,100,1058800
20221125,12:31:54,18722.25,50,1058800
20221125,12:32:04,18722.15,250,1058800
20221125,12:32:06,18722.80,50,1058800
20221125,12:32:32,18724.25,50,1058800
20221125,12:32:50,18721.05,50,1060300
20221125,12:32:51,18721.05,100,1060300
20221125,12:32:52,18721.00,50,1060300
20221125,12:32:54,18719.70,50,1060300
20221125,12:32:55,18720.10,50,1060300
20221125,12:32:56,18722.90,250,1060300
20221125,12:32:57,18723.60,350,1060300
20221125,12:32:58,18722.05,500,1060300
20221125,12:33:01,18724.80,50,1060300
20221125,12:33:02,18725.00,50,1060300
20221125,12:33:03,18725.25,100,1060300
20221125,12:33:06,18723.95,50,1060300
20221125,12:33:10,18723.60,100,1060300
20221125,12:33:11,18723.60,50,1060300
20221125,12:33:13,18723.95,50,1060300
20221125,12:33:14,18724.15,100,1060300
20221125,12:33:21,18720.55,50,1060300
20221125,12:33:25,18722.80,50,1060300
20221125,12:33:29,18720.95,100,1060300
20221125,12:33:33,18723.50,50,1060300
20221125,12:33:40,18724.00,50,1060300
20221125,12:33:41,18724.05,50,1060300
20221125,12:33:58,18723.45,50,1060300
20221125,12:34:04,18723.30,50,1060300
20221125,12:34:10,18722.30,50,1060300
20221125,12:34:11,18722.30,100,1060300
20221125,12:34:35,18723.30,50,1060300
20221125,12:34:37,18722.35,50,1060300
20221125,12:34:38,18722.30,50,1060300
20221125,12:34:39,18721.95,50,1060300
20221125,12:34:40,18723.35,50,1060300
20221125,12:34:45,18723.40,100,1060300
20221125,12:34:47,18720.50,50,1060300
20221125,12:34:54,18723.35,50,1060300
20221125,12:34:56,18723.30,50,1060300
20221125,12:35:01,18723.80,100,1060300
20221125,12:35:05,18725.00,150,1060300
20221125,12:35:06,18725.00,50,1060300
20221125,12:35:07,18725.90,150,1060300
20221125,12:35:08,18724.25,150,1060300
20221125,12:35:09,18724.30,250,1060300
20221125,12:35:10,18724.25,50,1060300
20221125,12:35:11,18726.60,50,1060300
20221125,12:35:17,18725.95,50,1060300
20221125,12:35:18,18726.95,100,1060300
20221125,12:35:19,18724.40,150,1060300
20221125,12:35:20,18727.00,200,1060300
20221125,12:35:21,18724.65,300,1060300
20221125,12:35:25,18726.00,50,1060300
20221125,12:35:26,18726.00,50,1060300
20221125,12:35:27,18726.70,50,1060300
20221125,12:35:29,18726.70,100,1060300
20221125,12:35:35,18726.25,50,1060300
20221125,12:35:41,18725.55,50,1060300
20221125,12:35:46,18724.45,50,1060300
20221125,12:35:48,18724.65,50,1060300
20221125,12:35:50,18725.30,200,1060300
20221125,12:35:54,18725.30,50,1062650
20221125,12:36:02,18722.65,50,1062650
20221125,12:36:16,18724.40,100,1062650
20221125,12:36:31,18722.00,50,1062650
20221125,12:36:54,18721.10,100,1062650
20221125,12:37:06,18723.15,50,1062650
20221125,12:37:26,18720.00,50,1062650
20221125,12:37:27,18720.00,200,1062650
20221125,12:37:28,18719.60,50,1062650
20221125,12:37:40,18719.60,50,1062650
20221125,12:37:59,18719.55,50,1062650
20221125,12:38:05,18720.50,50,1062650
20221125,12:38:07,18723.10,100,1062650
20221125,12:38:10,18719.60,50,1062650
20221125,12:38:24,18720.00,50,1062650
20221125,12:39:07,18720.75,100,1063350
20221125,12:39:11,18718.00,50,1063350
20221125,12:39:22,18720.40,50,1063350
20221125,12:39:37,18719.95,100,1063350
20221125,12:39:38,18717.05,250,1063350
20221125,12:39:42,18719.70,50,1063350
20221125,12:39:48,18718.05,50,1063350
20221125,12:39:57,18719.50,50,1063350
20221125,12:40:00,18718.05,100,1063350
20221125,12:40:01,18718.05,200,1063350
20221125,12:40:09,18718.85,50,1063350
20221125,12:40:10,18718.80,50,1063350
20221125,12:40:13,18718.00,50,1063350
20221125,12:40:15,18717.75,50,1063350
20221125,12:40:16,18717.75,400,1063350
20221125,12:40:17,18717.65,200,1063350
20221125,12:40:18,18716.55,100,1063350
20221125,12:40:19,18717.95,50,1063350
20221125,12:40:21,18717.90,50,1063350
20221125,12:40:22,18715.50,50,1063350
20221125,12:40:27,18718.45,50,1063350
20221125,12:40:31,18718.50,550,1063350
20221125,12:40:32,18719.20,50,1063350
20221125,12:40:35,18719.20,400,1063350
20221125,12:40:38,18717.95,50,1063350
20221125,12:40:51,18717.95,100,1063350
20221125,12:41:08,18719.20,50,1063350
20221125,12:41:12,18720.00,150,1063350
20221125,12:41:13,18721.80,200,1063350
20221125,12:41:15,18721.90,50,1063350
20221125,12:41:17,18722.35,50,1063350
20221125,12:41:20,18722.25,50,1063350
20221125,12:41:23,18722.70,50,1063350
20221125,12:41:24,18722.70,50,1063350
20221125,12:41:26,18722.70,50,1063350
20221125,12:41:29,18722.75,50,1063350
20221125,12:41:30,18723.00,600,1063350
20221125,12:41:31,18725.00,250,1063350
20221125,12:41:32,18724.85,150,1063350
20221125,12:41:34,18724.80,50,1063350
20221125,12:41:35,18724.80,50,1063350
20221125,12:41:36,18724.95,100,1063350
20221125,12:41:41,18721.45,50,1063350
20221125,12:41:48,18722.05,50,1063350
20221125,12:41:49,18725.00,50,1063350
20221125,12:41:51,18725.00,50,1063350
20221125,12:41:52,18726.40,100,1063350
20221125,12:41:53,18727.40,200,1066050
20221125,12:41:55,18727.35,50,1066050
20221125,12:41:57,18727.80,100,1066050
20221125,12:41:58,18728.25,150,1066050
20221125,12:42:00,18728.65,150,1066050
20221125,12:42:02,18729.00,250,1066050
20221125,12:42:03,18729.00,50,1066050
20221125,12:42:04,18729.65,1050,1066050
20221125,12:42:07,18731.60,300,1066050
20221125,12:42:09,18731.75,150,1066050
20221125,12:42:11,18731.85,100,1066050
20221125,12:42:12,18731.90,50,1066050
20221125,12:42:14,18731.85,100,1066050
20221125,12:42:15,18731.50,150,1066050
20221125,12:42:16,18730.85,100,1066050
20221125,12:42:17,18730.85,300,1066050
20221125,12:42:19,18730.80,150,1066050
20221125,12:42:20,18730.85,50,1066050
20221125,12:42:21,18730.75,150,1066050
20221125,12:42:22,18730.70,100,1066050
20221125,12:42:28,18730.85,50,1066050
20221125,12:42:30,18730.70,150,1066050
20221125,12:42:32,18730.60,50,1066050
20221125,12:42:35,18728.00,50,1066050
20221125,12:42:42,18730.30,50,1066050
20221125,12:42:44,18731.80,50,1066050
20221125,12:42:45,18731.55,50,1066050
20221125,12:42:47,18731.40,50,1066050
20221125,12:42:51,18731.15,50,1066050
20221125,12:42:52,18731.10,50,1066050
20221125,12:43:00,18728.00,50,1066050
20221125,12:43:14,18729.55,150,1066050
20221125,12:43:15,18730.50,50,1066050
20221125,12:43:27,18729.30,100,1066050
20221125,12:43:31,18729.80,50,1066050
20221125,12:43:33,18729.35,50,1066050
20221125,12:43:35,18729.30,50,1066050
20221125,12:43:37,18728.65,50,1066050
20221125,12:43:43,18728.90,50,1066050
20221125,12:43:48,18728.70,50,1066050
20221125,12:43:51,18725.80,100,1066050
20221125,12:43:58,18726.05,50,1066050
20221125,12:43:59,18726.90,50,1066050
20221125,12:44:09,18726.45,350,1066050
20221125,12:44:10,18726.90,50,1066050
20221125,12:44:11,18727.80,50,1066050
20221125,12:44:24,18728.25,50,1066050
20221125,12:44:46,18725.00,100,1066050
20221125,12:44:56,18724.55,50,1068150
20221125,12:44:57,18723.05,50,1068150
20221125,12:45:02,18725.00,50,1068150
20221125,12:45:04,18726.60,250,1068150
20221125,12:45:15,18724.15,100,1068150
20221125,12:45:39,18723.60,50,1068150
20221125,12:45:45,18724.05,50,1068150
20221125,12:45:55,18723.80,50,1068150
20221125,12:45:56,18723.60,100,1068150
20221125,12:46:01,18720.75,50,1068150
20221125,12:46:09,18722.05,50,1068150
20221125,12:46:28,18720.05,50,1068150
20221125,12:46:31,18721.35,50,1068150
20221125,12:46:53,18720.05,50,1068150
20221125,12:46:54,18720.00,50,1068150
20221125,12:46:56,18720.00,50,1068150
20221125,12:46:57,18717.65,100,1068150
20221125,12:46:58,18720.40,50,1068150
20221125,12:47:00,18719.40,50,1068150
20221125,12:47:03,18720.00,50,1068150
20221125,12:47:13,18719.55,50,1068150
20221125,12:47:16,18718.20,50,1068150
20221125,12:47:19,18718.55,150,1068150
20221125,12:47:20,18720.25,50,1068150
20221125,12:47:35,18719.55,50,1068150
20221125,12:47:41,18721.55,100,1068150
20221125,12:47:49,18721.75,50,1068150
20221125,12:48:09,18721.30,50,1068700
20221125,12:48:10,18721.30,50,1068700
20221125,12:48:11,18721.30,50,1068700
20221125,12:48:12,18721.65,50,1068700
20221125,12:48:14,18720.50,50,1068700
20221125,12:48:15,18721.75,50,1068700
20221125,12:48:16,18723.05,50,1068700
20221125,12:48:18,18723.35,50,1068700
20221125,12:48:21,18723.30,50,1068700
20221125,12:48:27,18724.00,50,1068700
20221125,12:48:31,18725.65,100,1068700
20221125,12:48:58,18725.60,50,1068700
20221125,12:48:59,18726.25,50,1068700
20221125,12:49:00,18725.45,200,1068700
20221125,12:49:09,18727.35,50,1068700
20221125,12:49:10,18730.00,150,1068700
20221125,12:49:11,18731.10,100,1068700
20221125,12:49:16,18731.10,100,1068700
20221125,12:49:19,18730.30,50,1068700
20221125,12:49:21,18730.75,100,1068700
20221125,12:49:22,18730.70,50,1068700
20221125,12:49:26,18729.80,50,1068700
20221125,12:49:27,18729.50,50,1068700
20221125,12:49:38,18725.55,50,1068700
20221125,12:49:43,18729.50,50,1068700
20221125,12:49:48,18728.85,50,1068700
20221125,12:49:50,18727.40,50,1068700
20221125,12:49:53,18730.00,200,1068700
20221125,12:49:54,18730.00,50,1068700
20221125,12:50:01,18731.00,50,1068700
20221125,12:50:03,18731.00,150,1068700
20221125,12:50:06,18732.20,100,1068700
20221125,12:50:08,18732.35,150,1068700
20221125,12:50:09,18730.05,250,1068700
20221125,12:50:14,18731.45,50,1068700
20221125,12:50:19,18732.95,100,1068700
20221125,12:50:21,18732.55,100,1068700
20221125,12:50:22,18732.85,50,1068700
20221125,12:50:23,18732.95,50,1068700
20221125,12:50:24,18732.95,50,1068700
20221125,12:50:25,18732.65,50,1068700
20221125,12:50:26,18732.65,150,1068700
20221125,12:50:27,18732.65,150,1068700
20221125,12:50:28,18733.10,300,1068700
20221125,12:50:30,18732.95,50,1068700
20221125,12:50:31,18733.25,100,1068700
20221125,12:50:36,18733.35,50,1068700
20221125,12:50:39,18732.95,150,1068700
20221125,12:50:43,18732.00,50,1068700
20221125,12:50:45,18732.35,100,1068700
20221125,12:50:47,18730.00,150,1068700
20221125,12:50:51,18731.40,50,1068700
20221125,12:50:55,18732.20,100,1071650
20221125,12:50:59,18731.00,50,1071650
20221125,12:51:01,18728.55,50,1071650
20221125,12:51:03,18728.70,50,1071650
20221125,12:51:04,18728.55,150,1071650
20221125,12:51:05,18728.35,50,1071650
20221125,12:51:10,18730.30,100,1071650
20221125,12:51:15,18729.95,50,1071650
20221125,12:51:16,18730.00,50,1071650
20221125,12:51:30,18729.30,50,1071650
20221125,12:51:32,18726.85,50,1071650
20221125,12:51:33,18727.00,50,1071650
20221125,12:51:36,18730.00,50,1071650
20221125,12:51:49,18729.70,50,1071650
20221125,12:52:31,18723.60,50,1071650
20221125,12:52:33,18723.60,50,1071650
20221125,12:52:35,18723.70,100,1071650
20221125,12:52:44,18723.50,50,1071650
20221125,12:52:46,18723.60,50,1071650
20221125,12:53:05,18725.00,50,1071650
20221125,12:53:06,18728.60,50,1071650
20221125,12:53:34,18730.00,100,1071650
20221125,12:53:35,18730.00,400,1071650
20221125,12:53:37,18730.00,50,1071650
20221125,12:53:38,18730.00,300,1071650
20221125,12:53:41,18731.65,150,1071650
20221125,12:53:44,18729.75,50,1071650
20221125,12:54:09,18731.25,50,1072500
20221125,12:54:25,18728.30,100,1072500
20221125,12:54:41,18728.50,100,1072500
20221125,12:54:45,18730.20,50,1072500
20221125,12:54:52,18730.00,50,1072500
20221125,12:55:03,18732.35,150,1072500
20221125,12:55:07,18732.00,50,1072500
20221125,12:55:09,18731.75,50,1072500
20221125,12:55:11,18731.35,50,1072500
20221125,12:55:20,18732.05,150,1072500
20221125,12:55:22,18729.90,50,1072500
20221125,12:55:30,18732.40,50,1072500
20221125,12:55:31,18732.65,50,1072500
20221125,12:55:33,18731.00,150,1072500
20221125,12:55:35,18731.40,100,1072500
20221125,12:55:37,18731.40,150,1072500
20221125,12:55:38,18733.25,250,1072500
20221125,12:55:41,18733.35,50,1072500
20221125,12:55:45,18733.80,100,1072500
20221125,12:55:46,18732.40,100,1072500
20221125,12:55:48,18733.95,50,1072500
20221125,12:55:49,18732.35,200,1072500
20221125,12:55:54,18733.85,50,1072500
20221125,12:55:55,18733.90,50,1072500
20221125,12:56:02,18733.75,50,1072500
20221125,12:56:03,18731.55,50,1072500
20221125,12:56:09,18733.00,50,1072500
20221125,12:56:10,18733.85,50,1072500
20221125,12:56:11,18735.90,950,1072500
20221125,12:56:13,18732.80,50,1072500
20221125,12:56:14,18734.80,50,1072500
20221125,12:56:37,18734.75,250,1072500
20221125,12:56:38,18734.80,150,1072500
20221125,12:56:43,18735.95,50,1072500
20221125,12:56:50,18736.25,350,1072500
20221125,12:56:57,18736.60,50,1072600
20221125,12:57:01,18738.30,250,1072600
20221125,12:57:03,18737.55,100,1072600
20221125,12:57:05,18737.90,50,1072600
20221125,12:57:13,18737.60,100,1072600
20221125,12:57:15,18737.95,50,1072600
20221125,12:57:24,18736.40,50,1072600
20221125,12:57:30,18738.00,100,1072600
20221125,12:57:34,18738.70,50,1072600
20221125,12:57:35,18736.70,50,1072600
20221125,12:57:36,18739.00,50,1072600
20221125,12:57:45,18736.25,100,1072600
20221125,12:57:54,18738.35,50,1072600
20221125,12:58:01,18738.65,100,1072600
20221125,12:58:03,18735.95,100,1072600
20221125,12:58:06,18735.30,50,1072600
20221125,12:58:07,18735.15,50,1072600
20221125,12:58:23,18734.95,50,1072600
20221125,12:58:24,18735.05,50,1072600
20221125,12:58:32,18735.05,50,1072600
20221125,12:58:33,18738.55,150,1072600
20221125,12:58:38,18734.35,250,1072600
20221125,12:58:40,18737.65,150,1072600
20221125,12:58:50,18735.60,350,1072600
20221125,12:58:50,18735.65,100,1072600
20221125,12:58:51,18734.95,150,1072600
20221125,12:59:14,18734.00,150,1072600
20221125,12:59:15,18734.00,50,1072600
20221125,12:59:31,18734.00,100,1072600
20221125,12:59:31,18732.30,50,1072600
20221125,12:59:34,18733.70,250,1072600
20221125,12:59:39,18735.00,50,1072600
20221125,12:59:45,18732.85,50,1072600
20221125,12:59:52,18735.25,50,1072600
20221125,13:00:01,18735.00,50,1072300
20221125,13:00:06,18735.55,50,1072300
20221125,13:00:16,18736.00,100,1072300
20221125,13:00:17,18737.55,50,1072300
20221125,13:00:19,18737.65,50,1072300
20221125,13:00:21,18737.65,50,1072300
20221125,13:00:26,18733.85,100,1072300
20221125,13:00:33,18735.60,50,1072300
20221125,13:00:34,18735.60,50,1072300
20221125,13:00:35,18735.00,50,1072300
20221125,13:00:36,18735.05,50,1072300
20221125,13:00:39,18736.10,200,1072300
20221125,13:00:41,18733.20,100,1072300
20221125,13:01:05,18736.85,50,1072300
20221125,13:01:09,18738.00,50,1072300
20221125,13:01:22,18736.55,50,1072300
20221125,13:01:25,18739.00,50,1072300
20221125,13:01:27,18739.20,100,1072300
20221125,13:01:41,18739.45,200,1072300
20221125,13:01:43,18739.45,50,1072300
20221125,13:01:49,18736.45,50,1072300
20221125,13:02:10,18736.45,500,1072300
20221125,13:02:12,18737.85,50,1072300
20221125,13:02:26,18737.85,500,1072300
20221125,13:02:43,18737.85,500,1072300
20221125,13:02:44,18734.30,100,1072300
20221125,13:03:04,18738.70,600,1073100
20221125,13:03:07,18738.70,500,1073100
20221125,13:03:16,18738.15,150,1073100
20221125,13:03:31,18738.65,400,1073100
20221125,13:03:42,18732.95,50,1073100
20221125,13:03:43,18737.55,1000,1073100
20221125,13:04:00,18733.15,350,1073100
20221125,13:04:31,18730.00,50,1073100
20221125,13:04:38,18730.00,50,1073100
20221125,13:04:46,18730.00,50,1073100
20221125,13:04:53,18734.05,950,1073100
20221125,13:05:00,18731.45,50,1073100
20221125,13:05:11,18727.55,50,1073100
20221125,13:05:19,18731.85,50,1073100
20221125,13:05:32,18729.15,50,1073100
20221125,13:06:45,18729.15,500,1076600
20221125,13:07:58,18725.35,50,1076600
20221125,13:08:08,18724.35,50,1076600
20221125,13:08:21,18725.25,50,1076600
20221125,13:08:27,18724.65,50,1076600
20221125,13:09:02,18726.00,50,1076600
20221125,13:09:06,18725.00,50,1076600
20221125,13:09:07,18724.00,50,1076600
20221125,13:09:10,18724.55,50,1076600
20221125,13:09:26,18723.00,50,1076600
20221125,13:09:42,18724.55,50,1076600
20221125,13:09:45,18724.50,100,1076600
20221125,13:09:52,18724.50,50,1076600
20221125,13:10:05,18725.90,150,1076600
20221125,13:10:13,18726.95,50,1076600
20221125,13:10:59,18727.90,150,1076600
20221125,13:11:08,18725.00,50,1076600
20221125,13:11:27,18725.50,50,1076600
20221125,13:11:33,18727.00,50,1076600
20221125,13:11:45,18729.00,50,1076600
20221125,13:11:56,18730.00,150,1076600
20221125,13:12:43,18729.00,50,1076800
20221125,13:12:57,18730.00,50,1076800
20221125,13:13:00,18730.00,200,1076800
20221125,13:13:01,18728.70,50,1076800
20221125,13:13:18,18730.00,100,1076800
20221125,13:13:28,18730.00,50,1076800
20221125,13:13:32,18730.00,50,1076800
20221125,13:13:49,18732.00,50,1076800
20221125,13:14:12,18736.00,500,1076800
20221125,13:14:15,18731.35,50,1076800
20221125,13:14:17,18731.35,50,1076800
20221125,13:14:18,18731.35,50,1076800
20221125,13:14:47,18733.35,50,1076800
20221125,13:15:16,18735.35,50,1076750
20221125,13:15:16,18735.35,100,1076750
20221125,13:15:18,18735.35,200,1076750
20221125,13:15:20,18736.05,350,1076750
20221125,13:15:32,18733.70,100,1076750
20221125,13:15:56,18730.00,100,1076750
20221125,13:15:57,18726.25,1800,1076750
20221125,13:16:00,18727.20,50,1076750
20221125,13:16:20,18732.55,50,1076750
20221125,13:16:36,18734.05,200,1076750
20221125,13:16:55,18733.25,50,1076750
20221125,13:17:01,18735.00,50,1076750
20221125,13:17:05,18733.30,50,1076750
20221125,13:17:27,18732.25,50,1076750
20221125,13:18:07,18732.15,50,1076150
20221125,13:18:11,18732.20,50,1076150
20221125,13:18:28,18729.95,150,1076150
20221125,13:18:49,18728.20,50,1076150
20221125,13:19:07,18726.85,50,1076150
20221125,13:19:17,18730.00,50,1076150
20221125,13:19:22,18732.70,100,1076150
20221125,13:19:24,18729.95,50,1076150
20221125,13:20:09,18731.80,150,1076150
20221125,13:20:16,18729.95,50,1076150
20221125,13:20:20,18726.35,100,1076150
20221125,13:20:36,18728.15,50,1076150
20221125,13:21:01,18725.80,50,1076150
20221125,13:21:09,18725.20,50,1076300
20221125,13:22:15,18725.20,100,1076300
20221125,13:22:16,18725.00,200,1076300
20221125,13:22:18,18728.50,100,1076300
20221125,13:22:59,18726.15,50,1076300
20221125,13:23:02,18726.15,50,1076300
20221125,13:23:04,18729.30,100,1076300
20221125,13:23:54,18727.00,100,1076300
20221125,13:23:58,18727.00,100,1076300
20221125,13:24:01,18727.00,100,1076300
20221125,13:24:44,18728.95,50,1075750
20221125,13:24:48,18725.20,50,1075750
20221125,13:25:08,18725.20,50,1075750
20221125,13:25:20,18727.00,100,1075750
20221125,13:25:21,18727.00,100,1075750
20221125,13:25:23,18728.90,50,1075750
20221125,13:25:47,18727.00,100,1075750
20221125,13:26:15,18725.00,50,1075750
20221125,13:26:22,18724.00,50,1075750
20221125,13:26:30,18723.45,50,1075750
20221125,13:26:41,18725.00,50,1075750
20221125,13:26:51,18725.00,50,1075750
20221125,13:27:16,18728.90,150,1075250
20221125,13:27:18,18728.95,100,1075250
20221125,13:27:18,18728.95,50,1075250
20221125,13:27:20,18730.00,250,1075250
20221125,13:27:22,18728.70,50,1075250
20221125,13:27:31,18728.50,50,1075250
20221125,13:27:44,18730.20,50,1075250
20221125,13:27:59,18732.85,50,1075250
20221125,13:28:08,18730.95,400,1075250
20221125,13:28:14,18733.00,550,1075250
20221125,13:28:23,18731.90,50,1075250
20221125,13:28:26,18728.15,50,1075250
20221125,13:29:01,18729.00,50,1075250
20221125,13:29:30,18729.00,50,1075250
20221125,13:29:51,18729.00,100,1075250
20221125,13:30:01,18727.00,100,1075250
20221125,13:30:12,18729.00,50,1075850
20221125,13:30:19,18730.25,50,1075850
20221125,13:30:42,18729.40,50,1075850
20221125,13:31:02,18730.15,150,1075850
20221125,13:31:12,18730.15,50,1075850
20221125,13:31:13,18730.05,100,1075850
20221125,13:31:28,18733.00,100,1075850
20221125,13:31:29,18736.80,100,1075850
20221125,13:31:38,18736.35,50,1075850
20221125,13:31:53,18736.35,50,1075850
20221125,13:32:01,18736.35,50,1075850
20221125,13:32:12,18732.85,50,1075850
20221125,13:32:44,18731.50,50,1075850
20221125,13:33:00,18730.15,50,1075850
20221125,13:33:05,18730.15,50,1075800
20221125,13:33:07,18730.00,50,1075800
20221125,13:33:09,18731.45,50,1075800
20221125,13:33:15,18728.40,50,1075800
20221125,13:33:16,18728.40,250,1075800
20221125,13:33:55,18732.00,50,1075800
20221125,13:33:57,18732.00,150,1075800
20221125,13:34:01,18735.00,100,1075800
20221125,13:34:26,18730.60,50,1075800
20221125,13:34:59,18732.90,50,1075800
20221125,13:35:00,18732.50,50,1075800
20221125,13:35:09,18734.00,50,1075800
20221125,13:35:17,18735.00,100,1075800
20221125,13:35:19,18736.35,50,1075800
20221125,13:35:31,18735.20,50,1075800
20221125,13:35:47,18733.65,50,1075800
20221125,13:36:06,18733.65,50,1075900
20221125,13:36:27,18733.70,50,1075900
20221125,13:36:29,18736.15,50,1075900
20221125,13:36:32,18735.00,50,1075900
20221125,13:36:36,18736.80,200,1075900
20221125,13:36:37,18737.10,100,1075900
20221125,13:36:38,18736.95,150,1075900
20221125,13:36:40,18736.30,100,1075900
20221125,13:36:48,18737.40,50,1075900
20221125,13:36:55,18736.25,50,1075900
20221125,13:36:56,18736.15,100,1075900
20221125,13:36:58,18736.25,50,1075900
20221125,13:37:02,18736.10,50,1075900
20221125,13:37:03,18738.65,1850,1075900
20221125,13:37:16,18736.00,50,1075900
20221125,13:37:39,18737.35,50,1075900
20221125,13:37:45,18735.15,250,1075900
20221125,13:37:50,18736.00,50,1075900
20221125,13:38:01,18735.50,50,1075900
20221125,13:38:42,18734.80,50,1075900
20221125,13:39:06,18732.35,200,1077050
20221125,13:39:12,18732.85,50,1077050
20221125,13:39:17,18733.00,50,1077050
20221125,13:39:45,18736.95,150,1077050
20221125,13:40:01,18733.05,300,1077050
20221125,13:40:17,18738.00,50,1077050
20221125,13:40:23,18737.35,100,1077050
20221125,13:40:28,18734.00,50,1077050
20221125,13:41:19,18735.00,50,1077050
20221125,13:41:21,18731.75,50,1077050
20221125,13:41:44,18734.00,100,1077050
20221125,13:41:45,18734.00,350,1077050
20221125,13:41:56,18736.70,100,1077050
20221125,13:41:58,18735.90,50,1077050
20221125,13:42:22,18735.90,50,1076750
20221125,13:42:51,18735.00,200,1076750
20221125,13:43:28,18730.00,50,1076750
20221125,13:43:51,18730.00,50,1076750
20221125,13:43:53,18731.65,100,1076750
20221125,13:44:00,18730.05,50,1076750
20221125,13:44:02,18730.05,50,1076750
20221125,13:44:04,18730.00,50,1076750
20221125,13:44:07,18732.90,50,1076750
20221125,13:44:21,18730.05,50,1076750
20221125,13:44:22,18730.10,50,1076750
20221125,13:44:48,18729.80,50,1076750
20221125,13:44:49,18733.30,50,1076750
20221125,13:45:09,18730.30,50,1077200
20221125,13:45:48,18731.45,50,1077200
20221125,13:45:52,18735.00,100,1077200
20221125,13:46:16,18735.00,350,1077200
20221125,13:46:45,18734.95,50,1077200
20221125,13:46:50,18735.00,50,1077200
20221125,13:46:58,18735.00,1250,1077200
20221125,13:47:38,18731.15,50,1077200
20221125,13:48:04,18734.00,50,1077200
20221125,13:48:29,18735.00,150,1075600
20221125,13:48:30,18735.00,50,1075600
20221125,13:48:31,18735.00,300,1075600
20221125,13:48:32,18736.00,50,1075600
20221125,13:48:41,18737.40,50,1075600
20221125,13:48:56,18735.00,50,1075600
20221125,13:49:10,18731.30,50,1075600
20221125,13:50:10,18731.20,50,1075600
20221125,13:50:28,18734.75,50,1075600
20221125,13:50:42,18735.00,50,1075600
20221125,13:50:44,18735.00,50,1075600
20221125,13:50:55,18742.65,1250,1075600
20221125,13:51:12,18736.05,50,1076150
20221125,13:51:37,18737.05,100,1076150
20221125,13:51:57,18738.00,50,1076150
20221125,13:52:06,18744.10,250,1076150
20221125,13:52:07,18744.95,50,1076150
20221125,13:52:09,18742.50,100,1076150
20221125,13:52:11,18745.05,700,1076150
20221125,13:52:25,18746.95,250,1076150
20221125,13:52:28,18747.00,200,1076150
20221125,13:52:29,18749.95,150,1076150
20221125,13:52:31,18750.00,50,1076150
20221125,13:52:32,18750.00,50,1076150
20221125,13:52:33,18750.00,100,1076150
20221125,13:52:35,18750.00,300,1076150
20221125,13:52:36,18750.00,50,1076150
20221125,13:52:39,18750.00,50,1076150
20221125,13:52:52,18750.00,50,1076150
20221125,13:52:53,18750.00,200,1076150
20221125,13:52:55,18750.00,50,1076150
20221125,13:52:58,18747.05,50,1076150
20221125,13:53:00,18747.25,50,1076150
20221125,13:53:04,18750.00,200,1076150
20221125,13:53:05,18750.00,300,1076150
20221125,13:53:07,18750.00,250,1076150
20221125,13:53:08,18750.00,50,1076150
20221125,13:53:09,18750.00,250,1076150
20221125,13:53:10,18748.95,100,1076150
20221125,13:53:11,18748.75,100,1076150
20221125,13:53:12,18750.00,150,1076150
20221125,13:53:14,18750.00,450,1076150
20221125,13:53:15,18750.00,50,1076150
20221125,13:53:18,18750.00,250,1076150
20221125,13:53:20,18750.00,100,1076150
20221125,13:53:22,18750.00,50,1076150
20221125,13:53:24,18750.00,50,1076150
20221125,13:53:25,18750.00,250,1076150
20221125,13:53:28,18750.00,250,1076150
20221125,13:53:29,18750.00,100,1076150
20221125,13:53:29,18750.00,50,1076150
20221125,13:53:30,18750.00,100,1076150
20221125,13:53:31,18753.95,400,1076150
20221125,13:53:39,18753.00,50,1076150
20221125,13:53:46,18751.50,50,1076150
20221125,13:53:49,18750.00,50,1076150
20221125,13:53:58,18749.70,50,1076150
20221125,13:53:59,18749.35,50,1076150
20221125,13:54:00,18753.00,50,1076150
20221125,13:54:07,18751.05,50,1076150
20221125,13:54:09,18757.60,1450,1074550
20221125,13:54:10,18751.60,150,1074550
20221125,13:54:11,18751.00,200,1074550
20221125,13:54:22,18751.00,50,1074550
20221125,13:54:38,18750.00,50,1074550
20221125,13:54:44,18749.35,50,1074550
20221125,13:54:45,18748.25,50,1074550
20221125,13:54:52,18753.55,100,1074550
20221125,13:54:56,18751.10,50,1074550
20221125,13:54:57,18751.10,100,1074550
20221125,13:54:58,18752.75,50,1074550
20221125,13:54:59,18753.75,150,1074550
20221125,13:55:00,18753.75,50,1074550
20221125,13:55:01,18753.50,50,1074550
20221125,13:55:08,18759.00,750,1074550
20221125,13:55:18,18759.00,50,1074550
20221125,13:55:20,18760.00,650,1074550
20221125,13:55:21,18760.00,150,1074550
20221125,13:55:22,18761.90,400,1074550
20221125,13:55:29,18763.90,50,1074550
20221125,13:55:30,18764.50,50,1074550
20221125,13:55:44,18764.50,100,1074550
20221125,13:55:51,18762.75,50,1074550
20221125,13:55:56,18762.65,50,1074550
20221125,13:56:06,18762.00,50,1074550
20221125,13:56:08,18760.70,100,1074550
20221125,13:56:14,18761.20,50,1074550
20221125,13:56:22,18759.65,250,1074550
20221125,13:56:25,18759.95,150,1074550
20221125,13:56:30,18757.35,50,1074550
20221125,13:56:31,18760.00,50,1074550
20221125,13:56:49,18758.00,50,1074550
20221125,13:56:50,18757.55,100,1074550
20221125,13:57:00,18759.80,200,1074550
20221125,13:57:10,18756.40,100,1074650
20221125,13:57:39,18752.90,800,1074650
20221125,13:57:43,18752.25,100,1074650
20221125,13:57:49,18751.30,100,1074650
20221125,13:57:53,18751.10,250,1074650
20221125,13:57:57,18751.60,200,1074650
20221125,13:58:01,18751.45,50,1074650
20221125,13:58:02,18750.40,100,1074650
20221125,13:58:03,18750.40,100,1074650
20221125,13:58:13,18752.00,150,1074650
20221125,13:58:14,18752.00,200,1074650
20221125,13:58:18,18752.65,50,1074650
20221125,13:58:24,18751.75,50,1074650
20221125,13:58:29,18755.00,50,1074650
20221125,13:58:32,18751.65,100,1074650
20221125,13:58:42,18755.10,50,1074650
20221125,13:58:49,18751.05,50,1074650
20221125,13:58:51,18749.95,1000,1074650
20221125,13:59:05,18752.10,50,1074650
20221125,13:59:08,18750.00,50,1074650
20221125,13:59:18,18751.50,50,1074650
20221125,14:00:02,18748.75,150,1074650
20221125,14:00:07,18749.35,100,1074650
20221125,14:00:08,18752.00,200,1073050
20221125,14:00:09,18749.10,100,1073050
20221125,14:00:10,18748.75,100,1073050
20221125,14:00:32,18750.00,50,1073050
20221125,14:00:35,18749.55,100,1073050
20221125,14:00:36,18750.55,250,1073050
20221125,14:00:37,18752.00,100,1073050
20221125,14:00:41,18752.00,50,1073050
20221125,14:00:45,18751.60,50,1073050
20221125,14:00:46,18755.00,50,1073050
20221125,14:00:56,18755.00,50,1073050
20221125,14:00:58,18755.00,50,1073050
20221125,14:01:24,18755.00,50,1073050
20221125,14:01:27,18754.35,100,1073050
20221125,14:01:28,18756.00,150,1073050
20221125,14:01:29,18753.50,50,1073050
20221125,14:01:32,18754.10,50,1073050
20221125,14:01:35,18754.00,50,1073050
