timestamp,instrument,side,price,quantity
2022-11-01 09:15:00,BANKNIFTY22110341600CE,BUY,270.0,1
2022-11-01 09:15:00,BANKNIFTY22110341600PE,BUY,414.15,1
2022-11-01 09:15:00,NIFTY22110318150CE,BUY,69.65,1
2022-11-01 09:15:00,NIFTY22110318150PE,BUY,107.1,1
2022-11-01 09:15:40,BANKNIFTY22110341600CE,SELL,264.8,1
2022-11-01 09:15:40,BANKNIFTY22110341600PE,SELL,338.65,1
2022-11-01 09:15:40,BANKNIFTY22110341700PE,BUY,395.65,1
2022-11-01 09:15:40,BANKNIFTY22110341700CE,BUY,219.95,1
2022-11-01 09:15:58,BANKNIFTY22110341700PE,SELL,403.35,1
2022-11-01 09:15:58,BANKNIFTY22110341700CE,SELL,216.15,1
2022-11-01 09:15:58,BANKNIFTY22110341600CE,BUY,263.25,1
2022-11-01 09:15:58,BANKNIFTY22110341600PE,BUY,346.5,1
2022-11-01 09:16:01,BANKNIFTY22110341600CE,SELL,255.75,1
2022-11-01 09:16:01,BANKNIFTY22110341600PE,SELL,343.35,1
2022-11-01 09:16:01,BANKNIFTY22110341700PE,BUY,397.2,1
2022-11-01 09:16:01,BANKNIFTY22110341700CE,BUY,210.05,1
2022-11-01 09:16:02,BANKNIFTY22110341700PE,SELL,400.05,1
2022-11-01 09:16:02,BANKNIFTY22110341700CE,SELL,212.55,1
2022-11-01 09:16:02,BANKNIFTY22110341600CE,BUY,258.3,1
2022-11-01 09:16:02,BANKNIFTY22110341600PE,BUY,344.55,1
2022-11-01 09:16:07,BANKNIFTY22110341600CE,SELL,261.45,1
2022-11-01 09:16:07,BANKNIFTY22110341600PE,SELL,343.65,1
2022-11-01 09:16:07,BANKNIFTY22110341700PE,BUY,397.3,1
2022-11-01 09:16:07,BANKNIFTY22110341700CE,BUY,214.15,1
2022-11-01 09:16:09,BANKNIFTY22110341700PE,SELL,399.05,1
2022-11-01 09:16:09,BANKNIFTY22110341700CE,SELL,215.15,1
2022-11-01 09:16:09,BANKNIFTY22110341600CE,BUY,261.2,1
2022-11-01 09:16:09,BANKNIFTY22110341600PE,BUY,341.75,1
2022-11-01 09:16:11,BANKNIFTY22110341600CE,SELL,258.55,1
2022-11-01 09:16:11,BANKNIFTY22110341600PE,SELL,344.3,1
2022-11-01 09:16:11,BANKNIFTY22110341700PE,BUY,397.75,1
2022-11-01 09:16:11,BANKNIFTY22110341700CE,BUY,214.95,1
2022-11-01 09:16:12,BANKNIFTY22110341700PE,SELL,400.65,1
2022-11-01 09:16:12,BANKNIFTY22110341700CE,SELL,213.1,1
2022-11-01 09:16:12,BANKNIFTY22110341600CE,BUY,258.6,1
2022-11-01 09:16:12,BANKNIFTY22110341600PE,BUY,344.3,1
2022-11-01 09:16:14,BANKNIFTY22110341600CE,SELL,259.15,1
2022-11-01 09:16:14,BANKNIFTY22110341600PE,SELL,342.6,1
2022-11-01 09:16:14,BANKNIFTY22110341700PE,BUY,397.55,1
2022-11-01 09:16:14,BANKNIFTY22110341700CE,BUY,213.85,1
2022-11-01 09:16:17,BANKNIFTY22110341700PE,SELL,400.3,1
2022-11-01 09:16:17,BANKNIFTY22110341700CE,SELL,211.85,1
2022-11-01 09:16:17,BANKNIFTY22110341600CE,BUY,258.1,1
2022-11-01 09:16:17,BANKNIFTY22110341600PE,BUY,345.35,1
2022-11-01 09:16:19,BANKNIFTY22110341600CE,SELL,258.5,1
2022-11-01 09:16:19,BANKNIFTY22110341600PE,SELL,342.7,1
2022-11-01 09:16:19,BANKNIFTY22110341700PE,BUY,396.6,1
2022-11-01 09:16:19,BANKNIFTY22110341700CE,BUY,213.9,1
2022-11-01 09:16:25,BANKNIFTY22110341700PE,SELL,401.45,1
2022-11-01 09:16:25,BANKNIFTY22110341700CE,SELL,212.2,1
2022-11-01 09:16:25,BANKNIFTY22110341600CE,BUY,257.75,1
2022-11-01 09:16:25,BANKNIFTY22110341600PE,BUY,345.95,1
2022-11-01 09:31:57,BANKNIFTY22110341600CE,SELL,251.95,1
2022-11-01 09:31:57,BANKNIFTY22110341600PE,SELL,335.15,1
2022-11-01 09:31:57,BANKNIFTY22110341700PE,BUY,389.2,1
2022-11-01 09:31:57,BANKNIFTY22110341700CE,BUY,205.0,1
2022-11-01 09:32:00,BANKNIFTY22110341700PE,SELL,389.55,1
2022-11-01 09:32:00,BANKNIFTY22110341700CE,SELL,205.7,1
2022-11-01 09:32:00,BANKNIFTY22110341600CE,BUY,250.4,1
2022-11-01 09:32:00,BANKNIFTY22110341600PE,BUY,335.05,1
2022-11-01 09:32:08,BANKNIFTY22110341600CE,SELL,252.5,1
2022-11-01 09:32:08,BANKNIFTY22110341600PE,SELL,333.2,1
2022-11-01 09:32:08,BANKNIFTY22110341700PE,BUY,386.05,1
2022-11-01 09:32:08,BANKNIFTY22110341700CE,BUY,205.25,1
2022-11-01 09:32:13,BANKNIFTY22110341700PE,SELL,387.9,1
2022-11-01 09:32:13,BANKNIFTY22110341700CE,SELL,205.85,1
2022-11-01 09:32:13,BANKNIFTY22110341600CE,BUY,251.95,1
2022-11-01 09:32:13,BANKNIFTY22110341600PE,BUY,333.95,1
2022-11-01 09:32:25,BANKNIFTY22110341600CE,SELL,252.8,1
2022-11-01 09:32:25,BANKNIFTY22110341600PE,SELL,332.1,1
2022-11-01 09:32:25,BANKNIFTY22110341700PE,BUY,386.05,1
2022-11-01 09:32:25,BANKNIFTY22110341700CE,BUY,206.15,1
2022-11-01 09:33:00,BANKNIFTY22110341700PE,SELL,387.65,1
2022-11-01 09:33:00,BANKNIFTY22110341700CE,SELL,203.75,1
2022-11-01 09:33:00,BANKNIFTY22110341600CE,BUY,250.8,1
2022-11-01 09:33:00,BANKNIFTY22110341600PE,BUY,333.1,1
2022-11-01 09:33:01,BANKNIFTY22110341600CE,SELL,252.1,1
2022-11-01 09:33:01,BANKNIFTY22110341600PE,SELL,332.25,1
2022-11-01 09:33:01,BANKNIFTY22110341700PE,BUY,385.85,1
2022-11-01 09:33:01,BANKNIFTY22110341700CE,BUY,204.45,1
2022-11-01 09:34:27,BANKNIFTY22110341700PE,SELL,389.0,1
2022-11-01 09:34:27,BANKNIFTY22110341700CE,SELL,204.3,1
2022-11-01 09:34:27,BANKNIFTY22110341600CE,BUY,250.55,1
2022-11-01 09:34:27,BANKNIFTY22110341600PE,BUY,335.5,1
2022-11-01 09:35:05,BANKNIFTY22110341600CE,SELL,253.05,1
2022-11-01 09:35:05,BANKNIFTY22110341600PE,SELL,331.0,1
2022-11-01 09:35:05,BANKNIFTY22110341700PE,BUY,384.65,1
2022-11-01 09:35:05,BANKNIFTY22110341700CE,BUY,206.85,1
2022-11-01 09:35:13,BANKNIFTY22110341700PE,SELL,392.0,1
2022-11-01 09:35:13,BANKNIFTY22110341700CE,SELL,201.9,1
2022-11-01 09:35:13,BANKNIFTY22110341600CE,BUY,248.6,1
2022-11-01 09:35:13,BANKNIFTY22110341600PE,BUY,337.4,1
2022-11-01 09:40:22,BANKNIFTY22110341600CE,SELL,252.95,1
2022-11-01 09:40:22,BANKNIFTY22110341600PE,SELL,332.45,1
2022-11-01 09:40:22,BANKNIFTY22110341700PE,BUY,386.2,1
2022-11-01 09:40:22,BANKNIFTY22110341700CE,BUY,205.95,1
2022-11-01 09:46:03,BANKNIFTY22110341700PE,SELL,345.0,1
2022-11-01 09:46:03,BANKNIFTY22110341700CE,SELL,261.0,1
2022-11-01 09:46:03,BANKNIFTY22110341800CE,BUY,215.85,1
2022-11-01 09:46:03,BANKNIFTY22110341800PE,BUY,400.0,1
2022-11-01 09:48:41,NIFTY22110318150CE,SELL,84.0,1
2022-11-01 09:48:41,NIFTY22110318150PE,SELL,99.45,1
2022-11-01 09:48:41,NIFTY22110318200CE,BUY,60.6,1
2022-11-01 09:48:41,NIFTY22110318200PE,BUY,127.0,1
2022-11-01 09:56:35,NIFTY22110318200CE,SELL,61.55,1
2022-11-01 09:56:35,NIFTY22110318200PE,SELL,127.35,1
2022-11-01 09:56:35,NIFTY22110318150CE,BUY,85.05,1
2022-11-01 09:56:35,NIFTY22110318150PE,BUY,100.8,1
2022-11-01 09:56:36,NIFTY22110318150CE,SELL,85.7,1
2022-11-01 09:56:36,NIFTY22110318150PE,SELL,100.25,1
2022-11-01 09:56:36,NIFTY22110318200CE,BUY,62.0,1
2022-11-01 09:56:36,NIFTY22110318200PE,BUY,127.0,1
2022-11-01 10:23:40,BANKNIFTY22110341800CE,SELL,212.15,1
2022-11-01 10:23:40,BANKNIFTY22110341800PE,SELL,402.75,1
2022-11-01 10:23:40,BANKNIFTY22110341700PE,BUY,347.55,1
2022-11-01 10:23:40,BANKNIFTY22110341700CE,BUY,258.3,1
2022-11-01 10:24:31,BANKNIFTY22110341700PE,SELL,343.15,1
2022-11-01 10:24:31,BANKNIFTY22110341700CE,SELL,258.6,1
2022-11-01 10:24:31,BANKNIFTY22110341800CE,BUY,213.75,1
2022-11-01 10:24:31,BANKNIFTY22110341800PE,BUY,399.0,1
2022-11-01 10:24:39,BANKNIFTY22110341800CE,SELL,212.15,1
2022-11-01 10:24:39,BANKNIFTY22110341800PE,SELL,399.05,1
2022-11-01 10:24:39,BANKNIFTY22110341700PE,BUY,344.4,1
2022-11-01 10:24:39,BANKNIFTY22110341700CE,BUY,257.75,1
2022-11-01 10:25:19,BANKNIFTY22110341700PE,SELL,344.95,1
2022-11-01 10:25:19,BANKNIFTY22110341700CE,SELL,259.25,1
2022-11-01 10:25:19,BANKNIFTY22110341800CE,BUY,214.25,1
2022-11-01 10:25:19,BANKNIFTY22110341800PE,BUY,400.95,1
2022-11-01 10:25:22,BANKNIFTY22110341800CE,SELL,214.05,1
2022-11-01 10:25:22,BANKNIFTY22110341800PE,SELL,400.0,1
2022-11-01 10:25:22,BANKNIFTY22110341700PE,BUY,345.25,1
2022-11-01 10:25:22,BANKNIFTY22110341700CE,BUY,259.4,1
2022-11-01 10:25:25,BANKNIFTY22110341700PE,SELL,344.0,1
2022-11-01 10:25:25,BANKNIFTY22110341700CE,SELL,258.85,1
2022-11-01 10:25:25,BANKNIFTY22110341800CE,BUY,213.75,1
2022-11-01 10:25:25,BANKNIFTY22110341800PE,BUY,399.65,1
2022-11-01 10:25:35,BANKNIFTY22110341800CE,SELL,212.9,1
2022-11-01 10:25:35,BANKNIFTY22110341800PE,SELL,402.5,1
2022-11-01 10:25:35,BANKNIFTY22110341700PE,BUY,346.85,1
2022-11-01 10:25:35,BANKNIFTY22110341700CE,BUY,257.75,1
2022-11-01 10:25:36,BANKNIFTY22110341700PE,SELL,347.25,1
2022-11-01 10:25:36,BANKNIFTY22110341700CE,SELL,259.0,1
2022-11-01 10:25:36,BANKNIFTY22110341800CE,BUY,214.0,1
2022-11-01 10:25:36,BANKNIFTY22110341800PE,BUY,400.75,1
2022-11-01 10:25:38,BANKNIFTY22110341800CE,SELL,214.1,1
2022-11-01 10:25:38,BANKNIFTY22110341800PE,SELL,401.05,1
2022-11-01 10:25:38,BANKNIFTY22110341700PE,BUY,346.2,1
2022-11-01 10:25:38,BANKNIFTY22110341700CE,BUY,258.65,1
2022-11-01 10:25:51,BANKNIFTY22110341700PE,SELL,344.3,1
2022-11-01 10:25:51,BANKNIFTY22110341700CE,SELL,259.1,1
2022-11-01 10:25:51,BANKNIFTY22110341800CE,BUY,214.7,1
2022-11-01 10:25:51,BANKNIFTY22110341800PE,BUY,399.05,1
2022-11-01 10:25:53,BANKNIFTY22110341800CE,SELL,214.75,1
2022-11-01 10:25:53,BANKNIFTY22110341800PE,SELL,398.9,1
2022-11-01 10:25:53,BANKNIFTY22110341700PE,BUY,343.4,1
2022-11-01 10:25:53,BANKNIFTY22110341700CE,BUY,259.45,1
2022-11-01 10:25:55,BANKNIFTY22110341700PE,SELL,344.15,1
2022-11-01 10:25:55,BANKNIFTY22110341700CE,SELL,259.55,1
2022-11-01 10:25:55,BANKNIFTY22110341800CE,BUY,214.55,1
2022-11-01 10:25:55,BANKNIFTY22110341800PE,BUY,398.55,1
2022-11-01 10:26:05,BANKNIFTY22110341800CE,SELL,212.2,1
2022-11-01 10:26:05,BANKNIFTY22110341800PE,SELL,401.6,1
2022-11-01 10:26:05,BANKNIFTY22110341700PE,BUY,346.3,1
2022-11-01 10:26:05,BANKNIFTY22110341700CE,BUY,257.1,1
2022-11-01 10:26:07,BANKNIFTY22110341700PE,SELL,346.6,1
2022-11-01 10:26:07,BANKNIFTY22110341700CE,SELL,257.5,1
2022-11-01 10:26:07,BANKNIFTY22110341800CE,BUY,211.85,1
2022-11-01 10:26:07,BANKNIFTY22110341800PE,BUY,402.05,1
2022-11-01 10:26:08,BANKNIFTY22110341800CE,SELL,212.65,1
2022-11-01 10:26:08,BANKNIFTY22110341800PE,SELL,401.2,1
2022-11-01 10:26:08,BANKNIFTY22110341700PE,BUY,346.3,1
2022-11-01 10:26:08,BANKNIFTY22110341700CE,BUY,257.5,1
2022-11-01 10:26:11,BANKNIFTY22110341700PE,SELL,346.05,1
2022-11-01 10:26:11,BANKNIFTY22110341700CE,SELL,257.9,1
2022-11-01 10:26:11,BANKNIFTY22110341800CE,BUY,212.85,1
2022-11-01 10:26:11,BANKNIFTY22110341800PE,BUY,401.9,1
2022-11-01 10:26:15,BANKNIFTY22110341800CE,SELL,212.15,1
2022-11-01 10:26:15,BANKNIFTY22110341800PE,SELL,402.0,1
2022-11-01 10:26:15,BANKNIFTY22110341700PE,BUY,347.7,1
2022-11-01 10:26:15,BANKNIFTY22110341700CE,BUY,256.3,1
2022-11-01 10:29:10,BANKNIFTY22110341700PE,SELL,343.1,1
2022-11-01 10:29:10,BANKNIFTY22110341700CE,SELL,259.0,1
2022-11-01 10:29:10,BANKNIFTY22110341800CE,BUY,214.15,1
2022-11-01 10:29:10,BANKNIFTY22110341800PE,BUY,398.35,1
2022-11-01 10:30:05,BANKNIFTY22110341800CE,SELL,211.0,1
2022-11-01 10:30:05,BANKNIFTY22110341800PE,SELL,401.85,1
2022-11-01 10:30:05,BANKNIFTY22110341700PE,BUY,346.0,1
2022-11-01 10:30:05,BANKNIFTY22110341700CE,BUY,255.75,1
2022-11-01 10:30:36,BANKNIFTY22110341700PE,SELL,343.0,1
2022-11-01 10:30:36,BANKNIFTY22110341700CE,SELL,260.2,1
2022-11-01 10:30:36,BANKNIFTY22110341800CE,BUY,215.3,1
2022-11-01 10:30:36,BANKNIFTY22110341800PE,BUY,398.0,1
2022-11-01 10:30:59,BANKNIFTY22110341800CE,SELL,211.2,1
2022-11-01 10:30:59,BANKNIFTY22110341800PE,SELL,403.75,1
2022-11-01 10:30:59,BANKNIFTY22110341700PE,BUY,347.7,1
2022-11-01 10:30:59,BANKNIFTY22110341700CE,BUY,255.55,1
2022-11-01 10:37:03,BANKNIFTY22110341700PE,SELL,344.9,1
2022-11-01 10:37:03,BANKNIFTY22110341700CE,SELL,255.0,1
2022-11-01 10:37:03,BANKNIFTY22110341800CE,BUY,210.5,1
2022-11-01 10:37:03,BANKNIFTY22110341800PE,BUY,400.4,1
2022-11-01 10:37:14,BANKNIFTY22110341800CE,SELL,208.25,1
2022-11-01 10:37:14,BANKNIFTY22110341800PE,SELL,404.8,1
2022-11-01 10:37:14,BANKNIFTY22110341700PE,BUY,348.35,1
2022-11-01 10:37:14,BANKNIFTY22110341700CE,BUY,252.3,1
2022-11-01 10:40:16,BANKNIFTY22110341700PE,SELL,344.9,1
2022-11-01 10:40:16,BANKNIFTY22110341700CE,SELL,256.75,1
2022-11-01 10:40:16,BANKNIFTY22110341800CE,BUY,211.6,1
2022-11-01 10:40:16,BANKNIFTY22110341800PE,BUY,400.4,1
2022-11-01 11:57:44,BANKNIFTY22110341800CE,SELL,199.85,1
2022-11-01 11:57:44,BANKNIFTY22110341800PE,SELL,391.0,1
2022-11-01 11:57:44,BANKNIFTY22110341700PE,BUY,335.7,1
2022-11-01 11:57:44,BANKNIFTY22110341700CE,BUY,244.85,1
2022-11-01 11:57:53,BANKNIFTY22110341700PE,SELL,334.65,1
2022-11-01 11:57:53,BANKNIFTY22110341700CE,SELL,246.65,1
2022-11-01 11:57:53,BANKNIFTY22110341800CE,BUY,201.45,1
2022-11-01 11:57:53,BANKNIFTY22110341800PE,BUY,390.0,1
2022-11-01 11:57:55,BANKNIFTY22110341800CE,SELL,200.35,1
2022-11-01 11:57:55,BANKNIFTY22110341800PE,SELL,390.0,1
2022-11-01 11:57:55,BANKNIFTY22110341700PE,BUY,335.1,1
2022-11-01 11:57:55,BANKNIFTY22110341700CE,BUY,245.6,1
2022-11-01 11:57:57,BANKNIFTY22110341700PE,SELL,334.95,1
2022-11-01 11:57:57,BANKNIFTY22110341700CE,SELL,245.75,1
2022-11-01 11:57:57,BANKNIFTY22110341800CE,BUY,200.65,1
2022-11-01 11:57:57,BANKNIFTY22110341800PE,BUY,389.85,1
2022-11-01 11:58:02,BANKNIFTY22110341800CE,SELL,200.4,1
2022-11-01 11:58:02,BANKNIFTY22110341800PE,SELL,391.7,1
2022-11-01 11:58:02,BANKNIFTY22110341700PE,BUY,335.85,1
2022-11-01 11:58:02,BANKNIFTY22110341700CE,BUY,244.95,1
2022-11-01 11:58:12,BANKNIFTY22110341700PE,SELL,334.4,1
2022-11-01 11:58:12,BANKNIFTY22110341700CE,SELL,246.15,1
2022-11-01 11:58:12,BANKNIFTY22110341800CE,BUY,201.35,1
2022-11-01 11:58:12,BANKNIFTY22110341800PE,BUY,390.25,1
2022-11-01 11:58:13,BANKNIFTY22110341800CE,SELL,202.1,1
2022-11-01 11:58:13,BANKNIFTY22110341800PE,SELL,390.05,1
2022-11-01 11:58:13,BANKNIFTY22110341700PE,BUY,333.2,1
2022-11-01 11:58:13,BANKNIFTY22110341700CE,BUY,246.15,1
2022-11-01 11:58:15,BANKNIFTY22110341700PE,SELL,333.5,1
2022-11-01 11:58:15,BANKNIFTY22110341700CE,SELL,247.6,1
2022-11-01 11:58:15,BANKNIFTY22110341800CE,BUY,202.1,1
2022-11-01 11:58:15,BANKNIFTY22110341800PE,BUY,389.5,1
2022-11-01 11:58:19,BANKNIFTY22110341800CE,SELL,201.8,1
2022-11-01 11:58:19,BANKNIFTY22110341800PE,SELL,389.85,1
2022-11-01 11:58:19,BANKNIFTY22110341700PE,BUY,333.75,1
2022-11-01 11:58:19,BANKNIFTY22110341700CE,BUY,247.1,1
2022-11-01 11:58:21,BANKNIFTY22110341700PE,SELL,334.0,1
2022-11-01 11:58:21,BANKNIFTY22110341700CE,SELL,247.05,1
2022-11-01 11:58:21,BANKNIFTY22110341800CE,BUY,201.75,1
2022-11-01 11:58:21,BANKNIFTY22110341800PE,BUY,389.2,1
2022-11-01 11:58:22,BANKNIFTY22110341800CE,SELL,201.55,1
2022-11-01 11:58:22,BANKNIFTY22110341800PE,SELL,390.0,1
2022-11-01 11:58:22,BANKNIFTY22110341700PE,BUY,333.3,1
2022-11-01 11:58:22,BANKNIFTY22110341700CE,BUY,247.25,1
2022-11-01 11:58:25,BANKNIFTY22110341700PE,SELL,333.75,1
2022-11-01 11:58:25,BANKNIFTY22110341700CE,SELL,247.45,1
2022-11-01 11:58:25,BANKNIFTY22110341800CE,BUY,202.1,1
2022-11-01 11:58:25,BANKNIFTY22110341800PE,BUY,388.6,1
2022-11-01 11:58:50,BANKNIFTY22110341800CE,SELL,200.8,1
2022-11-01 11:58:50,BANKNIFTY22110341800PE,SELL,390.0,1
2022-11-01 11:58:50,BANKNIFTY22110341700PE,BUY,334.85,1
2022-11-01 11:58:50,BANKNIFTY22110341700CE,BUY,246.3,1
2022-11-01 11:58:53,BANKNIFTY22110341700PE,SELL,333.75,1
2022-11-01 11:58:53,BANKNIFTY22110341700CE,SELL,247.5,1
2022-11-01 11:58:53,BANKNIFTY22110341800CE,BUY,201.9,1
2022-11-01 11:58:53,BANKNIFTY22110341800PE,BUY,389.1,1
2022-11-01 11:59:47,BANKNIFTY22110341800CE,SELL,201.5,1
2022-11-01 11:59:47,BANKNIFTY22110341800PE,SELL,388.7,1
2022-11-01 11:59:47,BANKNIFTY22110341700PE,BUY,334.25,1
2022-11-01 11:59:47,BANKNIFTY22110341700CE,BUY,246.65,1
2022-11-01 11:59:56,BANKNIFTY22110341700PE,SELL,335.95,1
2022-11-01 11:59:56,BANKNIFTY22110341700CE,SELL,245.05,1
2022-11-01 11:59:56,BANKNIFTY22110341800CE,BUY,199.95,1
2022-11-01 11:59:56,BANKNIFTY22110341800PE,BUY,391.5,1
2022-11-01 11:59:58,BANKNIFTY22110341800CE,SELL,199.5,1
2022-11-01 11:59:58,BANKNIFTY22110341800PE,SELL,392.35,1
2022-11-01 11:59:58,BANKNIFTY22110341700PE,BUY,336.15,1
2022-11-01 11:59:58,BANKNIFTY22110341700CE,BUY,244.85,1
2022-11-01 12:15:59,BANKNIFTY22110341700PE,SELL,388.45,1
2022-11-01 12:15:59,BANKNIFTY22110341700CE,SELL,204.6,1
2022-11-01 12:15:59,BANKNIFTY22110341600CE,BUY,250.35,1
2022-11-01 12:15:59,BANKNIFTY22110341600PE,BUY,333.0,1
2022-11-01 12:16:01,NIFTY22110318200CE,SELL,59.1,1
2022-11-01 12:16:01,NIFTY22110318200PE,SELL,130.2,1
2022-11-01 12:16:01,NIFTY22110318150CE,BUY,81.4,1
2022-11-01 12:16:01,NIFTY22110318150PE,BUY,102.45,1
2022-11-01 12:16:15,NIFTY22110318150CE,SELL,82.15,1
2022-11-01 12:16:15,NIFTY22110318150PE,SELL,102.1,1
2022-11-01 12:16:15,NIFTY22110318200CE,BUY,59.65,1
2022-11-01 12:16:15,NIFTY22110318200PE,BUY,129.9,1
2022-11-01 12:16:17,NIFTY22110318200CE,SELL,59.85,1
2022-11-01 12:16:17,NIFTY22110318200PE,SELL,129.15,1
2022-11-01 12:16:17,NIFTY22110318150CE,BUY,82.3,1
2022-11-01 12:16:17,NIFTY22110318150PE,BUY,101.8,1
2022-11-01 12:16:18,NIFTY22110318150CE,SELL,82.4,1
2022-11-01 12:16:18,NIFTY22110318150PE,SELL,102.05,1
2022-11-01 12:16:18,NIFTY22110318200CE,BUY,60.0,1
2022-11-01 12:16:18,NIFTY22110318200PE,BUY,129.35,1
2022-11-01 12:16:52,BANKNIFTY22110341600CE,SELL,248.85,1
2022-11-01 12:16:52,BANKNIFTY22110341600PE,SELL,335.1,1
2022-11-01 12:16:52,BANKNIFTY22110341700PE,BUY,390.65,1
2022-11-01 12:16:52,BANKNIFTY22110341700CE,BUY,203.6,1
2022-11-01 12:16:53,BANKNIFTY22110341700PE,SELL,390.9,1
2022-11-01 12:16:53,BANKNIFTY22110341700CE,SELL,203.0,1
2022-11-01 12:16:53,BANKNIFTY22110341600CE,BUY,249.05,1
2022-11-01 12:16:53,BANKNIFTY22110341600PE,BUY,335.1,1
2022-11-01 12:17:10,BANKNIFTY22110341600CE,SELL,249.15,1
2022-11-01 12:17:10,BANKNIFTY22110341600PE,SELL,333.85,1
2022-11-01 12:17:10,BANKNIFTY22110341700PE,BUY,389.85,1
2022-11-01 12:17:10,BANKNIFTY22110341700CE,BUY,204.0,1
2022-11-01 12:17:12,BANKNIFTY22110341700PE,SELL,391.05,1
2022-11-01 12:17:12,BANKNIFTY22110341700CE,SELL,202.25,1
2022-11-01 12:17:12,BANKNIFTY22110341600CE,BUY,247.6,1
2022-11-01 12:17:12,BANKNIFTY22110341600PE,BUY,335.05,1
2022-11-01 12:17:13,BANKNIFTY22110341600CE,SELL,248.85,1
2022-11-01 12:17:13,BANKNIFTY22110341600PE,SELL,335.35,1
2022-11-01 12:17:13,BANKNIFTY22110341700PE,BUY,390.4,1
2022-11-01 12:17:13,BANKNIFTY22110341700CE,BUY,203.05,1
2022-11-01 12:17:15,BANKNIFTY22110341700PE,SELL,390.95,1
2022-11-01 12:17:15,BANKNIFTY22110341700CE,SELL,202.15,1
2022-11-01 12:17:15,BANKNIFTY22110341600CE,BUY,248.85,1
2022-11-01 12:17:15,BANKNIFTY22110341600PE,BUY,335.8,1
2022-11-01 12:17:30,BANKNIFTY22110341600CE,SELL,251.7,1
2022-11-01 12:17:30,BANKNIFTY22110341600PE,SELL,330.0,1
2022-11-01 12:17:30,BANKNIFTY22110341700PE,BUY,385.85,1
2022-11-01 12:17:30,BANKNIFTY22110341700CE,BUY,205.55,1
2022-11-01 12:17:53,BANKNIFTY22110341700PE,SELL,390.0,1
2022-11-01 12:17:53,BANKNIFTY22110341700CE,SELL,202.25,1
2022-11-01 12:17:53,BANKNIFTY22110341600CE,BUY,247.65,1
2022-11-01 12:17:53,BANKNIFTY22110341600PE,BUY,334.6,1
2022-11-01 12:17:56,BANKNIFTY22110341600CE,SELL,247.0,1
2022-11-01 12:17:56,BANKNIFTY22110341600PE,SELL,334.2,1
2022-11-01 12:17:56,BANKNIFTY22110341700PE,BUY,389.95,1
2022-11-01 12:17:56,BANKNIFTY22110341700CE,BUY,201.95,1
2022-11-01 12:17:58,BANKNIFTY22110341700PE,SELL,389.8,1
2022-11-01 12:17:58,BANKNIFTY22110341700CE,SELL,202.85,1
2022-11-01 12:17:58,BANKNIFTY22110341600CE,BUY,247.8,1
2022-11-01 12:17:58,BANKNIFTY22110341600PE,BUY,333.25,1
2022-11-01 12:17:59,BANKNIFTY22110341600CE,SELL,248.8,1
2022-11-01 12:17:59,BANKNIFTY22110341600PE,SELL,334.25,1
2022-11-01 12:17:59,BANKNIFTY22110341700PE,BUY,388.75,1
2022-11-01 12:17:59,BANKNIFTY22110341700CE,BUY,203.0,1
2022-11-01 12:18:03,BANKNIFTY22110341700PE,SELL,389.95,1
2022-11-01 12:18:03,BANKNIFTY22110341700CE,SELL,202.1,1
2022-11-01 12:18:03,BANKNIFTY22110341600CE,BUY,246.8,1
2022-11-01 12:18:03,BANKNIFTY22110341600PE,BUY,336.0,1
2022-11-01 12:19:58,BANKNIFTY22110341600CE,SELL,248.7,1
2022-11-01 12:19:58,BANKNIFTY22110341600PE,SELL,334.05,1
2022-11-01 12:19:58,BANKNIFTY22110341700PE,BUY,389.8,1
2022-11-01 12:19:58,BANKNIFTY22110341700CE,BUY,202.6,1
2022-11-01 12:20:02,BANKNIFTY22110341700PE,SELL,389.6,1
2022-11-01 12:20:02,BANKNIFTY22110341700CE,SELL,202.3,1
2022-11-01 12:20:02,BANKNIFTY22110341600CE,BUY,247.5,1
2022-11-01 12:20:02,BANKNIFTY22110341600PE,BUY,335.1,1
2022-11-01 12:20:08,BANKNIFTY22110341600CE,SELL,248.0,1
2022-11-01 12:20:08,BANKNIFTY22110341600PE,SELL,334.65,1
2022-11-01 12:20:08,BANKNIFTY22110341700PE,BUY,388.7,1
2022-11-01 12:20:08,BANKNIFTY22110341700CE,BUY,201.85,1
2022-11-01 12:20:12,BANKNIFTY22110341700PE,SELL,385.6,1
2022-11-01 12:20:12,BANKNIFTY22110341700CE,SELL,203.9,1
2022-11-01 12:20:12,BANKNIFTY22110341600CE,BUY,250.0,1
2022-11-01 12:20:12,BANKNIFTY22110341600PE,BUY,331.65,1
2022-11-01 12:20:13,BANKNIFTY22110341600CE,SELL,249.6,1
2022-11-01 12:20:13,BANKNIFTY22110341600PE,SELL,330.95,1
2022-11-01 12:20:13,BANKNIFTY22110341700PE,BUY,385.5,1
2022-11-01 12:20:13,BANKNIFTY22110341700CE,BUY,203.85,1
2022-11-01 12:20:15,BANKNIFTY22110341700PE,SELL,385.0,1
2022-11-01 12:20:15,BANKNIFTY22110341700CE,SELL,204.75,1
2022-11-01 12:20:15,BANKNIFTY22110341600CE,BUY,250.15,1
2022-11-01 12:20:15,BANKNIFTY22110341600PE,BUY,330.25,1
2022-11-01 12:20:17,BANKNIFTY22110341600CE,SELL,251.8,1
2022-11-01 12:20:17,BANKNIFTY22110341600PE,SELL,329.95,1
2022-11-01 12:20:17,BANKNIFTY22110341700PE,BUY,383.0,1
2022-11-01 12:20:17,BANKNIFTY22110341700CE,BUY,205.25,1
2022-11-01 12:21:31,BANKNIFTY22110341700PE,SELL,390.0,1
2022-11-01 12:21:31,BANKNIFTY22110341700CE,SELL,202.35,1
2022-11-01 12:21:31,BANKNIFTY22110341600CE,BUY,247.45,1
2022-11-01 12:21:31,BANKNIFTY22110341600PE,BUY,333.0,1
2022-11-01 12:21:33,BANKNIFTY22110341600CE,SELL,247.45,1
2022-11-01 12:21:33,BANKNIFTY22110341600PE,SELL,335.75,1
2022-11-01 12:21:33,BANKNIFTY22110341700PE,BUY,389.7,1
2022-11-01 12:21:33,BANKNIFTY22110341700CE,BUY,201.95,1
2022-11-01 12:21:36,BANKNIFTY22110341700PE,SELL,389.0,1
2022-11-01 12:21:36,BANKNIFTY22110341700CE,SELL,201.75,1
2022-11-01 12:21:36,BANKNIFTY22110341600CE,BUY,246.8,1
2022-11-01 12:21:36,BANKNIFTY22110341600PE,BUY,334.65,1
2022-11-01 12:21:39,BANKNIFTY22110341600CE,SELL,247.7,1
2022-11-01 12:21:39,BANKNIFTY22110341600PE,SELL,333.75,1
2022-11-01 12:21:39,BANKNIFTY22110341700PE,BUY,390.15,1
2022-11-01 12:21:39,BANKNIFTY22110341700CE,BUY,202.35,1
2022-11-01 12:21:41,BANKNIFTY22110341700PE,SELL,390.6,1
2022-11-01 12:21:41,BANKNIFTY22110341700CE,SELL,201.0,1
2022-11-01 12:21:41,BANKNIFTY22110341600CE,BUY,246.55,1
2022-11-01 12:21:41,BANKNIFTY22110341600PE,BUY,336.0,1
2022-11-01 12:23:21,BANKNIFTY22110341600CE,SELL,247.7,1
2022-11-01 12:23:21,BANKNIFTY22110341600PE,SELL,331.3,1
2022-11-01 12:23:21,BANKNIFTY22110341700PE,BUY,386.5,1
2022-11-01 12:23:21,BANKNIFTY22110341700CE,BUY,202.35,1
2022-11-01 12:23:26,BANKNIFTY22110341700PE,SELL,389.6,1
2022-11-01 12:23:26,BANKNIFTY22110341700CE,SELL,199.9,1
2022-11-01 12:23:26,BANKNIFTY22110341600CE,BUY,245.7,1
2022-11-01 12:23:26,BANKNIFTY22110341600PE,BUY,334.6,1
2022-11-01 12:33:40,BANKNIFTY22110341600CE,SELL,221.2,1
2022-11-01 12:33:40,BANKNIFTY22110341600PE,SELL,403.5,1
2022-11-01 12:33:40,BANKNIFTY22110341500CE,BUY,265.7,1
2022-11-01 12:33:40,BANKNIFTY22110341500PE,BUY,349.1,1
2022-11-01 12:33:43,NIFTY22110318200CE,SELL,62.4,1
2022-11-01 12:33:43,NIFTY22110318200PE,SELL,131.45,1
2022-11-01 12:33:43,NIFTY22110318150CE,BUY,84.9,1
2022-11-01 12:33:43,NIFTY22110318150PE,BUY,103.6,1
2022-11-01 12:33:44,NIFTY22110318150CE,SELL,85.55,1
2022-11-01 12:33:44,NIFTY22110318150PE,SELL,103.55,1
2022-11-01 12:33:44,NIFTY22110318200CE,BUY,62.95,1
2022-11-01 12:33:44,NIFTY22110318200PE,BUY,131.15,1
2022-11-01 12:33:53,BANKNIFTY22110341500CE,SELL,272.8,1
2022-11-01 12:33:53,BANKNIFTY22110341500PE,SELL,358.15,1
2022-11-01 12:33:53,BANKNIFTY22110341600CE,BUY,227.65,1
2022-11-01 12:33:53,BANKNIFTY22110341600PE,BUY,415.25,1
2022-11-01 12:33:55,BANKNIFTY22110341600CE,SELL,227.25,1
2022-11-01 12:33:55,BANKNIFTY22110341600PE,SELL,412.85,1
2022-11-01 12:33:55,BANKNIFTY22110341500CE,BUY,273.1,1
2022-11-01 12:33:55,BANKNIFTY22110341500PE,BUY,360.3,1
2022-11-01 12:33:57,BANKNIFTY22110341500CE,SELL,272.75,1
2022-11-01 12:33:57,BANKNIFTY22110341500PE,SELL,356.85,1
2022-11-01 12:33:57,BANKNIFTY22110341600CE,BUY,227.7,1
2022-11-01 12:33:57,BANKNIFTY22110341600PE,BUY,415.05,1
2022-11-01 12:34:00,BANKNIFTY22110341600CE,SELL,229.0,1
2022-11-01 12:34:00,BANKNIFTY22110341600PE,SELL,410.8,1
2022-11-01 12:34:00,BANKNIFTY22110341500CE,BUY,274.5,1
2022-11-01 12:34:00,BANKNIFTY22110341500PE,BUY,355.0,1
2022-11-01 12:34:02,BANKNIFTY22110341500CE,SELL,274.45,1
2022-11-01 12:34:02,BANKNIFTY22110341500PE,SELL,359.1,1
2022-11-01 12:34:02,BANKNIFTY22110341600CE,BUY,227.65,1
2022-11-01 12:34:02,BANKNIFTY22110341600PE,BUY,413.05,1
2022-11-01 12:34:03,BANKNIFTY22110341600CE,SELL,226.85,1
2022-11-01 12:34:03,BANKNIFTY22110341600PE,SELL,416.45,1
2022-11-01 12:34:03,BANKNIFTY22110341500CE,BUY,271.9,1
2022-11-01 12:34:03,BANKNIFTY22110341500PE,BUY,359.1,1
2022-11-01 12:34:29,NIFTY22110318200CE,SELL,62.35,1
2022-11-01 12:34:29,NIFTY22110318200PE,SELL,131.9,1
2022-11-01 12:34:29,NIFTY22110318150CE,BUY,84.7,1
2022-11-01 12:34:29,NIFTY22110318150PE,BUY,104.35,1
2022-11-01 12:34:37,NIFTY22110318150CE,SELL,85.65,1
2022-11-01 12:34:37,NIFTY22110318150PE,SELL,103.4,1
2022-11-01 12:34:37,NIFTY22110318200CE,BUY,62.85,1
2022-11-01 12:34:37,NIFTY22110318200PE,BUY,130.85,1
2022-11-01 12:34:41,BANKNIFTY22110341500CE,SELL,272.9,1
2022-11-01 12:34:41,BANKNIFTY22110341500PE,SELL,356.85,1
2022-11-01 12:34:41,BANKNIFTY22110341600CE,BUY,227.15,1
2022-11-01 12:34:41,BANKNIFTY22110341600PE,BUY,411.25,1
2022-11-01 12:34:51,BANKNIFTY22110341600CE,SELL,224.3,1
2022-11-01 12:34:51,BANKNIFTY22110341600PE,SELL,411.45,1
2022-11-01 12:34:51,BANKNIFTY22110341500CE,BUY,269.95,1
2022-11-01 12:34:51,BANKNIFTY22110341500PE,BUY,356.95,1
2022-11-01 12:34:55,NIFTY22110318200CE,SELL,62.3,1
2022-11-01 12:34:55,NIFTY22110318200PE,SELL,131.9,1
2022-11-01 12:34:55,NIFTY22110318150CE,BUY,85.0,1
2022-11-01 12:34:55,NIFTY22110318150PE,BUY,104.5,1
2022-11-01 12:37:59,NIFTY22110318150CE,SELL,84.15,1
2022-11-01 12:37:59,NIFTY22110318150PE,SELL,104.1,1
2022-11-01 12:37:59,NIFTY22110318200CE,BUY,61.9,1
2022-11-01 12:37:59,NIFTY22110318200PE,BUY,131.65,1
2022-11-01 12:38:00,NIFTY22110318200CE,SELL,61.65,1
2022-11-01 12:38:00,NIFTY22110318200PE,SELL,131.5,1
2022-11-01 12:38:00,NIFTY22110318150CE,BUY,84.0,1
2022-11-01 12:38:00,NIFTY22110318150PE,BUY,104.05,1
2022-11-01 12:38:01,BANKNIFTY22110341500CE,SELL,259.8,1
2022-11-01 12:38:01,BANKNIFTY22110341500PE,SELL,344.55,1
2022-11-01 12:38:01,BANKNIFTY22110341600CE,BUY,214.5,1
2022-11-01 12:38:01,BANKNIFTY22110341600PE,BUY,399.8,1
2022-11-01 12:38:01,NIFTY22110318150CE,SELL,84.05,1
2022-11-01 12:38:01,NIFTY22110318150PE,SELL,104.4,1
2022-11-01 12:38:01,NIFTY22110318200CE,BUY,61.55,1
2022-11-01 12:38:01,NIFTY22110318200PE,BUY,131.65,1
2022-11-01 12:38:04,NIFTY22110318200CE,SELL,62.0,1
2022-11-01 12:38:04,NIFTY22110318200PE,SELL,130.9,1
2022-11-01 12:38:04,NIFTY22110318150CE,BUY,84.5,1
2022-11-01 12:38:04,NIFTY22110318150PE,BUY,103.55,1
2022-11-01 12:38:07,NIFTY22110318150CE,SELL,84.9,1
2022-11-01 12:38:07,NIFTY22110318150PE,SELL,103.0,1
2022-11-01 12:38:07,NIFTY22110318200CE,BUY,62.4,1
2022-11-01 12:38:07,NIFTY22110318200PE,BUY,130.45,1
2022-11-01 12:38:08,NIFTY22110318200CE,SELL,62.15,1
2022-11-01 12:38:08,NIFTY22110318200PE,SELL,130.5,1
2022-11-01 12:38:08,NIFTY22110318150CE,BUY,84.55,1
2022-11-01 12:38:08,NIFTY22110318150PE,BUY,103.15,1
2022-11-01 12:38:09,NIFTY22110318150CE,SELL,84.9,1
2022-11-01 12:38:09,NIFTY22110318150PE,SELL,102.95,1
2022-11-01 12:38:09,NIFTY22110318200CE,BUY,62.4,1
2022-11-01 12:38:09,NIFTY22110318200PE,BUY,130.2,1
2022-11-01 12:38:44,NIFTY22110318200CE,SELL,61.9,1
2022-11-01 12:38:44,NIFTY22110318200PE,SELL,131.6,1
2022-11-01 12:38:44,NIFTY22110318150CE,BUY,84.3,1
2022-11-01 12:38:44,NIFTY22110318150PE,BUY,103.85,1
2022-11-01 12:38:46,NIFTY22110318150CE,SELL,84.15,1
2022-11-01 12:38:46,NIFTY22110318150PE,SELL,104.1,1
2022-11-01 12:38:46,NIFTY22110318200CE,BUY,61.85,1
2022-11-01 12:38:46,NIFTY22110318200PE,BUY,131.65,1
2022-11-01 12:38:47,BANKNIFTY22110341600CE,SELL,215.4,1
2022-11-01 12:38:47,BANKNIFTY22110341600PE,SELL,403.45,1
2022-11-01 12:38:47,BANKNIFTY22110341500CE,BUY,260.0,1
2022-11-01 12:38:47,BANKNIFTY22110341500PE,BUY,347.0,1
2022-11-01 12:38:47,NIFTY22110318200CE,SELL,61.85,1
2022-11-01 12:38:47,NIFTY22110318200PE,SELL,131.8,1
2022-11-01 12:38:47,NIFTY22110318150CE,BUY,84.15,1
2022-11-01 12:38:47,NIFTY22110318150PE,BUY,104.1,1
2022-11-01 12:41:29,NIFTY22110318150CE,SELL,84.1,1
2022-11-01 12:41:29,NIFTY22110318150PE,SELL,103.35,1
2022-11-01 12:41:29,NIFTY22110318200CE,BUY,61.55,1
2022-11-01 12:41:29,NIFTY22110318200PE,BUY,130.6,1
2022-11-01 12:41:31,NIFTY22110318200CE,SELL,61.4,1
2022-11-01 12:41:31,NIFTY22110318200PE,SELL,131.3,1
2022-11-01 12:41:31,NIFTY22110318150CE,BUY,83.6,1
2022-11-01 12:41:31,NIFTY22110318150PE,BUY,103.9,1
2022-11-01 12:43:04,NIFTY22110318150CE,SELL,84.2,1
2022-11-01 12:43:04,NIFTY22110318150PE,SELL,103.8,1
2022-11-01 12:43:04,NIFTY22110318200CE,BUY,61.8,1
2022-11-01 12:43:04,NIFTY22110318200PE,BUY,131.2,1
2022-11-01 12:43:08,NIFTY22110318200CE,SELL,61.7,1
2022-11-01 12:43:08,NIFTY22110318200PE,SELL,131.9,1
2022-11-01 12:43:08,NIFTY22110318150CE,BUY,84.3,1
2022-11-01 12:43:08,NIFTY22110318150PE,BUY,104.35,1
2022-11-01 12:43:26,NIFTY22110318150CE,SELL,84.55,1
2022-11-01 12:43:26,NIFTY22110318150PE,SELL,104.05,1
2022-11-01 12:43:26,NIFTY22110318200CE,BUY,62.45,1
2022-11-01 12:43:26,NIFTY22110318200PE,BUY,131.2,1
2022-11-01 12:45:35,BANKNIFTY22110341500CE,SELL,258.35,1
2022-11-01 12:45:35,BANKNIFTY22110341500PE,SELL,342.25,1
2022-11-01 12:45:35,BANKNIFTY22110341600CE,BUY,213.6,1
2022-11-01 12:45:35,BANKNIFTY22110341600PE,BUY,396.35,1
2022-11-01 12:45:38,BANKNIFTY22110341600CE,SELL,214.6,1
2022-11-01 12:45:38,BANKNIFTY22110341600PE,SELL,395.8,1
2022-11-01 12:45:38,BANKNIFTY22110341500CE,BUY,259.25,1
2022-11-01 12:45:38,BANKNIFTY22110341500PE,BUY,341.3,1
2022-11-01 12:46:20,BANKNIFTY22110341500CE,SELL,258.9,1
2022-11-01 12:46:20,BANKNIFTY22110341500PE,SELL,344.95,1
2022-11-01 12:46:20,BANKNIFTY22110341600CE,BUY,214.15,1
2022-11-01 12:46:20,BANKNIFTY22110341600PE,BUY,399.7,1
2022-11-01 12:46:50,BANKNIFTY22110341600CE,SELL,213.75,1
2022-11-01 12:46:50,BANKNIFTY22110341600PE,SELL,399.6,1
2022-11-01 12:46:50,BANKNIFTY22110341500CE,BUY,259.8,1
2022-11-01 12:46:50,BANKNIFTY22110341500PE,BUY,345.95,1
2022-11-01 12:46:55,BANKNIFTY22110341500CE,SELL,258.8,1
2022-11-01 12:46:55,BANKNIFTY22110341500PE,SELL,347.65,1
2022-11-01 12:46:55,BANKNIFTY22110341600CE,BUY,212.5,1
2022-11-01 12:46:55,BANKNIFTY22110341600PE,BUY,403.25,1
2022-11-01 12:46:56,BANKNIFTY22110341600CE,SELL,212.45,1
2022-11-01 12:46:56,BANKNIFTY22110341600PE,SELL,404.8,1
2022-11-01 12:46:56,BANKNIFTY22110341500CE,BUY,256.55,1
2022-11-01 12:46:56,BANKNIFTY22110341500PE,BUY,348.95,1
2022-11-01 12:47:01,BANKNIFTY22110341500CE,SELL,258.55,1
2022-11-01 12:47:01,BANKNIFTY22110341500PE,SELL,346.0,1
2022-11-01 12:47:01,BANKNIFTY22110341600CE,BUY,213.75,1
2022-11-01 12:47:01,BANKNIFTY22110341600PE,BUY,401.6,1
2022-11-01 12:47:05,BANKNIFTY22110341600CE,SELL,214.2,1
2022-11-01 12:47:05,BANKNIFTY22110341600PE,SELL,401.1,1
2022-11-01 12:47:05,BANKNIFTY22110341500CE,BUY,259.3,1
2022-11-01 12:47:05,BANKNIFTY22110341500PE,BUY,346.0,1
2022-11-01 12:47:08,BANKNIFTY22110341500CE,SELL,259.4,1
2022-11-01 12:47:08,BANKNIFTY22110341500PE,SELL,344.5,1
2022-11-01 12:47:08,BANKNIFTY22110341600CE,BUY,214.7,1
2022-11-01 12:47:08,BANKNIFTY22110341600PE,BUY,399.35,1
2022-11-01 12:47:10,BANKNIFTY22110341600CE,SELL,215.0,1
2022-11-01 12:47:10,BANKNIFTY22110341600PE,SELL,398.4,1
2022-11-01 12:47:10,BANKNIFTY22110341500CE,BUY,260.0,1
2022-11-01 12:47:10,BANKNIFTY22110341500PE,BUY,342.55,1
2022-11-01 12:47:13,BANKNIFTY22110341500CE,SELL,259.75,1
2022-11-01 12:47:13,BANKNIFTY22110341500PE,SELL,341.95,1
2022-11-01 12:47:13,BANKNIFTY22110341600CE,BUY,215.4,1
2022-11-01 12:47:13,BANKNIFTY22110341600PE,BUY,397.45,1
2022-11-01 12:47:21,BANKNIFTY22110341600CE,SELL,213.65,1
2022-11-01 12:47:21,BANKNIFTY22110341600PE,SELL,401.05,1
2022-11-01 12:47:21,BANKNIFTY22110341500CE,BUY,257.65,1
2022-11-01 12:47:21,BANKNIFTY22110341500PE,BUY,346.0,1
2022-11-01 12:47:46,BANKNIFTY22110341500CE,SELL,258.35,1
2022-11-01 12:47:46,BANKNIFTY22110341500PE,SELL,346.5,1
2022-11-01 12:47:46,BANKNIFTY22110341600CE,BUY,213.25,1
2022-11-01 12:47:46,BANKNIFTY22110341600PE,BUY,400.7,1
2022-11-01 12:47:48,BANKNIFTY22110341600CE,SELL,213.2,1
2022-11-01 12:47:48,BANKNIFTY22110341600PE,SELL,403.05,1
2022-11-01 12:47:48,BANKNIFTY22110341500CE,BUY,257.5,1
2022-11-01 12:47:48,BANKNIFTY22110341500PE,BUY,347.8,1
2022-11-01 12:50:58,BANKNIFTY22110341500CE,SELL,260.8,1
2022-11-01 12:50:58,BANKNIFTY22110341500PE,SELL,343.5,1
2022-11-01 12:50:58,BANKNIFTY22110341600CE,BUY,215.55,1
2022-11-01 12:50:58,BANKNIFTY22110341600PE,BUY,398.2,1
2022-11-01 12:50:59,BANKNIFTY22110341600CE,SELL,215.35,1
2022-11-01 12:50:59,BANKNIFTY22110341600PE,SELL,399.5,1
2022-11-01 12:50:59,BANKNIFTY22110341500CE,BUY,260.85,1
2022-11-01 12:50:59,BANKNIFTY22110341500PE,BUY,344.6,1
2022-11-01 12:51:05,BANKNIFTY22110341500CE,SELL,260.3,1
2022-11-01 12:51:05,BANKNIFTY22110341500PE,SELL,342.9,1
2022-11-01 12:51:05,BANKNIFTY22110341600CE,BUY,215.25,1
2022-11-01 12:51:05,BANKNIFTY22110341600PE,BUY,397.65,1
2022-11-01 12:51:07,BANKNIFTY22110341600CE,SELL,215.05,1
2022-11-01 12:51:07,BANKNIFTY22110341600PE,SELL,398.35,1
2022-11-01 12:51:07,BANKNIFTY22110341500CE,BUY,260.45,1
2022-11-01 12:51:07,BANKNIFTY22110341500PE,BUY,343.25,1
2022-11-01 12:51:08,BANKNIFTY22110341500CE,SELL,259.9,1
2022-11-01 12:51:08,BANKNIFTY22110341500PE,SELL,344.85,1
2022-11-01 12:51:08,BANKNIFTY22110341600CE,BUY,214.95,1
2022-11-01 12:51:08,BANKNIFTY22110341600PE,BUY,399.75,1
2022-11-01 12:51:18,BANKNIFTY22110341600CE,SELL,214.5,1
2022-11-01 12:51:18,BANKNIFTY22110341600PE,SELL,398.6,1
2022-11-01 12:51:18,BANKNIFTY22110341500CE,BUY,259.75,1
2022-11-01 12:51:18,BANKNIFTY22110341500PE,BUY,345.0,1
2022-11-01 12:51:22,BANKNIFTY22110341500CE,SELL,260.3,1
2022-11-01 12:51:22,BANKNIFTY22110341500PE,SELL,343.1,1
2022-11-01 12:51:22,BANKNIFTY22110341600CE,BUY,215.6,1
2022-11-01 12:51:22,BANKNIFTY22110341600PE,BUY,398.55,1
2022-11-01 12:52:03,BANKNIFTY22110341600CE,SELL,213.25,1
2022-11-01 12:52:03,BANKNIFTY22110341600PE,SELL,400.8,1
2022-11-01 12:52:03,BANKNIFTY22110341500CE,BUY,257.75,1
2022-11-01 12:52:03,BANKNIFTY22110341500PE,BUY,346.65,1
2022-11-01 12:52:30,BANKNIFTY22110341500CE,SELL,259.15,1
2022-11-01 12:52:30,BANKNIFTY22110341500PE,SELL,346.25,1
2022-11-01 12:52:30,BANKNIFTY22110341600CE,BUY,214.9,1
2022-11-01 12:52:30,BANKNIFTY22110341600PE,BUY,401.8,1
2022-11-01 12:52:32,BANKNIFTY22110341600CE,SELL,214.55,1
2022-11-01 12:52:32,BANKNIFTY22110341600PE,SELL,401.1,1
2022-11-01 12:52:32,BANKNIFTY22110341500CE,BUY,258.75,1
2022-11-01 12:52:32,BANKNIFTY22110341500PE,BUY,346.65,1
2022-11-01 12:52:42,BANKNIFTY22110341500CE,SELL,260.3,1
2022-11-01 12:52:42,BANKNIFTY22110341500PE,SELL,345.0,1
2022-11-01 12:52:42,BANKNIFTY22110341600CE,BUY,215.35,1
2022-11-01 12:52:42,BANKNIFTY22110341600PE,BUY,399.65,1
2022-11-01 12:52:47,BANKNIFTY22110341600CE,SELL,215.7,1
2022-11-01 12:52:47,BANKNIFTY22110341600PE,SELL,400.35,1
2022-11-01 12:52:47,BANKNIFTY22110341500CE,BUY,259.7,1
2022-11-01 12:52:47,BANKNIFTY22110341500PE,BUY,345.2,1
2022-11-01 12:53:33,BANKNIFTY22110341500CE,SELL,261.6,1
2022-11-01 12:53:33,BANKNIFTY22110341500PE,SELL,341.35,1
2022-11-01 12:53:33,BANKNIFTY22110341600CE,BUY,215.7,1
2022-11-01 12:53:33,BANKNIFTY22110341600PE,BUY,396.35,1
2022-11-01 12:54:02,BANKNIFTY22110341600CE,SELL,215.7,1
2022-11-01 12:54:02,BANKNIFTY22110341600PE,SELL,398.55,1
2022-11-01 12:54:02,BANKNIFTY22110341500CE,BUY,260.75,1
2022-11-01 12:54:02,BANKNIFTY22110341500PE,BUY,342.6,1
2022-11-01 12:56:00,NIFTY22110318200CE,SELL,61.7,1
2022-11-01 12:56:00,NIFTY22110318200PE,SELL,130.35,1
2022-11-01 12:56:00,NIFTY22110318150CE,BUY,84.05,1
2022-11-01 12:56:00,NIFTY22110318150PE,BUY,102.95,1
2022-11-01 12:56:04,NIFTY22110318150CE,SELL,84.05,1
2022-11-01 12:56:04,NIFTY22110318150PE,SELL,103.1,1
2022-11-01 12:56:04,NIFTY22110318200CE,BUY,61.8,1
2022-11-01 12:56:04,NIFTY22110318200PE,BUY,130.6,1
2022-11-01 12:56:05,NIFTY22110318200CE,SELL,61.85,1
2022-11-01 12:56:05,NIFTY22110318200PE,SELL,130.25,1
2022-11-01 12:56:05,NIFTY22110318150CE,BUY,84.1,1
2022-11-01 12:56:05,NIFTY22110318150PE,BUY,102.55,1
2022-11-01 12:56:07,NIFTY22110318150CE,SELL,84.05,1
2022-11-01 12:56:07,NIFTY22110318150PE,SELL,103.2,1
2022-11-01 12:56:07,NIFTY22110318200CE,BUY,61.8,1
2022-11-01 12:56:07,NIFTY22110318200PE,BUY,130.7,1
2022-11-01 12:56:08,NIFTY22110318200CE,SELL,61.95,1
2022-11-01 12:56:08,NIFTY22110318200PE,SELL,130.5,1
2022-11-01 12:56:08,NIFTY22110318150CE,BUY,84.2,1
2022-11-01 12:56:08,NIFTY22110318150PE,BUY,102.65,1
2022-11-01 13:02:06,BANKNIFTY22110341500CE,SELL,218.35,1
2022-11-01 13:02:06,BANKNIFTY22110341500PE,SELL,404.45,1
2022-11-01 13:02:06,BANKNIFTY22110341400CE,BUY,263.3,1
2022-11-01 13:02:06,BANKNIFTY22110341400PE,BUY,349.0,1
2022-11-01 13:02:09,BANKNIFTY22110341400CE,SELL,266.15,1
2022-11-01 13:02:09,BANKNIFTY22110341400PE,SELL,345.95,1
2022-11-01 13:02:09,BANKNIFTY22110341500CE,BUY,220.75,1
2022-11-01 13:02:09,BANKNIFTY22110341500PE,BUY,401.25,1
2022-11-01 13:03:03,BANKNIFTY22110341500CE,SELL,218.25,1
2022-11-01 13:03:03,BANKNIFTY22110341500PE,SELL,405.55,1
2022-11-01 13:03:03,BANKNIFTY22110341400CE,BUY,264.8,1
2022-11-01 13:03:03,BANKNIFTY22110341400PE,BUY,352.6,1
2022-11-01 13:06:09,NIFTY22110318150CE,SELL,63.6,1
2022-11-01 13:06:09,NIFTY22110318150PE,SELL,135.0,1
2022-11-01 13:06:09,NIFTY22110318100CE,BUY,86.0,1
2022-11-01 13:06:09,NIFTY22110318100PE,BUY,106.45,1
2022-11-01 13:06:24,NIFTY22110318100CE,SELL,87.35,1
2022-11-01 13:06:24,NIFTY22110318100PE,SELL,105.75,1
2022-11-01 13:06:24,NIFTY22110318150CE,BUY,64.95,1
2022-11-01 13:06:24,NIFTY22110318150PE,BUY,133.2,1
2022-11-01 13:06:42,NIFTY22110318150CE,SELL,65.5,1
2022-11-01 13:06:42,NIFTY22110318150PE,SELL,131.65,1
2022-11-01 13:06:42,NIFTY22110318100CE,BUY,88.15,1
2022-11-01 13:06:42,NIFTY22110318100PE,BUY,104.7,1
2022-11-01 13:06:43,NIFTY22110318100CE,SELL,88.4,1
2022-11-01 13:06:43,NIFTY22110318100PE,SELL,104.25,1
2022-11-01 13:06:43,NIFTY22110318150CE,BUY,65.85,1
2022-11-01 13:06:43,NIFTY22110318150PE,BUY,130.8,1
2022-11-01 13:11:15,NIFTY22110318150CE,SELL,63.0,1
2022-11-01 13:11:15,NIFTY22110318150PE,SELL,132.8,1
2022-11-01 13:11:15,NIFTY22110318100CE,BUY,84.6,1
2022-11-01 13:11:15,NIFTY22110318100PE,BUY,105.5,1
2022-11-01 13:15:58,NIFTY22110318100CE,SELL,84.65,1
2022-11-01 13:15:58,NIFTY22110318100PE,SELL,103.85,1
2022-11-01 13:15:58,NIFTY22110318150CE,BUY,61.85,1
2022-11-01 13:15:58,NIFTY22110318150PE,BUY,130.7,1
2022-11-01 13:16:01,NIFTY22110318150CE,SELL,61.6,1
2022-11-01 13:16:01,NIFTY22110318150PE,SELL,130.75,1
2022-11-01 13:16:01,NIFTY22110318100CE,BUY,84.55,1
2022-11-01 13:16:01,NIFTY22110318100PE,BUY,104.15,1
2022-11-01 13:16:04,NIFTY22110318100CE,SELL,84.55,1
2022-11-01 13:16:04,NIFTY22110318100PE,SELL,104.05,1
2022-11-01 13:16:04,NIFTY22110318150CE,BUY,61.2,1
2022-11-01 13:16:04,NIFTY22110318150PE,BUY,130.85,1
2022-11-01 13:16:06,NIFTY22110318150CE,SELL,61.85,1
2022-11-01 13:16:06,NIFTY22110318150PE,SELL,130.25,1
2022-11-01 13:16:06,NIFTY22110318100CE,BUY,84.8,1
2022-11-01 13:16:06,NIFTY22110318100PE,BUY,103.6,1
2022-11-01 13:16:07,NIFTY22110318100CE,SELL,85.0,1
2022-11-01 13:16:07,NIFTY22110318100PE,SELL,103.15,1
2022-11-01 13:16:07,NIFTY22110318150CE,BUY,61.95,1
2022-11-01 13:16:07,NIFTY22110318150PE,BUY,129.85,1
2022-11-01 13:17:13,BANKNIFTY22110341400CE,SELL,255.0,1
2022-11-01 13:17:13,BANKNIFTY22110341400PE,SELL,340.25,1
2022-11-01 13:17:13,BANKNIFTY22110341500CE,BUY,209.85,1
2022-11-01 13:17:13,BANKNIFTY22110341500PE,BUY,396.6,1
2022-11-01 13:17:15,BANKNIFTY22110341500CE,SELL,208.8,1
2022-11-01 13:17:15,BANKNIFTY22110341500PE,SELL,396.25,1
2022-11-01 13:17:15,BANKNIFTY22110341400CE,BUY,253.3,1
2022-11-01 13:17:15,BANKNIFTY22110341400PE,BUY,342.05,1
2022-11-01 13:17:16,BANKNIFTY22110341400CE,SELL,254.3,1
2022-11-01 13:17:16,BANKNIFTY22110341400PE,SELL,341.3,1
2022-11-01 13:17:16,BANKNIFTY22110341500CE,BUY,209.4,1
2022-11-01 13:17:16,BANKNIFTY22110341500PE,BUY,395.4,1
2022-11-01 13:17:26,BANKNIFTY22110341500CE,SELL,211.55,1
2022-11-01 13:17:26,BANKNIFTY22110341500PE,SELL,394.45,1
2022-11-01 13:17:26,BANKNIFTY22110341400CE,BUY,256.05,1
2022-11-01 13:17:26,BANKNIFTY22110341400PE,BUY,340.55,1
2022-11-01 13:17:36,BANKNIFTY22110341400CE,SELL,257.55,1
2022-11-01 13:17:36,BANKNIFTY22110341400PE,SELL,339.2,1
2022-11-01 13:17:36,BANKNIFTY22110341500CE,BUY,212.0,1
2022-11-01 13:17:36,BANKNIFTY22110341500PE,BUY,393.65,1
2022-11-01 13:17:38,BANKNIFTY22110341500CE,SELL,211.6,1
2022-11-01 13:17:38,BANKNIFTY22110341500PE,SELL,396.05,1
2022-11-01 13:17:38,BANKNIFTY22110341400CE,BUY,256.95,1
2022-11-01 13:17:38,BANKNIFTY22110341400PE,BUY,341.15,1
2022-11-01 13:17:43,BANKNIFTY22110341400CE,SELL,258.65,1
2022-11-01 13:17:43,BANKNIFTY22110341400PE,SELL,338.65,1
2022-11-01 13:17:43,BANKNIFTY22110341500CE,BUY,213.0,1
2022-11-01 13:17:43,BANKNIFTY22110341500PE,BUY,394.0,1
2022-11-01 13:17:48,BANKNIFTY22110341500CE,SELL,212.3,1
2022-11-01 13:17:48,BANKNIFTY22110341500PE,SELL,395.8,1
2022-11-01 13:17:48,BANKNIFTY22110341400CE,BUY,257.7,1
2022-11-01 13:17:48,BANKNIFTY22110341400PE,BUY,340.75,1
2022-11-01 13:17:53,BANKNIFTY22110341400CE,SELL,256.65,1
2022-11-01 13:17:53,BANKNIFTY22110341400PE,SELL,342.3,1
2022-11-01 13:17:53,BANKNIFTY22110341500CE,BUY,211.05,1
2022-11-01 13:17:53,BANKNIFTY22110341500PE,BUY,398.5,1
2022-11-01 13:17:54,BANKNIFTY22110341500CE,SELL,211.9,1
2022-11-01 13:17:54,BANKNIFTY22110341500PE,SELL,398.0,1
2022-11-01 13:17:54,BANKNIFTY22110341400CE,BUY,257.15,1
2022-11-01 13:17:54,BANKNIFTY22110341400PE,BUY,343.25,1
2022-11-01 13:17:58,BANKNIFTY22110341400CE,SELL,258.5,1
2022-11-01 13:17:58,BANKNIFTY22110341400PE,SELL,340.1,1
2022-11-01 13:17:58,BANKNIFTY22110341500CE,BUY,212.8,1
2022-11-01 13:17:58,BANKNIFTY22110341500PE,BUY,393.85,1
2022-11-01 13:18:01,BANKNIFTY22110341500CE,SELL,211.4,1
2022-11-01 13:18:01,BANKNIFTY22110341500PE,SELL,395.6,1
2022-11-01 13:18:01,BANKNIFTY22110341400CE,BUY,257.6,1
2022-11-01 13:18:01,BANKNIFTY22110341400PE,BUY,339.05,1
2022-11-01 13:18:03,BANKNIFTY22110341400CE,SELL,256.45,1
2022-11-01 13:18:03,BANKNIFTY22110341400PE,SELL,342.2,1
2022-11-01 13:18:03,BANKNIFTY22110341500CE,BUY,211.15,1
2022-11-01 13:18:03,BANKNIFTY22110341500PE,BUY,397.65,1
2022-11-01 13:18:04,BANKNIFTY22110341500CE,SELL,211.05,1
2022-11-01 13:18:04,BANKNIFTY22110341500PE,SELL,397.5,1
2022-11-01 13:18:04,BANKNIFTY22110341400CE,BUY,255.75,1
2022-11-01 13:18:04,BANKNIFTY22110341400PE,BUY,343.4,1
2022-11-01 13:19:47,BANKNIFTY22110341400CE,SELL,259.9,1
2022-11-01 13:19:47,BANKNIFTY22110341400PE,SELL,337.0,1
2022-11-01 13:19:47,BANKNIFTY22110341500CE,BUY,214.0,1
2022-11-01 13:19:47,BANKNIFTY22110341500PE,BUY,392.3,1
2022-11-01 13:34:21,NIFTY22110318150CE,SELL,78.9,1
2022-11-01 13:34:21,NIFTY22110318150PE,SELL,101.95,1
2022-11-01 13:34:21,NIFTY22110318200CE,BUY,56.9,1
2022-11-01 13:34:21,NIFTY22110318200PE,BUY,129.95,1
2022-11-01 13:34:22,BANKNIFTY22110341500CE,SELL,248.0,1
2022-11-01 13:34:22,BANKNIFTY22110341500PE,SELL,331.7,1
2022-11-01 13:34:22,BANKNIFTY22110341600CE,BUY,203.8,1
2022-11-01 13:34:22,BANKNIFTY22110341600PE,BUY,386.7,1
2022-11-01 13:34:24,BANKNIFTY22110341600CE,SELL,203.15,1
2022-11-01 13:34:24,BANKNIFTY22110341600PE,SELL,389.15,1
2022-11-01 13:34:24,BANKNIFTY22110341500CE,BUY,246.9,1
2022-11-01 13:34:24,BANKNIFTY22110341500PE,BUY,334.3,1
2022-11-01 13:34:25,BANKNIFTY22110341500CE,SELL,247.05,1
2022-11-01 13:34:25,BANKNIFTY22110341500PE,SELL,334.0,1
2022-11-01 13:34:25,BANKNIFTY22110341600CE,BUY,202.0,1
2022-11-01 13:34:25,BANKNIFTY22110341600PE,BUY,390.35,1
2022-11-01 13:34:27,BANKNIFTY22110341600CE,SELL,202.1,1
2022-11-01 13:34:27,BANKNIFTY22110341600PE,SELL,391.25,1
2022-11-01 13:34:27,BANKNIFTY22110341500CE,BUY,246.55,1
2022-11-01 13:34:27,BANKNIFTY22110341500PE,BUY,335.4,1
2022-11-01 13:34:27,NIFTY22110318200CE,SELL,56.3,1
2022-11-01 13:34:27,NIFTY22110318200PE,SELL,130.95,1
2022-11-01 13:34:27,NIFTY22110318150CE,BUY,78.25,1
2022-11-01 13:34:27,NIFTY22110318150PE,BUY,102.9,1
2022-11-01 13:34:29,NIFTY22110318150CE,SELL,78.6,1
2022-11-01 13:34:29,NIFTY22110318150PE,SELL,102.45,1
2022-11-01 13:34:29,NIFTY22110318200CE,BUY,56.6,1
2022-11-01 13:34:29,NIFTY22110318200PE,BUY,130.45,1
2022-11-01 13:34:34,NIFTY22110318200CE,SELL,56.5,1
2022-11-01 13:34:34,NIFTY22110318200PE,SELL,130.5,1
2022-11-01 13:34:34,NIFTY22110318150CE,BUY,78.5,1
2022-11-01 13:34:34,NIFTY22110318150PE,BUY,102.8,1
2022-11-01 13:34:41,NIFTY22110318150CE,SELL,78.45,1
2022-11-01 13:34:41,NIFTY22110318150PE,SELL,102.55,1
2022-11-01 13:34:41,NIFTY22110318200CE,BUY,56.65,1
2022-11-01 13:34:41,NIFTY22110318200PE,BUY,130.5,1
2022-11-01 13:34:42,NIFTY22110318200CE,SELL,56.4,1
2022-11-01 13:34:42,NIFTY22110318200PE,SELL,130.25,1
2022-11-01 13:34:42,NIFTY22110318150CE,BUY,78.25,1
2022-11-01 13:34:42,NIFTY22110318150PE,BUY,102.65,1
2022-11-01 13:34:44,NIFTY22110318150CE,SELL,78.4,1
2022-11-01 13:34:44,NIFTY22110318150PE,SELL,103.25,1
2022-11-01 13:34:44,NIFTY22110318200CE,BUY,56.5,1
2022-11-01 13:34:44,NIFTY22110318200PE,BUY,131.45,1
2022-11-01 13:34:45,NIFTY22110318200CE,SELL,56.3,1
2022-11-01 13:34:45,NIFTY22110318200PE,SELL,131.3,1
2022-11-01 13:34:45,NIFTY22110318150CE,BUY,78.3,1
2022-11-01 13:34:45,NIFTY22110318150PE,BUY,103.35,1
2022-11-01 13:34:49,BANKNIFTY22110341500CE,SELL,248.0,1
2022-11-01 13:34:49,BANKNIFTY22110341500PE,SELL,332.0,1
2022-11-01 13:34:49,BANKNIFTY22110341600CE,BUY,203.75,1
2022-11-01 13:34:49,BANKNIFTY22110341600PE,BUY,389.0,1
2022-11-01 13:34:50,BANKNIFTY22110341600CE,SELL,203.95,1
2022-11-01 13:34:50,BANKNIFTY22110341600PE,SELL,389.05,1
2022-11-01 13:34:50,BANKNIFTY22110341500CE,BUY,247.55,1
2022-11-01 13:34:50,BANKNIFTY22110341500PE,BUY,333.65,1
2022-11-01 13:34:52,BANKNIFTY22110341500CE,SELL,247.65,1
2022-11-01 13:34:52,BANKNIFTY22110341500PE,SELL,332.4,1
2022-11-01 13:34:52,BANKNIFTY22110341600CE,BUY,204.0,1
2022-11-01 13:34:52,BANKNIFTY22110341600PE,BUY,388.55,1
2022-11-01 13:34:53,BANKNIFTY22110341600CE,SELL,203.0,1
2022-11-01 13:34:53,BANKNIFTY22110341600PE,SELL,390.9,1
2022-11-01 13:34:53,BANKNIFTY22110341500CE,BUY,246.4,1
2022-11-01 13:34:53,BANKNIFTY22110341500PE,BUY,334.65,1
2022-11-01 13:34:56,NIFTY22110318150CE,SELL,78.85,1
2022-11-01 13:34:56,NIFTY22110318150PE,SELL,102.05,1
2022-11-01 13:34:56,NIFTY22110318200CE,BUY,56.8,1
2022-11-01 13:34:56,NIFTY22110318200PE,BUY,129.95,1
2022-11-01 13:34:58,BANKNIFTY22110341500CE,SELL,248.3,1
2022-11-01 13:34:58,BANKNIFTY22110341500PE,SELL,331.75,1
2022-11-01 13:34:58,BANKNIFTY22110341600CE,BUY,204.95,1
2022-11-01 13:34:58,BANKNIFTY22110341600PE,BUY,388.35,1
2022-11-01 13:35:08,BANKNIFTY22110341600CE,SELL,204.45,1
2022-11-01 13:35:08,BANKNIFTY22110341600PE,SELL,388.55,1
2022-11-01 13:35:08,BANKNIFTY22110341500CE,BUY,247.8,1
2022-11-01 13:35:08,BANKNIFTY22110341500PE,BUY,332.4,1
2022-11-01 13:35:37,NIFTY22110318200CE,SELL,56.85,1
2022-11-01 13:35:37,NIFTY22110318200PE,SELL,130.65,1
2022-11-01 13:35:37,NIFTY22110318150CE,BUY,78.75,1
2022-11-01 13:35:37,NIFTY22110318150PE,BUY,102.45,1
2022-11-01 13:35:38,NIFTY22110318150CE,SELL,79.2,1
2022-11-01 13:35:38,NIFTY22110318150PE,SELL,102.05,1
2022-11-01 13:35:38,NIFTY22110318200CE,BUY,57.15,1
2022-11-01 13:35:38,NIFTY22110318200PE,BUY,129.95,1
2022-11-01 13:35:48,NIFTY22110318200CE,SELL,56.65,1
2022-11-01 13:35:48,NIFTY22110318200PE,SELL,130.5,1
2022-11-01 13:35:48,NIFTY22110318150CE,BUY,78.8,1
2022-11-01 13:35:48,NIFTY22110318150PE,BUY,102.4,1
2022-11-01 13:35:50,NIFTY22110318150CE,SELL,78.8,1
2022-11-01 13:35:50,NIFTY22110318150PE,SELL,102.55,1
2022-11-01 13:35:50,NIFTY22110318200CE,BUY,56.8,1
2022-11-01 13:35:50,NIFTY22110318200PE,BUY,130.3,1
2022-11-01 13:35:53,NIFTY22110318200CE,SELL,56.8,1
2022-11-01 13:35:53,NIFTY22110318200PE,SELL,130.05,1
2022-11-01 13:35:53,NIFTY22110318150CE,BUY,78.65,1
2022-11-01 13:35:53,NIFTY22110318150PE,BUY,102.15,1
2022-11-01 13:35:56,NIFTY22110318150CE,SELL,79.05,1
2022-11-01 13:35:56,NIFTY22110318150PE,SELL,102.15,1
2022-11-01 13:35:56,NIFTY22110318200CE,BUY,56.95,1
2022-11-01 13:35:56,NIFTY22110318200PE,BUY,130.15,1
2022-11-01 13:35:57,NIFTY22110318200CE,SELL,56.8,1
2022-11-01 13:35:57,NIFTY22110318200PE,SELL,129.85,1
2022-11-01 13:35:57,NIFTY22110318150CE,BUY,78.8,1
2022-11-01 13:35:57,NIFTY22110318150PE,BUY,102.15,1
2022-11-01 13:35:59,NIFTY22110318150CE,SELL,78.9,1
2022-11-01 13:35:59,NIFTY22110318150PE,SELL,102.45,1
2022-11-01 13:35:59,NIFTY22110318200CE,BUY,57.0,1
2022-11-01 13:35:59,NIFTY22110318200PE,BUY,130.2,1
2022-11-01 13:36:00,NIFTY22110318200CE,SELL,56.85,1
2022-11-01 13:36:00,NIFTY22110318200PE,SELL,130.2,1
2022-11-01 13:36:00,NIFTY22110318150CE,BUY,78.85,1
2022-11-01 13:36:00,NIFTY22110318150PE,BUY,102.45,1
2022-11-01 13:36:03,NIFTY22110318150CE,SELL,78.3,1
2022-11-01 13:36:03,NIFTY22110318150PE,SELL,102.6,1
2022-11-01 13:36:03,NIFTY22110318200CE,BUY,56.6,1
2022-11-01 13:36:03,NIFTY22110318200PE,BUY,130.65,1
2022-11-01 13:36:08,NIFTY22110318200CE,SELL,56.15,1
2022-11-01 13:36:08,NIFTY22110318200PE,SELL,131.35,1
2022-11-01 13:36:08,NIFTY22110318150CE,BUY,77.8,1
2022-11-01 13:36:08,NIFTY22110318150PE,BUY,103.4,1
2022-11-01 13:36:24,NIFTY22110318150CE,SELL,78.4,1
2022-11-01 13:36:24,NIFTY22110318150PE,SELL,102.75,1
2022-11-01 13:36:24,NIFTY22110318200CE,BUY,56.5,1
2022-11-01 13:36:24,NIFTY22110318200PE,BUY,130.85,1
2022-11-01 13:36:25,NIFTY22110318200CE,SELL,56.4,1
2022-11-01 13:36:25,NIFTY22110318200PE,SELL,130.85,1
2022-11-01 13:36:25,NIFTY22110318150CE,BUY,78.35,1
2022-11-01 13:36:25,NIFTY22110318150PE,BUY,102.85,1
2022-11-01 13:36:27,NIFTY22110318150CE,SELL,79.0,1
2022-11-01 13:36:27,NIFTY22110318150PE,SELL,102.4,1
2022-11-01 13:36:27,NIFTY22110318200CE,BUY,57.05,1
2022-11-01 13:36:27,NIFTY22110318200PE,BUY,130.55,1
2022-11-01 13:37:36,NIFTY22110318200CE,SELL,56.6,1
2022-11-01 13:37:36,NIFTY22110318200PE,SELL,130.3,1
2022-11-01 13:37:36,NIFTY22110318150CE,BUY,78.65,1
2022-11-01 13:37:36,NIFTY22110318150PE,BUY,102.4,1
2022-11-01 13:37:39,NIFTY22110318150CE,SELL,78.65,1
2022-11-01 13:37:39,NIFTY22110318150PE,SELL,102.35,1
2022-11-01 13:37:39,NIFTY22110318200CE,BUY,56.75,1
2022-11-01 13:37:39,NIFTY22110318200PE,BUY,130.5,1
2022-11-01 13:37:41,NIFTY22110318200CE,SELL,56.85,1
2022-11-01 13:37:41,NIFTY22110318200PE,SELL,130.65,1
2022-11-01 13:37:41,NIFTY22110318150CE,BUY,78.75,1
2022-11-01 13:37:41,NIFTY22110318150PE,BUY,102.4,1
2022-11-01 13:37:42,NIFTY22110318150CE,SELL,78.65,1
2022-11-01 13:37:42,NIFTY22110318150PE,SELL,102.55,1
2022-11-01 13:37:42,NIFTY22110318200CE,BUY,56.55,1
2022-11-01 13:37:42,NIFTY22110318200PE,BUY,130.7,1
2022-11-01 13:37:44,NIFTY22110318200CE,SELL,56.5,1
2022-11-01 13:37:44,NIFTY22110318200PE,SELL,130.95,1
2022-11-01 13:37:44,NIFTY22110318150CE,BUY,78.45,1
2022-11-01 13:37:44,NIFTY22110318150PE,BUY,102.65,1
2022-11-01 13:40:55,NIFTY22110318150CE,SELL,77.55,1
2022-11-01 13:40:55,NIFTY22110318150PE,SELL,103.3,1
2022-11-01 13:40:55,NIFTY22110318200CE,BUY,55.7,1
2022-11-01 13:40:55,NIFTY22110318200PE,BUY,131.55,1
2022-11-01 13:40:56,NIFTY22110318200CE,SELL,55.65,1
2022-11-01 13:40:56,NIFTY22110318200PE,SELL,131.8,1
2022-11-01 13:40:56,NIFTY22110318150CE,BUY,77.45,1
2022-11-01 13:40:56,NIFTY22110318150PE,BUY,103.7,1
2022-11-01 13:45:18,NIFTY22110318150CE,SELL,78.6,1
2022-11-01 13:45:18,NIFTY22110318150PE,SELL,103.0,1
2022-11-01 13:45:18,NIFTY22110318200CE,BUY,56.35,1
2022-11-01 13:45:18,NIFTY22110318200PE,BUY,130.95,1
2022-11-01 13:45:22,NIFTY22110318200CE,SELL,55.6,1
2022-11-01 13:45:22,NIFTY22110318200PE,SELL,132.05,1
2022-11-01 13:45:22,NIFTY22110318150CE,BUY,77.7,1
2022-11-01 13:45:22,NIFTY22110318150PE,BUY,103.7,1
2022-11-01 13:45:28,NIFTY22110318150CE,SELL,77.45,1
2022-11-01 13:45:28,NIFTY22110318150PE,SELL,103.75,1
2022-11-01 13:45:28,NIFTY22110318200CE,BUY,55.85,1
2022-11-01 13:45:28,NIFTY22110318200PE,BUY,131.7,1
2022-11-01 13:45:29,NIFTY22110318200CE,SELL,55.85,1
2022-11-01 13:45:29,NIFTY22110318200PE,SELL,131.7,1
2022-11-01 13:45:29,NIFTY22110318150CE,BUY,77.45,1
2022-11-01 13:45:29,NIFTY22110318150PE,BUY,103.75,1
2022-11-01 13:45:34,NIFTY22110318150CE,SELL,78.0,1
2022-11-01 13:45:34,NIFTY22110318150PE,SELL,103.2,1
2022-11-01 13:45:34,NIFTY22110318200CE,BUY,56.0,1
2022-11-01 13:45:34,NIFTY22110318200PE,BUY,131.15,1
2022-11-01 13:45:35,NIFTY22110318200CE,SELL,56.2,1
2022-11-01 13:45:35,NIFTY22110318200PE,SELL,131.0,1
2022-11-01 13:45:35,NIFTY22110318150CE,BUY,77.9,1
2022-11-01 13:45:35,NIFTY22110318150PE,BUY,103.15,1
2022-11-01 13:45:38,NIFTY22110318150CE,SELL,77.7,1
2022-11-01 13:45:38,NIFTY22110318150PE,SELL,103.9,1
2022-11-01 13:45:38,NIFTY22110318200CE,BUY,55.95,1
2022-11-01 13:45:38,NIFTY22110318200PE,BUY,131.65,1
2022-11-01 13:45:41,NIFTY22110318200CE,SELL,55.85,1
2022-11-01 13:45:41,NIFTY22110318200PE,SELL,131.45,1
2022-11-01 13:45:41,NIFTY22110318150CE,BUY,77.95,1
2022-11-01 13:45:41,NIFTY22110318150PE,BUY,103.45,1
2022-11-01 13:45:43,NIFTY22110318150CE,SELL,77.75,1
2022-11-01 13:45:43,NIFTY22110318150PE,SELL,103.65,1
2022-11-01 13:45:43,NIFTY22110318200CE,BUY,55.9,1
2022-11-01 13:45:43,NIFTY22110318200PE,BUY,131.55,1
2022-11-01 13:45:58,NIFTY22110318200CE,SELL,55.3,1
2022-11-01 13:45:58,NIFTY22110318200PE,SELL,133.0,1
2022-11-01 13:45:58,NIFTY22110318150CE,BUY,77.0,1
2022-11-01 13:45:58,NIFTY22110318150PE,BUY,104.7,1
2022-11-01 13:46:10,NIFTY22110318150CE,SELL,77.5,1
2022-11-01 13:46:10,NIFTY22110318150PE,SELL,103.8,1
2022-11-01 13:46:10,NIFTY22110318200CE,BUY,55.75,1
2022-11-01 13:46:10,NIFTY22110318200PE,BUY,132.0,1
2022-11-01 13:46:12,NIFTY22110318200CE,SELL,55.4,1
2022-11-01 13:46:12,NIFTY22110318200PE,SELL,132.25,1
2022-11-01 13:46:12,NIFTY22110318150CE,BUY,77.15,1
2022-11-01 13:46:12,NIFTY22110318150PE,BUY,104.0,1
2022-11-01 13:46:59,NIFTY22110318150CE,SELL,78.1,1
2022-11-01 13:46:59,NIFTY22110318150PE,SELL,102.85,1
2022-11-01 13:46:59,NIFTY22110318200CE,BUY,56.3,1
2022-11-01 13:46:59,NIFTY22110318200PE,BUY,131.15,1
2022-11-01 13:47:02,NIFTY22110318200CE,SELL,56.15,1
2022-11-01 13:47:02,NIFTY22110318200PE,SELL,131.6,1
2022-11-01 13:47:02,NIFTY22110318150CE,BUY,77.9,1
2022-11-01 13:47:02,NIFTY22110318150PE,BUY,103.15,1
2022-11-01 13:47:11,NIFTY22110318150CE,SELL,77.9,1
2022-11-01 13:47:11,NIFTY22110318150PE,SELL,103.45,1
2022-11-01 13:47:11,NIFTY22110318200CE,BUY,55.95,1
2022-11-01 13:47:11,NIFTY22110318200PE,BUY,131.9,1
2022-11-01 13:47:12,NIFTY22110318200CE,SELL,56.1,1
2022-11-01 13:47:12,NIFTY22110318200PE,SELL,131.7,1
2022-11-01 13:47:12,NIFTY22110318150CE,BUY,77.95,1
2022-11-01 13:47:12,NIFTY22110318150PE,BUY,103.2,1
2022-11-01 13:47:55,NIFTY22110318150CE,SELL,77.8,1
2022-11-01 13:47:55,NIFTY22110318150PE,SELL,103.05,1
2022-11-01 13:47:55,NIFTY22110318200CE,BUY,55.8,1
2022-11-01 13:47:55,NIFTY22110318200PE,BUY,131.7,1
2022-11-01 13:47:56,NIFTY22110318200CE,SELL,55.85,1
2022-11-01 13:47:56,NIFTY22110318200PE,SELL,131.7,1
2022-11-01 13:47:56,NIFTY22110318150CE,BUY,77.8,1
2022-11-01 13:47:56,NIFTY22110318150PE,BUY,103.05,1
2022-11-01 13:48:01,NIFTY22110318150CE,SELL,78.05,1
2022-11-01 13:48:01,NIFTY22110318150PE,SELL,103.05,1
2022-11-01 13:48:01,NIFTY22110318200CE,BUY,56.1,1
2022-11-01 13:48:01,NIFTY22110318200PE,BUY,131.55,1
2022-11-01 13:55:44,NIFTY22110318200CE,SELL,58.0,1
2022-11-01 13:55:44,NIFTY22110318200PE,SELL,130.25,1
2022-11-01 13:55:44,NIFTY22110318150CE,BUY,79.9,1
2022-11-01 13:55:44,NIFTY22110318150PE,BUY,102.6,1
2022-11-01 13:55:51,NIFTY22110318150CE,SELL,79.15,1
2022-11-01 13:55:51,NIFTY22110318150PE,SELL,103.0,1
2022-11-01 13:55:51,NIFTY22110318200CE,BUY,57.45,1
2022-11-01 13:55:51,NIFTY22110318200PE,BUY,131.2,1
2022-11-01 13:55:52,NIFTY22110318200CE,SELL,57.4,1
2022-11-01 13:55:52,NIFTY22110318200PE,SELL,130.85,1
2022-11-01 13:55:52,NIFTY22110318150CE,BUY,79.1,1
2022-11-01 13:55:52,NIFTY22110318150PE,BUY,102.85,1
2022-11-01 13:56:16,NIFTY22110318150CE,SELL,78.7,1
2022-11-01 13:56:16,NIFTY22110318150PE,SELL,102.85,1
2022-11-01 13:56:16,NIFTY22110318200CE,BUY,57.0,1
2022-11-01 13:56:16,NIFTY22110318200PE,BUY,131.25,1
2022-11-01 13:56:17,NIFTY22110318200CE,SELL,56.8,1
2022-11-01 13:56:17,NIFTY22110318200PE,SELL,131.25,1
2022-11-01 13:56:17,NIFTY22110318150CE,BUY,78.45,1
2022-11-01 13:56:17,NIFTY22110318150PE,BUY,102.85,1
2022-11-01 13:56:31,NIFTY22110318150CE,SELL,78.95,1
2022-11-01 13:56:31,NIFTY22110318150PE,SELL,103.15,1
2022-11-01 13:56:31,NIFTY22110318200CE,BUY,57.15,1
2022-11-01 13:56:31,NIFTY22110318200PE,BUY,131.1,1
2022-11-01 13:56:32,NIFTY22110318200CE,SELL,57.35,1
2022-11-01 13:56:32,NIFTY22110318200PE,SELL,130.0,1
2022-11-01 13:56:32,NIFTY22110318150CE,BUY,79.2,1
2022-11-01 13:56:32,NIFTY22110318150PE,BUY,102.3,1
2022-11-01 13:56:33,NIFTY22110318150CE,SELL,79.35,1
2022-11-01 13:56:33,NIFTY22110318150PE,SELL,101.85,1
2022-11-01 13:56:33,NIFTY22110318200CE,BUY,57.7,1
2022-11-01 13:56:33,NIFTY22110318200PE,BUY,130.0,1
2022-11-01 13:56:37,NIFTY22110318200CE,SELL,57.7,1
2022-11-01 13:56:37,NIFTY22110318200PE,SELL,129.5,1
2022-11-01 13:56:37,NIFTY22110318150CE,BUY,79.85,1
2022-11-01 13:56:37,NIFTY22110318150PE,BUY,101.7,1
2022-11-01 13:56:39,NIFTY22110318150CE,SELL,79.6,1
2022-11-01 13:56:39,NIFTY22110318150PE,SELL,101.85,1
2022-11-01 13:56:39,NIFTY22110318200CE,BUY,57.65,1
2022-11-01 13:56:39,NIFTY22110318200PE,BUY,129.45,1
2022-11-01 13:56:41,NIFTY22110318200CE,SELL,57.6,1
2022-11-01 13:56:41,NIFTY22110318200PE,SELL,130.35,1
2022-11-01 13:56:41,NIFTY22110318150CE,BUY,79.5,1
2022-11-01 13:56:41,NIFTY22110318150PE,BUY,102.6,1
2022-11-01 13:56:42,NIFTY22110318150CE,SELL,79.45,1
2022-11-01 13:56:42,NIFTY22110318150PE,SELL,102.55,1
2022-11-01 13:56:42,NIFTY22110318200CE,BUY,57.55,1
2022-11-01 13:56:42,NIFTY22110318200PE,BUY,130.35,1
2022-11-01 13:56:43,NIFTY22110318200CE,SELL,57.35,1
2022-11-01 13:56:43,NIFTY22110318200PE,SELL,130.35,1
2022-11-01 13:56:43,NIFTY22110318150CE,BUY,79.15,1
2022-11-01 13:56:43,NIFTY22110318150PE,BUY,102.9,1
2022-11-01 13:56:46,NIFTY22110318150CE,SELL,79.0,1
2022-11-01 13:56:46,NIFTY22110318150PE,SELL,102.65,1
2022-11-01 13:56:46,NIFTY22110318200CE,BUY,57.4,1
2022-11-01 13:56:46,NIFTY22110318200PE,BUY,130.6,1
2022-11-01 13:56:47,NIFTY22110318200CE,SELL,57.65,1
2022-11-01 13:56:47,NIFTY22110318200PE,SELL,130.7,1
2022-11-01 13:56:47,NIFTY22110318150CE,BUY,79.45,1
2022-11-01 13:56:47,NIFTY22110318150PE,BUY,102.65,1
2022-11-01 13:56:49,NIFTY22110318150CE,SELL,79.3,1
2022-11-01 13:56:49,NIFTY22110318150PE,SELL,102.45,1
2022-11-01 13:56:49,NIFTY22110318200CE,BUY,57.6,1
2022-11-01 13:56:49,NIFTY22110318200PE,BUY,130.7,1
2022-11-01 13:56:50,NIFTY22110318200CE,SELL,57.45,1
2022-11-01 13:56:50,NIFTY22110318200PE,SELL,130.4,1
2022-11-01 13:56:50,NIFTY22110318150CE,BUY,79.45,1
2022-11-01 13:56:50,NIFTY22110318150PE,BUY,102.6,1
2022-11-01 13:56:52,NIFTY22110318150CE,SELL,79.45,1
2022-11-01 13:56:52,NIFTY22110318150PE,SELL,102.6,1
2022-11-01 13:56:52,NIFTY22110318200CE,BUY,57.6,1
2022-11-01 13:56:52,NIFTY22110318200PE,BUY,130.45,1
2022-11-01 13:56:55,NIFTY22110318200CE,SELL,57.7,1
2022-11-01 13:56:55,NIFTY22110318200PE,SELL,130.4,1
2022-11-01 13:56:55,NIFTY22110318150CE,BUY,79.6,1
2022-11-01 13:56:55,NIFTY22110318150PE,BUY,102.65,1
2022-11-01 13:56:56,NIFTY22110318150CE,SELL,79.15,1
2022-11-01 13:56:56,NIFTY22110318150PE,SELL,102.65,1
2022-11-01 13:56:56,NIFTY22110318200CE,BUY,57.3,1
2022-11-01 13:56:56,NIFTY22110318200PE,BUY,130.4,1
2022-11-01 13:56:58,NIFTY22110318200CE,SELL,57.3,1
2022-11-01 13:56:58,NIFTY22110318200PE,SELL,130.6,1
2022-11-01 13:56:58,NIFTY22110318150CE,BUY,79.1,1
2022-11-01 13:56:58,NIFTY22110318150PE,BUY,103.05,1
2022-11-01 13:57:00,NIFTY22110318150CE,SELL,78.9,1
2022-11-01 13:57:00,NIFTY22110318150PE,SELL,103.15,1
2022-11-01 13:57:00,NIFTY22110318200CE,BUY,57.2,1
2022-11-01 13:57:00,NIFTY22110318200PE,BUY,131.3,1
2022-11-01 13:57:02,NIFTY22110318200CE,SELL,56.4,1
2022-11-01 13:57:02,NIFTY22110318200PE,SELL,132.5,1
2022-11-01 13:57:02,NIFTY22110318150CE,BUY,78.2,1
2022-11-01 13:57:02,NIFTY22110318150PE,BUY,104.35,1
2022-11-01 13:57:10,NIFTY22110318150CE,SELL,78.55,1
2022-11-01 13:57:10,NIFTY22110318150PE,SELL,103.25,1
2022-11-01 13:57:10,NIFTY22110318200CE,BUY,56.75,1
2022-11-01 13:57:10,NIFTY22110318200PE,BUY,131.15,1
2022-11-01 13:57:26,NIFTY22110318200CE,SELL,57.05,1
2022-11-01 13:57:26,NIFTY22110318200PE,SELL,131.7,1
2022-11-01 13:57:26,NIFTY22110318150CE,BUY,78.7,1
2022-11-01 13:57:26,NIFTY22110318150PE,BUY,103.5,1
2022-11-01 13:57:27,NIFTY22110318150CE,SELL,78.65,1
2022-11-01 13:57:27,NIFTY22110318150PE,SELL,103.5,1
2022-11-01 13:57:27,NIFTY22110318200CE,BUY,56.7,1
2022-11-01 13:57:27,NIFTY22110318200PE,BUY,131.8,1
2022-11-01 13:57:28,NIFTY22110318200CE,SELL,56.85,1
2022-11-01 13:57:28,NIFTY22110318200PE,SELL,131.7,1
2022-11-01 13:57:28,NIFTY22110318150CE,BUY,78.65,1
2022-11-01 13:57:28,NIFTY22110318150PE,BUY,103.4,1
2022-11-01 13:57:57,NIFTY22110318150CE,SELL,80.05,1
2022-11-01 13:57:57,NIFTY22110318150PE,SELL,102.5,1
2022-11-01 13:57:57,NIFTY22110318200CE,BUY,57.95,1
2022-11-01 13:57:57,NIFTY22110318200PE,BUY,130.0,1
2022-11-01 13:58:23,NIFTY22110318200CE,SELL,56.65,1
2022-11-01 13:58:23,NIFTY22110318200PE,SELL,131.5,1
2022-11-01 13:58:23,NIFTY22110318150CE,BUY,78.35,1
2022-11-01 13:58:23,NIFTY22110318150PE,BUY,103.4,1
2022-11-01 13:58:26,NIFTY22110318150CE,SELL,78.8,1
2022-11-01 13:58:26,NIFTY22110318150PE,SELL,103.4,1
2022-11-01 13:58:26,NIFTY22110318200CE,BUY,57.0,1
2022-11-01 13:58:26,NIFTY22110318200PE,BUY,131.4,1
2022-11-01 13:58:32,NIFTY22110318200CE,SELL,56.85,1
2022-11-01 13:58:32,NIFTY22110318200PE,SELL,131.7,1
2022-11-01 13:58:32,NIFTY22110318150CE,BUY,78.8,1
2022-11-01 13:58:32,NIFTY22110318150PE,BUY,103.55,1
2022-11-01 13:59:28,BANKNIFTY22110341500CE,SELL,201.3,1
2022-11-01 13:59:28,BANKNIFTY22110341500PE,SELL,393.95,1
2022-11-01 13:59:28,BANKNIFTY22110341400CE,BUY,248.5,1
2022-11-01 13:59:28,BANKNIFTY22110341400PE,BUY,336.4,1
2022-11-01 13:59:39,BANKNIFTY22110341400CE,SELL,250.75,1
2022-11-01 13:59:39,BANKNIFTY22110341400PE,SELL,330.75,1
2022-11-01 13:59:39,BANKNIFTY22110341500CE,BUY,205.2,1
2022-11-01 13:59:39,BANKNIFTY22110341500PE,BUY,386.0,1
2022-11-01 13:59:59,BANKNIFTY22110341500CE,SELL,204.85,1
2022-11-01 13:59:59,BANKNIFTY22110341500PE,SELL,387.8,1
2022-11-01 13:59:59,BANKNIFTY22110341400CE,BUY,249.75,1
2022-11-01 13:59:59,BANKNIFTY22110341400PE,BUY,334.0,1
2022-11-01 14:00:09,BANKNIFTY22110341400CE,SELL,251.95,1
2022-11-01 14:00:09,BANKNIFTY22110341400PE,SELL,330.05,1
2022-11-01 14:00:09,BANKNIFTY22110341500CE,BUY,206.6,1
2022-11-01 14:00:09,BANKNIFTY22110341500PE,BUY,384.7,1
2022-11-01 14:00:18,BANKNIFTY22110341500CE,SELL,204.35,1
2022-11-01 14:00:18,BANKNIFTY22110341500PE,SELL,388.0,1
2022-11-01 14:00:18,BANKNIFTY22110341400CE,BUY,250.25,1
2022-11-01 14:00:18,BANKNIFTY22110341400PE,BUY,332.65,1
2022-11-01 14:00:21,BANKNIFTY22110341400CE,SELL,252.4,1
2022-11-01 14:00:21,BANKNIFTY22110341400PE,SELL,329.35,1
2022-11-01 14:00:21,BANKNIFTY22110341500CE,BUY,206.3,1
2022-11-01 14:00:21,BANKNIFTY22110341500PE,BUY,385.05,1
2022-11-01 14:00:28,BANKNIFTY22110341500CE,SELL,205.85,1
2022-11-01 14:00:28,BANKNIFTY22110341500PE,SELL,386.0,1
2022-11-01 14:00:28,BANKNIFTY22110341400CE,BUY,251.8,1
2022-11-01 14:00:28,BANKNIFTY22110341400PE,BUY,330.9,1
2022-11-01 14:00:29,BANKNIFTY22110341400CE,SELL,252.0,1
2022-11-01 14:00:29,BANKNIFTY22110341400PE,SELL,331.7,1
2022-11-01 14:00:29,BANKNIFTY22110341500CE,BUY,206.35,1
2022-11-01 14:00:29,BANKNIFTY22110341500PE,BUY,385.7,1
2022-11-01 14:00:46,BANKNIFTY22110341500CE,SELL,205.2,1
2022-11-01 14:00:46,BANKNIFTY22110341500PE,SELL,386.0,1
2022-11-01 14:00:46,BANKNIFTY22110341400CE,BUY,251.2,1
2022-11-01 14:00:46,BANKNIFTY22110341400PE,BUY,331.7,1
2022-11-01 14:00:47,BANKNIFTY22110341400CE,SELL,252.2,1
2022-11-01 14:00:47,BANKNIFTY22110341400PE,SELL,331.15,1
2022-11-01 14:00:47,BANKNIFTY22110341500CE,BUY,206.2,1
2022-11-01 14:00:47,BANKNIFTY22110341500PE,BUY,386.7,1
2022-11-01 14:16:11,NIFTY22110318150CE,SELL,80.1,1
2022-11-01 14:16:11,NIFTY22110318150PE,SELL,101.55,1
2022-11-01 14:16:11,NIFTY22110318200CE,BUY,57.7,1
2022-11-01 14:16:11,NIFTY22110318200PE,BUY,129.1,1
2022-11-01 14:20:36,NIFTY22110318200CE,SELL,56.5,1
2022-11-01 14:20:36,NIFTY22110318200PE,SELL,133.15,1
2022-11-01 14:20:36,NIFTY22110318150CE,BUY,78.35,1
2022-11-01 14:20:36,NIFTY22110318150PE,BUY,104.75,1
2022-11-01 14:20:44,NIFTY22110318150CE,SELL,79.3,1
2022-11-01 14:20:44,NIFTY22110318150PE,SELL,103.35,1
2022-11-01 14:20:44,NIFTY22110318200CE,BUY,57.25,1
2022-11-01 14:20:44,NIFTY22110318200PE,BUY,131.3,1
2022-11-01 14:20:49,NIFTY22110318200CE,SELL,56.9,1
2022-11-01 14:20:49,NIFTY22110318200PE,SELL,132.05,1
2022-11-01 14:20:49,NIFTY22110318150CE,BUY,78.9,1
2022-11-01 14:20:49,NIFTY22110318150PE,BUY,104.05,1
2022-11-01 14:20:59,NIFTY22110318150CE,SELL,79.75,1
2022-11-01 14:20:59,NIFTY22110318150PE,SELL,102.7,1
2022-11-01 14:20:59,NIFTY22110318200CE,BUY,57.5,1
2022-11-01 14:20:59,NIFTY22110318200PE,BUY,130.45,1
2022-11-01 14:21:23,NIFTY22110318200CE,SELL,56.55,1
2022-11-01 14:21:23,NIFTY22110318200PE,SELL,132.75,1
2022-11-01 14:21:23,NIFTY22110318150CE,BUY,78.55,1
2022-11-01 14:21:23,NIFTY22110318150PE,BUY,104.8,1
2022-11-01 14:21:25,NIFTY22110318150CE,SELL,78.8,1
2022-11-01 14:21:25,NIFTY22110318150PE,SELL,104.8,1
2022-11-01 14:21:25,NIFTY22110318200CE,BUY,56.95,1
2022-11-01 14:21:25,NIFTY22110318200PE,BUY,133.0,1
2022-11-01 14:21:27,NIFTY22110318200CE,SELL,56.65,1
2022-11-01 14:21:27,NIFTY22110318200PE,SELL,133.1,1
2022-11-01 14:21:27,NIFTY22110318150CE,BUY,78.45,1
2022-11-01 14:21:27,NIFTY22110318150PE,BUY,104.8,1
2022-11-01 14:21:31,NIFTY22110318150CE,SELL,78.8,1
2022-11-01 14:21:31,NIFTY22110318150PE,SELL,104.55,1
2022-11-01 14:21:31,NIFTY22110318200CE,BUY,56.75,1
2022-11-01 14:21:31,NIFTY22110318200PE,BUY,132.2,1
2022-11-01 14:22:12,NIFTY22110318200CE,SELL,56.95,1
2022-11-01 14:22:12,NIFTY22110318200PE,SELL,132.7,1
2022-11-01 14:22:12,NIFTY22110318150CE,BUY,78.95,1
2022-11-01 14:22:12,NIFTY22110318150PE,BUY,104.35,1
2022-11-01 14:22:14,NIFTY22110318150CE,SELL,79.25,1
2022-11-01 14:22:14,NIFTY22110318150PE,SELL,103.85,1
2022-11-01 14:22:14,NIFTY22110318200CE,BUY,57.2,1
2022-11-01 14:22:14,NIFTY22110318200PE,BUY,131.85,1
2022-11-01 14:22:24,NIFTY22110318200CE,SELL,57.4,1
2022-11-01 14:22:24,NIFTY22110318200PE,SELL,132.0,1
2022-11-01 14:22:24,NIFTY22110318150CE,BUY,79.35,1
2022-11-01 14:22:24,NIFTY22110318150PE,BUY,104.4,1
2022-11-01 14:22:26,NIFTY22110318150CE,SELL,79.7,1
2022-11-01 14:22:26,NIFTY22110318150PE,SELL,104.1,1
2022-11-01 14:22:26,NIFTY22110318200CE,BUY,57.6,1
2022-11-01 14:22:26,NIFTY22110318200PE,BUY,131.95,1
2022-11-01 14:22:39,NIFTY22110318200CE,SELL,56.95,1
2022-11-01 14:22:39,NIFTY22110318200PE,SELL,133.1,1
2022-11-01 14:22:39,NIFTY22110318150CE,BUY,78.95,1
2022-11-01 14:22:39,NIFTY22110318150PE,BUY,104.9,1
2022-11-01 14:22:48,NIFTY22110318150CE,SELL,79.45,1
2022-11-01 14:22:48,NIFTY22110318150PE,SELL,103.6,1
2022-11-01 14:22:48,NIFTY22110318200CE,BUY,57.45,1
2022-11-01 14:22:48,NIFTY22110318200PE,BUY,131.55,1
2022-11-01 14:24:29,NIFTY22110318200CE,SELL,57.05,1
2022-11-01 14:24:29,NIFTY22110318200PE,SELL,132.55,1
2022-11-01 14:24:29,NIFTY22110318150CE,BUY,79.0,1
2022-11-01 14:24:29,NIFTY22110318150PE,BUY,104.55,1
2022-11-01 14:24:32,NIFTY22110318150CE,SELL,78.85,1
2022-11-01 14:24:32,NIFTY22110318150PE,SELL,104.45,1
2022-11-01 14:24:32,NIFTY22110318200CE,BUY,57.05,1
2022-11-01 14:24:32,NIFTY22110318200PE,BUY,132.8,1
2022-11-01 14:24:34,NIFTY22110318200CE,SELL,56.85,1
2022-11-01 14:24:34,NIFTY22110318200PE,SELL,133.0,1
2022-11-01 14:24:34,NIFTY22110318150CE,BUY,78.75,1
2022-11-01 14:24:34,NIFTY22110318150PE,BUY,104.8,1
2022-11-01 14:25:51,NIFTY22110318150CE,SELL,78.85,1
2022-11-01 14:25:51,NIFTY22110318150PE,SELL,104.2,1
2022-11-01 14:25:51,NIFTY22110318200CE,BUY,57.0,1
2022-11-01 14:25:51,NIFTY22110318200PE,BUY,132.25,1
2022-11-01 14:25:52,NIFTY22110318200CE,SELL,56.9,1
2022-11-01 14:25:52,NIFTY22110318200PE,SELL,132.4,1
2022-11-01 14:25:52,NIFTY22110318150CE,BUY,78.7,1
2022-11-01 14:25:52,NIFTY22110318150PE,BUY,104.45,1
2022-11-01 14:25:54,NIFTY22110318150CE,SELL,78.9,1
2022-11-01 14:25:54,NIFTY22110318150PE,SELL,104.3,1
2022-11-01 14:25:54,NIFTY22110318200CE,BUY,56.9,1
2022-11-01 14:25:54,NIFTY22110318200PE,BUY,132.1,1
2022-11-01 14:25:57,NIFTY22110318200CE,SELL,56.75,1
2022-11-01 14:25:57,NIFTY22110318200PE,SELL,133.4,1
2022-11-01 14:25:57,NIFTY22110318150CE,BUY,78.4,1
2022-11-01 14:25:57,NIFTY22110318150PE,BUY,105.25,1
2022-11-01 14:30:00,BANKNIFTY22110341500CE,SELL,207.6,1
2022-11-01 14:30:00,BANKNIFTY22110341500PE,SELL,390.95,1
2022-11-01 14:30:00,BANKNIFTY22110341400CE,BUY,252.95,1
2022-11-01 14:30:00,BANKNIFTY22110341400PE,BUY,334.05,1
2022-11-01 14:30:03,BANKNIFTY22110341400CE,SELL,256.2,1
2022-11-01 14:30:03,BANKNIFTY22110341400PE,SELL,332.8,1
2022-11-01 14:30:03,BANKNIFTY22110341500CE,BUY,210.0,1
2022-11-01 14:30:03,BANKNIFTY22110341500PE,BUY,389.1,1
2022-11-01 14:30:46,NIFTY22110318150CE,SELL,78.7,1
2022-11-01 14:30:46,NIFTY22110318150PE,SELL,104.05,1
2022-11-01 14:30:46,NIFTY22110318200CE,BUY,56.8,1
2022-11-01 14:30:46,NIFTY22110318200PE,BUY,132.05,1
2022-11-01 14:31:09,NIFTY22110318200CE,SELL,57.1,1
2022-11-01 14:31:09,NIFTY22110318200PE,SELL,131.7,1
2022-11-01 14:31:09,NIFTY22110318150CE,BUY,79.05,1
2022-11-01 14:31:09,NIFTY22110318150PE,BUY,104.2,1
2022-11-01 14:31:17,NIFTY22110318150CE,SELL,79.25,1
2022-11-01 14:31:17,NIFTY22110318150PE,SELL,103.95,1
2022-11-01 14:31:17,NIFTY22110318200CE,BUY,57.3,1
2022-11-01 14:31:17,NIFTY22110318200PE,BUY,132.0,1
2022-11-01 14:31:19,NIFTY22110318200CE,SELL,56.85,1
2022-11-01 14:31:19,NIFTY22110318200PE,SELL,133.0,1
2022-11-01 14:31:19,NIFTY22110318150CE,BUY,78.95,1
2022-11-01 14:31:19,NIFTY22110318150PE,BUY,104.9,1
2022-11-01 14:35:43,NIFTY22110318150CE,SELL,79.05,1
2022-11-01 14:35:43,NIFTY22110318150PE,SELL,103.6,1
2022-11-01 14:35:43,NIFTY22110318200CE,BUY,57.05,1
2022-11-01 14:35:43,NIFTY22110318200PE,BUY,131.3,1
2022-11-01 14:36:34,NIFTY22110318200CE,SELL,57.55,1
2022-11-01 14:36:34,NIFTY22110318200PE,SELL,131.3,1
2022-11-01 14:36:34,NIFTY22110318150CE,BUY,79.65,1
2022-11-01 14:36:34,NIFTY22110318150PE,BUY,103.6,1
2022-11-01 14:36:35,NIFTY22110318150CE,SELL,79.75,1
2022-11-01 14:36:35,NIFTY22110318150PE,SELL,103.6,1
2022-11-01 14:36:35,NIFTY22110318200CE,BUY,57.55,1
2022-11-01 14:36:35,NIFTY22110318200PE,BUY,131.3,1
2022-11-01 14:37:21,NIFTY22110318200CE,SELL,56.75,1
2022-11-01 14:37:21,NIFTY22110318200PE,SELL,132.7,1
2022-11-01 14:37:21,NIFTY22110318150CE,BUY,78.55,1
2022-11-01 14:37:21,NIFTY22110318150PE,BUY,105.05,1
2022-11-01 14:37:43,NIFTY22110318150CE,SELL,78.95,1
2022-11-01 14:37:43,NIFTY22110318150PE,SELL,104.0,1
2022-11-01 14:37:43,NIFTY22110318200CE,BUY,57.0,1
2022-11-01 14:37:43,NIFTY22110318200PE,BUY,132.15,1
2022-11-01 14:37:44,NIFTY22110318200CE,SELL,57.0,1
2022-11-01 14:37:44,NIFTY22110318200PE,SELL,132.7,1
2022-11-01 14:37:44,NIFTY22110318150CE,BUY,78.9,1
2022-11-01 14:37:44,NIFTY22110318150PE,BUY,104.2,1
2022-11-01 14:37:46,NIFTY22110318150CE,SELL,78.55,1
2022-11-01 14:37:46,NIFTY22110318150PE,SELL,104.65,1
2022-11-01 14:37:46,NIFTY22110318200CE,BUY,56.7,1
2022-11-01 14:37:46,NIFTY22110318200PE,BUY,133.0,1
2022-11-01 14:37:57,NIFTY22110318200CE,SELL,56.65,1
2022-11-01 14:37:57,NIFTY22110318200PE,SELL,133.45,1
2022-11-01 14:37:57,NIFTY22110318150CE,BUY,78.4,1
2022-11-01 14:37:57,NIFTY22110318150PE,BUY,105.15,1
2022-11-01 14:40:00,BANKNIFTY22110341500CE,SELL,205.5,1
2022-11-01 14:40:00,BANKNIFTY22110341500PE,SELL,390.2,1
2022-11-01 14:40:00,BANKNIFTY22110341400CE,BUY,250.45,1
2022-11-01 14:40:00,BANKNIFTY22110341400PE,BUY,336.6,1
2022-11-01 14:40:07,BANKNIFTY22110341400CE,SELL,251.75,1
2022-11-01 14:40:07,BANKNIFTY22110341400PE,SELL,334.95,1
2022-11-01 14:40:07,BANKNIFTY22110341500CE,BUY,206.35,1
2022-11-01 14:40:07,BANKNIFTY22110341500PE,BUY,392.0,1
2022-11-01 14:40:08,BANKNIFTY22110341500CE,SELL,206.4,1
2022-11-01 14:40:08,BANKNIFTY22110341500PE,SELL,392.95,1
2022-11-01 14:40:08,BANKNIFTY22110341400CE,BUY,252.35,1
2022-11-01 14:40:08,BANKNIFTY22110341400PE,BUY,336.05,1
2022-11-01 14:40:12,BANKNIFTY22110341400CE,SELL,252.45,1
2022-11-01 14:40:12,BANKNIFTY22110341400PE,SELL,335.35,1
2022-11-01 14:40:12,BANKNIFTY22110341500CE,BUY,206.5,1
2022-11-01 14:40:12,BANKNIFTY22110341500PE,BUY,391.9,1
2022-11-01 14:40:13,BANKNIFTY22110341500CE,SELL,208.6,1
2022-11-01 14:40:13,BANKNIFTY22110341500PE,SELL,392.0,1
2022-11-01 14:40:13,BANKNIFTY22110341400CE,BUY,252.45,1
2022-11-01 14:40:13,BANKNIFTY22110341400PE,BUY,335.5,1
2022-11-01 14:40:15,BANKNIFTY22110341400CE,SELL,254.7,1
2022-11-01 14:40:15,BANKNIFTY22110341400PE,SELL,332.15,1
2022-11-01 14:40:15,BANKNIFTY22110341500CE,BUY,208.6,1
2022-11-01 14:40:15,BANKNIFTY22110341500PE,BUY,388.0,1
2022-11-01 14:40:54,NIFTY22110318150CE,SELL,79.15,1
2022-11-01 14:40:54,NIFTY22110318150PE,SELL,104.0,1
2022-11-01 14:40:54,NIFTY22110318200CE,BUY,57.35,1
2022-11-01 14:40:54,NIFTY22110318200PE,BUY,132.15,1
2022-11-01 14:41:09,NIFTY22110318200CE,SELL,57.25,1
2022-11-01 14:41:09,NIFTY22110318200PE,SELL,132.15,1
2022-11-01 14:41:09,NIFTY22110318150CE,BUY,79.1,1
2022-11-01 14:41:09,NIFTY22110318150PE,BUY,104.05,1
2022-11-01 14:41:10,NIFTY22110318150CE,SELL,78.7,1
2022-11-01 14:41:10,NIFTY22110318150PE,SELL,104.7,1
2022-11-01 14:41:10,NIFTY22110318200CE,BUY,56.85,1
2022-11-01 14:41:10,NIFTY22110318200PE,BUY,132.3,1
2022-11-01 14:43:06,BANKNIFTY22110341500CE,SELL,206.35,1
2022-11-01 14:43:06,BANKNIFTY22110341500PE,SELL,392.5,1
2022-11-01 14:43:06,BANKNIFTY22110341400CE,BUY,251.5,1
2022-11-01 14:43:06,BANKNIFTY22110341400PE,BUY,335.75,1
2022-11-01 14:43:08,BANKNIFTY22110341400CE,SELL,252.1,1
2022-11-01 14:43:08,BANKNIFTY22110341400PE,SELL,334.95,1
2022-11-01 14:43:08,BANKNIFTY22110341500CE,BUY,206.8,1
2022-11-01 14:43:08,BANKNIFTY22110341500PE,BUY,391.45,1
2022-11-01 14:43:11,BANKNIFTY22110341500CE,SELL,206.0,1
2022-11-01 14:43:11,BANKNIFTY22110341500PE,SELL,389.4,1
2022-11-01 14:43:11,BANKNIFTY22110341400CE,BUY,251.5,1
2022-11-01 14:43:11,BANKNIFTY22110341400PE,BUY,333.5,1
2022-11-01 14:43:14,BANKNIFTY22110341400CE,SELL,253.9,1
2022-11-01 14:43:14,BANKNIFTY22110341400PE,SELL,332.75,1
2022-11-01 14:43:14,BANKNIFTY22110341500CE,BUY,208.8,1
2022-11-01 14:43:14,BANKNIFTY22110341500PE,BUY,387.35,1
2022-11-01 14:48:42,BANKNIFTY22110341500CE,SELL,245.3,1
2022-11-01 14:48:42,BANKNIFTY22110341500PE,SELL,320.25,1
2022-11-01 14:48:42,BANKNIFTY22110341600CE,BUY,201.3,1
2022-11-01 14:48:42,BANKNIFTY22110341600PE,BUY,377.6,1
2022-11-01 14:49:42,BANKNIFTY22110341600CE,SELL,196.75,1
2022-11-01 14:49:42,BANKNIFTY22110341600PE,SELL,384.35,1
2022-11-01 14:49:42,BANKNIFTY22110341500CE,BUY,240.25,1
2022-11-01 14:49:42,BANKNIFTY22110341500PE,BUY,326.6,1
2022-11-01 14:49:45,BANKNIFTY22110341500CE,SELL,242.3,1
2022-11-01 14:49:45,BANKNIFTY22110341500PE,SELL,325.7,1
2022-11-01 14:49:45,BANKNIFTY22110341600CE,BUY,197.8,1
2022-11-01 14:49:45,BANKNIFTY22110341600PE,BUY,380.15,1
2022-11-01 14:49:51,BANKNIFTY22110341600CE,SELL,199.15,1
2022-11-01 14:49:51,BANKNIFTY22110341600PE,SELL,380.15,1
2022-11-01 14:49:51,BANKNIFTY22110341500CE,BUY,241.65,1
2022-11-01 14:49:51,BANKNIFTY22110341500PE,BUY,325.0,1
2022-11-01 14:49:53,BANKNIFTY22110341500CE,SELL,243.0,1
2022-11-01 14:49:53,BANKNIFTY22110341500PE,SELL,322.4,1
2022-11-01 14:49:53,BANKNIFTY22110341600CE,BUY,199.55,1
2022-11-01 14:49:53,BANKNIFTY22110341600PE,BUY,378.5,1
2022-11-01 14:50:19,BANKNIFTY22110341600CE,SELL,198.25,1
2022-11-01 14:50:19,BANKNIFTY22110341600PE,SELL,384.35,1
2022-11-01 14:50:19,BANKNIFTY22110341500CE,BUY,241.35,1
2022-11-01 14:50:19,BANKNIFTY22110341500PE,BUY,328.55,1
2022-11-01 14:50:25,BANKNIFTY22110341500CE,SELL,241.8,1
2022-11-01 14:50:25,BANKNIFTY22110341500PE,SELL,326.15,1
2022-11-01 14:50:25,BANKNIFTY22110341600CE,BUY,199.8,1
2022-11-01 14:50:25,BANKNIFTY22110341600PE,BUY,381.9,1
2022-11-01 14:51:04,BANKNIFTY22110341600CE,SELL,193.5,1
2022-11-01 14:51:04,BANKNIFTY22110341600PE,SELL,389.2,1
2022-11-01 14:51:04,BANKNIFTY22110341500CE,BUY,235.75,1
2022-11-01 14:51:04,BANKNIFTY22110341500PE,BUY,332.0,1
2022-11-01 14:56:22,BANKNIFTY22110341500CE,SELL,200.6,1
2022-11-01 14:56:22,BANKNIFTY22110341500PE,SELL,391.05,1
2022-11-01 14:56:22,BANKNIFTY22110341400CE,BUY,244.8,1
2022-11-01 14:56:22,BANKNIFTY22110341400PE,BUY,336.15,1
2022-11-01 14:57:11,NIFTY22110318200CE,SELL,52.25,1
2022-11-01 14:57:11,NIFTY22110318200PE,SELL,134.1,1
2022-11-01 14:57:11,NIFTY22110318150CE,BUY,73.5,1
2022-11-01 14:57:11,NIFTY22110318150PE,BUY,105.2,1
2022-11-01 14:57:12,NIFTY22110318150CE,SELL,73.3,1
2022-11-01 14:57:12,NIFTY22110318150PE,SELL,106.4,1
2022-11-01 14:57:12,NIFTY22110318200CE,BUY,52.1,1
2022-11-01 14:57:12,NIFTY22110318200PE,BUY,134.7,1
2022-11-01 14:57:14,NIFTY22110318200CE,SELL,52.2,1
2022-11-01 14:57:14,NIFTY22110318200PE,SELL,134.65,1
2022-11-01 14:57:14,NIFTY22110318150CE,BUY,73.25,1
2022-11-01 14:57:14,NIFTY22110318150PE,BUY,106.2,1
2022-11-01 14:57:32,BANKNIFTY22110341400CE,SELL,195.1,1
2022-11-01 14:57:32,BANKNIFTY22110341400PE,SELL,394.0,1
2022-11-01 14:57:32,BANKNIFTY22110341300CE,BUY,243.95,1
2022-11-01 14:57:32,BANKNIFTY22110341300PE,BUY,335.0,1
2022-11-01 14:57:33,BANKNIFTY22110341300CE,SELL,252.9,1
2022-11-01 14:57:33,BANKNIFTY22110341300PE,SELL,325.0,1
2022-11-01 14:57:33,BANKNIFTY22110341400CE,BUY,207.75,1
2022-11-01 14:57:33,BANKNIFTY22110341400PE,BUY,381.1,1
2022-11-01 14:57:50,NIFTY22110318150CE,SELL,73.75,1
2022-11-01 14:57:50,NIFTY22110318150PE,SELL,105.7,1
2022-11-01 14:57:50,NIFTY22110318200CE,BUY,52.5,1
2022-11-01 14:57:50,NIFTY22110318200PE,BUY,134.4,1
2022-11-01 14:57:52,NIFTY22110318200CE,SELL,52.05,1
2022-11-01 14:57:52,NIFTY22110318200PE,SELL,134.35,1
2022-11-01 14:57:52,NIFTY22110318150CE,BUY,73.3,1
2022-11-01 14:57:52,NIFTY22110318150PE,BUY,106.3,1
2022-11-01 14:58:00,NIFTY22110318150CE,SELL,74.25,1
2022-11-01 14:58:00,NIFTY22110318150PE,SELL,105.55,1
2022-11-01 14:58:00,NIFTY22110318200CE,BUY,52.85,1
2022-11-01 14:58:00,NIFTY22110318200PE,BUY,133.5,1
2022-11-01 14:58:01,NIFTY22110318200CE,SELL,52.9,1
2022-11-01 14:58:01,NIFTY22110318200PE,SELL,134.75,1
2022-11-01 14:58:01,NIFTY22110318150CE,BUY,74.3,1
2022-11-01 14:58:01,NIFTY22110318150PE,BUY,106.55,1
2022-11-01 14:58:05,NIFTY22110318150CE,SELL,73.0,1
2022-11-01 14:58:05,NIFTY22110318150PE,SELL,107.25,1
2022-11-01 14:58:05,NIFTY22110318200CE,BUY,51.9,1
2022-11-01 14:58:05,NIFTY22110318200PE,BUY,136.3,1
2022-11-01 14:58:06,NIFTY22110318200CE,SELL,51.5,1
2022-11-01 14:58:06,NIFTY22110318200PE,SELL,136.6,1
2022-11-01 14:58:06,NIFTY22110318150CE,BUY,72.55,1
2022-11-01 14:58:06,NIFTY22110318150PE,BUY,108.1,1
2022-11-01 14:59:30,NIFTY22110318150CE,SELL,74.0,1
2022-11-01 14:59:30,NIFTY22110318150PE,SELL,106.75,1
2022-11-01 14:59:30,NIFTY22110318200CE,BUY,52.6,1
2022-11-01 14:59:30,NIFTY22110318200PE,BUY,135.5,1
2022-11-01 15:00:16,NIFTY22110318200CE,SELL,52.95,1
2022-11-01 15:00:16,NIFTY22110318200PE,SELL,135.35,1
2022-11-01 15:00:16,NIFTY22110318150CE,BUY,74.1,1
2022-11-01 15:00:16,NIFTY22110318150PE,BUY,106.8,1
2022-11-01 15:00:17,NIFTY22110318150CE,SELL,74.7,1
2022-11-01 15:00:17,NIFTY22110318150PE,SELL,106.1,1
2022-11-01 15:00:17,NIFTY22110318200CE,BUY,53.3,1
2022-11-01 15:00:17,NIFTY22110318200PE,BUY,134.3,1
2022-11-01 15:01:35,BANKNIFTY22110341400CE,SELL,247.75,1
2022-11-01 15:01:35,BANKNIFTY22110341400PE,SELL,323.15,1
2022-11-01 15:01:35,BANKNIFTY22110341500CE,BUY,203.0,1
2022-11-01 15:01:35,BANKNIFTY22110341500PE,BUY,379.25,1
2022-11-01 15:02:03,BANKNIFTY22110341500CE,SELL,198.5,1
2022-11-01 15:02:03,BANKNIFTY22110341500PE,SELL,387.1,1
2022-11-01 15:02:03,BANKNIFTY22110341400CE,BUY,242.5,1
2022-11-01 15:02:03,BANKNIFTY22110341400PE,BUY,328.5,1
2022-11-01 15:02:05,BANKNIFTY22110341400CE,SELL,246.15,1
2022-11-01 15:02:05,BANKNIFTY22110341400PE,SELL,323.8,1
2022-11-01 15:02:05,BANKNIFTY22110341500CE,BUY,201.15,1
2022-11-01 15:02:05,BANKNIFTY22110341500PE,BUY,384.0,1
2022-11-01 15:03:17,BANKNIFTY22110341500CE,SELL,200.1,1
2022-11-01 15:03:17,BANKNIFTY22110341500PE,SELL,386.05,1
2022-11-01 15:03:17,BANKNIFTY22110341400CE,BUY,244.75,1
2022-11-01 15:03:17,BANKNIFTY22110341400PE,BUY,329.9,1
2022-11-01 15:03:18,BANKNIFTY22110341400CE,SELL,245.55,1
2022-11-01 15:03:18,BANKNIFTY22110341400PE,SELL,329.0,1
2022-11-01 15:03:18,BANKNIFTY22110341500CE,BUY,200.6,1
2022-11-01 15:03:18,BANKNIFTY22110341500PE,BUY,386.45,1
2022-11-01 15:03:20,BANKNIFTY22110341500CE,SELL,202.4,1
2022-11-01 15:03:20,BANKNIFTY22110341500PE,SELL,383.35,1
2022-11-01 15:03:20,BANKNIFTY22110341400CE,BUY,246.65,1
2022-11-01 15:03:20,BANKNIFTY22110341400PE,BUY,327.8,1
2022-11-01 15:03:35,BANKNIFTY22110341400CE,SELL,248.7,1
2022-11-01 15:03:35,BANKNIFTY22110341400PE,SELL,324.85,1
2022-11-01 15:03:35,BANKNIFTY22110341500CE,BUY,204.05,1
2022-11-01 15:03:35,BANKNIFTY22110341500PE,BUY,382.8,1
2022-11-01 15:04:14,BANKNIFTY22110341500CE,SELL,202.5,1
2022-11-01 15:04:14,BANKNIFTY22110341500PE,SELL,383.0,1
2022-11-01 15:04:14,BANKNIFTY22110341400CE,BUY,247.3,1
2022-11-01 15:04:14,BANKNIFTY22110341400PE,BUY,325.9,1
2022-11-01 15:04:16,BANKNIFTY22110341400CE,SELL,248.55,1
2022-11-01 15:04:16,BANKNIFTY22110341400PE,SELL,325.65,1
2022-11-01 15:04:16,BANKNIFTY22110341500CE,BUY,203.35,1
2022-11-01 15:04:16,BANKNIFTY22110341500PE,BUY,381.8,1
2022-11-01 15:04:21,BANKNIFTY22110341500CE,SELL,202.5,1
2022-11-01 15:04:21,BANKNIFTY22110341500PE,SELL,383.4,1
2022-11-01 15:04:21,BANKNIFTY22110341400CE,BUY,246.95,1
2022-11-01 15:04:21,BANKNIFTY22110341400PE,BUY,327.05,1
2022-11-01 15:04:24,BANKNIFTY22110341400CE,SELL,247.5,1
2022-11-01 15:04:24,BANKNIFTY22110341400PE,SELL,327.0,1
2022-11-01 15:04:24,BANKNIFTY22110341500CE,BUY,200.65,1
2022-11-01 15:04:24,BANKNIFTY22110341500PE,BUY,384.1,1
2022-11-01 15:04:39,BANKNIFTY22110341500CE,SELL,202.05,1
2022-11-01 15:04:39,BANKNIFTY22110341500PE,SELL,383.0,1
2022-11-01 15:04:39,BANKNIFTY22110341400CE,BUY,248.1,1
2022-11-01 15:04:39,BANKNIFTY22110341400PE,BUY,326.8,1
2022-11-01 15:04:41,BANKNIFTY22110341400CE,SELL,246.0,1
2022-11-01 15:04:41,BANKNIFTY22110341400PE,SELL,326.45,1
2022-11-01 15:04:41,BANKNIFTY22110341500CE,BUY,202.4,1
2022-11-01 15:04:41,BANKNIFTY22110341500PE,BUY,382.35,1
2022-11-01 15:04:52,BANKNIFTY22110341500CE,SELL,200.7,1
2022-11-01 15:04:52,BANKNIFTY22110341500PE,SELL,384.45,1
2022-11-01 15:04:52,BANKNIFTY22110341400CE,BUY,245.3,1
2022-11-01 15:04:52,BANKNIFTY22110341400PE,BUY,327.7,1
2022-11-01 15:04:56,BANKNIFTY22110341400CE,SELL,247.35,1
2022-11-01 15:04:56,BANKNIFTY22110341400PE,SELL,325.3,1
2022-11-01 15:04:56,BANKNIFTY22110341500CE,BUY,202.1,1
2022-11-01 15:04:56,BANKNIFTY22110341500PE,BUY,381.6,1
2022-11-01 15:04:59,BANKNIFTY22110341500CE,SELL,203.15,1
2022-11-01 15:04:59,BANKNIFTY22110341500PE,SELL,381.7,1
2022-11-01 15:04:59,BANKNIFTY22110341400CE,BUY,247.65,1
2022-11-01 15:04:59,BANKNIFTY22110341400PE,BUY,325.7,1
2022-11-01 15:05:00,BANKNIFTY22110341400CE,SELL,250.0,1
2022-11-01 15:05:00,BANKNIFTY22110341400PE,SELL,324.0,1
2022-11-01 15:05:00,BANKNIFTY22110341500CE,BUY,204.4,1
2022-11-01 15:05:00,BANKNIFTY22110341500PE,BUY,380.3,1
2022-11-01 15:05:15,BANKNIFTY22110341500CE,SELL,204.1,1
2022-11-01 15:05:15,BANKNIFTY22110341500PE,SELL,381.75,1
2022-11-01 15:05:15,BANKNIFTY22110341400CE,BUY,248.4,1
2022-11-01 15:05:15,BANKNIFTY22110341400PE,BUY,326.1,1
2022-11-01 15:05:16,BANKNIFTY22110341400CE,SELL,249.3,1
2022-11-01 15:05:16,BANKNIFTY22110341400PE,SELL,326.4,1
2022-11-01 15:05:16,BANKNIFTY22110341500CE,BUY,203.0,1
2022-11-01 15:05:16,BANKNIFTY22110341500PE,BUY,382.4,1
2022-11-01 15:05:26,BANKNIFTY22110341500CE,SELL,201.7,1
2022-11-01 15:05:26,BANKNIFTY22110341500PE,SELL,383.0,1
2022-11-01 15:05:26,BANKNIFTY22110341400CE,BUY,247.0,1
2022-11-01 15:05:26,BANKNIFTY22110341400PE,BUY,327.1,1
2022-11-01 15:05:29,BANKNIFTY22110341400CE,SELL,248.5,1
2022-11-01 15:05:29,BANKNIFTY22110341400PE,SELL,325.85,1
2022-11-01 15:05:29,BANKNIFTY22110341500CE,BUY,203.25,1
2022-11-01 15:05:29,BANKNIFTY22110341500PE,BUY,382.0,1
2022-11-01 15:06:11,BANKNIFTY22110341500CE,SELL,201.3,1
2022-11-01 15:06:11,BANKNIFTY22110341500PE,SELL,383.9,1
2022-11-01 15:06:11,BANKNIFTY22110341400CE,BUY,246.15,1
2022-11-01 15:06:11,BANKNIFTY22110341400PE,BUY,327.1,1
2022-11-01 15:07:27,BANKNIFTY22110341400CE,SELL,246.05,1
2022-11-01 15:07:27,BANKNIFTY22110341400PE,SELL,324.2,1
2022-11-01 15:07:27,BANKNIFTY22110341500CE,BUY,200.25,1
2022-11-01 15:07:27,BANKNIFTY22110341500PE,BUY,378.9,1
2022-11-01 15:07:30,BANKNIFTY22110341500CE,SELL,200.0,1
2022-11-01 15:07:30,BANKNIFTY22110341500PE,SELL,381.65,1
2022-11-01 15:07:30,BANKNIFTY22110341400CE,BUY,244.55,1
2022-11-01 15:07:30,BANKNIFTY22110341400PE,BUY,326.0,1
2022-11-01 15:07:35,BANKNIFTY22110341400CE,SELL,243.65,1
2022-11-01 15:07:35,BANKNIFTY22110341400PE,SELL,328.05,1
2022-11-01 15:07:35,BANKNIFTY22110341500CE,BUY,198.85,1
2022-11-01 15:07:35,BANKNIFTY22110341500PE,BUY,383.65,1
2022-11-01 15:07:36,BANKNIFTY22110341500CE,SELL,199.2,1
2022-11-01 15:07:36,BANKNIFTY22110341500PE,SELL,383.85,1
2022-11-01 15:07:36,BANKNIFTY22110341400CE,BUY,243.6,1
2022-11-01 15:07:36,BANKNIFTY22110341400PE,BUY,327.6,1
2022-11-01 15:07:41,BANKNIFTY22110341400CE,SELL,246.15,1
2022-11-01 15:07:41,BANKNIFTY22110341400PE,SELL,324.25,1
2022-11-01 15:07:41,BANKNIFTY22110341500CE,BUY,200.75,1
2022-11-01 15:07:41,BANKNIFTY22110341500PE,BUY,379.5,1
2022-11-01 15:07:43,BANKNIFTY22110341500CE,SELL,200.95,1
2022-11-01 15:07:43,BANKNIFTY22110341500PE,SELL,380.95,1
2022-11-01 15:07:43,BANKNIFTY22110341400CE,BUY,245.35,1
2022-11-01 15:07:43,BANKNIFTY22110341400PE,BUY,325.25,1
2022-11-01 15:07:44,BANKNIFTY22110341400CE,SELL,244.65,1
2022-11-01 15:07:44,BANKNIFTY22110341400PE,SELL,326.2,1
2022-11-01 15:07:44,BANKNIFTY22110341500CE,BUY,199.1,1
2022-11-01 15:07:44,BANKNIFTY22110341500PE,BUY,382.2,1
2022-11-01 15:07:54,BANKNIFTY22110341500CE,SELL,198.85,1
2022-11-01 15:07:54,BANKNIFTY22110341500PE,SELL,384.0,1
2022-11-01 15:07:54,BANKNIFTY22110341400CE,BUY,243.0,1
2022-11-01 15:07:54,BANKNIFTY22110341400PE,BUY,326.95,1
2022-11-01 15:08:07,BANKNIFTY22110341400CE,SELL,247.1,1
2022-11-01 15:08:07,BANKNIFTY22110341400PE,SELL,323.8,1
2022-11-01 15:08:07,BANKNIFTY22110341500CE,BUY,201.0,1
2022-11-01 15:08:07,BANKNIFTY22110341500PE,BUY,379.6,1
2022-11-01 15:08:08,BANKNIFTY22110341500CE,SELL,200.35,1
2022-11-01 15:08:08,BANKNIFTY22110341500PE,SELL,377.85,1
2022-11-01 15:08:08,BANKNIFTY22110341400CE,BUY,245.15,1
2022-11-01 15:08:08,BANKNIFTY22110341400PE,BUY,323.4,1
2022-11-01 15:08:10,BANKNIFTY22110341400CE,SELL,249.45,1
2022-11-01 15:08:10,BANKNIFTY22110341400PE,SELL,320.1,1
2022-11-01 15:08:10,BANKNIFTY22110341500CE,BUY,204.0,1
2022-11-01 15:08:10,BANKNIFTY22110341500PE,BUY,375.75,1
2022-11-01 15:08:23,BANKNIFTY22110341500CE,SELL,199.75,1
2022-11-01 15:08:23,BANKNIFTY22110341500PE,SELL,381.55,1
2022-11-01 15:08:23,BANKNIFTY22110341400CE,BUY,244.75,1
2022-11-01 15:08:23,BANKNIFTY22110341400PE,BUY,325.3,1
2022-11-01 15:08:25,BANKNIFTY22110341400CE,SELL,245.6,1
2022-11-01 15:08:25,BANKNIFTY22110341400PE,SELL,324.4,1
2022-11-01 15:08:25,BANKNIFTY22110341500CE,BUY,200.5,1
2022-11-01 15:08:25,BANKNIFTY22110341500PE,BUY,381.0,1
2022-11-01 15:08:26,BANKNIFTY22110341500CE,SELL,201.3,1
2022-11-01 15:08:26,BANKNIFTY22110341500PE,SELL,381.0,1
2022-11-01 15:08:26,BANKNIFTY22110341400CE,BUY,246.0,1
2022-11-01 15:08:26,BANKNIFTY22110341400PE,BUY,322.6,1
2022-11-01 15:08:28,BANKNIFTY22110341400CE,SELL,246.95,1
2022-11-01 15:08:28,BANKNIFTY22110341400PE,SELL,323.0,1
2022-11-01 15:08:28,BANKNIFTY22110341500CE,BUY,200.75,1
2022-11-01 15:08:28,BANKNIFTY22110341500PE,BUY,379.0,1
2022-11-01 15:25:41,BANKNIFTY22110341500CE,SELL,192.4,1
2022-11-01 15:25:41,BANKNIFTY22110341500PE,SELL,384.75,1
2022-11-01 15:25:41,BANKNIFTY22110341400CE,BUY,235.15,1
2022-11-01 15:25:41,BANKNIFTY22110341400PE,BUY,325.9,1
2022-11-01 15:25:42,BANKNIFTY22110341400CE,SELL,235.05,1
2022-11-01 15:25:42,BANKNIFTY22110341400PE,SELL,327.95,1
2022-11-01 15:25:42,BANKNIFTY22110341500CE,BUY,193.8,1
2022-11-01 15:25:42,BANKNIFTY22110341500PE,BUY,385.1,1
2022-11-01 15:25:44,BANKNIFTY22110341500CE,SELL,193.5,1
2022-11-01 15:25:44,BANKNIFTY22110341500PE,SELL,387.3,1
2022-11-01 15:25:44,BANKNIFTY22110341400CE,BUY,237.9,1
2022-11-01 15:25:44,BANKNIFTY22110341400PE,BUY,329.75,1
2022-11-01 15:25:54,BANKNIFTY22110341400CE,SELL,242.1,1
2022-11-01 15:25:54,BANKNIFTY22110341400PE,SELL,328.9,1
2022-11-01 15:25:54,BANKNIFTY22110341500CE,BUY,198.4,1
2022-11-01 15:25:54,BANKNIFTY22110341500PE,BUY,385.5,1
2022-11-01 15:25:56,BANKNIFTY22110341500CE,SELL,199.55,1
2022-11-01 15:25:56,BANKNIFTY22110341500PE,SELL,385.7,1
2022-11-01 15:25:56,BANKNIFTY22110341400CE,BUY,241.45,1
2022-11-01 15:25:56,BANKNIFTY22110341400PE,BUY,328.3,1
2022-11-01 15:25:59,BANKNIFTY22110341400CE,SELL,241.6,1
2022-11-01 15:25:59,BANKNIFTY22110341400PE,SELL,331.65,1
2022-11-01 15:25:59,BANKNIFTY22110341500CE,BUY,197.9,1
2022-11-01 15:25:59,BANKNIFTY22110341500PE,BUY,388.3,1
2022-11-01 15:26:04,BANKNIFTY22110341500CE,SELL,200.0,1
2022-11-01 15:26:04,BANKNIFTY22110341500PE,SELL,387.8,1
2022-11-01 15:26:04,BANKNIFTY22110341400CE,BUY,243.6,1
2022-11-01 15:26:04,BANKNIFTY22110341400PE,BUY,330.0,1
2022-11-01 15:26:06,BANKNIFTY22110341400CE,SELL,245.0,1
2022-11-01 15:26:06,BANKNIFTY22110341400PE,SELL,327.1,1
2022-11-01 15:26:06,BANKNIFTY22110341500CE,BUY,201.4,1
2022-11-01 15:26:06,BANKNIFTY22110341500PE,BUY,383.55,1
2022-11-01 15:30:00,NIFTY22110318200CE,SELL,67.6,1
2022-11-01 15:30:00,NIFTY22110318200PE,SELL,105.1,1
2022-11-01 15:30:00,BANKNIFTY22110341500CE,SELL,197.0,1
2022-11-01 15:30:00,BANKNIFTY22110341500PE,SELL,374.0,1
2022-11-02 09:15:00,BANKNIFTY22110341600CE,BUY,186.05,1
2022-11-02 09:15:01,BANKNIFTY22110341600CE,SELL,175.2,1
2022-11-02 09:15:01,BANKNIFTY22110341500CE,BUY,216.05,1
2022-11-02 09:15:01,BANKNIFTY22110341500PE,BUY,302.35,1
2022-11-02 09:15:01,NIFTY22110318200CE,BUY,64.0,1
2022-11-02 09:15:01,NIFTY22110318200PE,BUY,96.05,1
2022-11-02 09:15:02,BANKNIFTY22110341500CE,SELL,211.6,1
2022-11-02 09:15:02,BANKNIFTY22110341500PE,SELL,294.4,1
2022-11-02 09:15:02,BANKNIFTY22110341600CE,BUY,169.35,1
2022-11-02 09:15:02,BANKNIFTY22110341600PE,BUY,351.4,1
2022-11-02 09:15:03,BANKNIFTY22110341600CE,SELL,150.3,1
2022-11-02 09:15:03,BANKNIFTY22110341600PE,SELL,379.35,1
2022-11-02 09:15:03,BANKNIFTY22110341500CE,BUY,191.05,1
2022-11-02 09:15:03,BANKNIFTY22110341500PE,BUY,295.2,1
2022-11-02 09:17:06,BANKNIFTY22110341500CE,SELL,182.3,1
2022-11-02 09:17:06,BANKNIFTY22110341500PE,SELL,360.0,1
2022-11-02 09:17:06,BANKNIFTY22110341400CE,BUY,226.15,1
2022-11-02 09:17:06,BANKNIFTY22110341400PE,BUY,302.15,1
2022-11-02 09:17:11,BANKNIFTY22110341400CE,SELL,226.5,1
2022-11-02 09:17:11,BANKNIFTY22110341400PE,SELL,299.3,1
2022-11-02 09:17:11,BANKNIFTY22110341500CE,BUY,184.05,1
2022-11-02 09:17:11,BANKNIFTY22110341500PE,BUY,356.4,1
2022-11-02 09:17:13,BANKNIFTY22110341500CE,SELL,182.7,1
2022-11-02 09:17:13,BANKNIFTY22110341500PE,SELL,359.2,1
2022-11-02 09:17:13,BANKNIFTY22110341400CE,BUY,225.25,1
2022-11-02 09:17:13,BANKNIFTY22110341400PE,BUY,302.8,1
2022-11-02 09:17:16,BANKNIFTY22110341400CE,SELL,226.4,1
2022-11-02 09:17:16,BANKNIFTY22110341400PE,SELL,301.7,1
2022-11-02 09:17:16,BANKNIFTY22110341500CE,BUY,181.3,1
2022-11-02 09:17:16,BANKNIFTY22110341500PE,BUY,358.0,1
2022-11-02 09:17:42,BANKNIFTY22110341500CE,SELL,181.05,1
2022-11-02 09:17:42,BANKNIFTY22110341500PE,SELL,369.0,1
2022-11-02 09:17:42,BANKNIFTY22110341400CE,BUY,223.6,1
2022-11-02 09:17:42,BANKNIFTY22110341400PE,BUY,312.65,1
2022-11-02 09:17:55,BANKNIFTY22110341400CE,SELL,227.0,1
2022-11-02 09:17:55,BANKNIFTY22110341400PE,SELL,308.55,1
2022-11-02 09:17:55,BANKNIFTY22110341500CE,BUY,182.85,1
2022-11-02 09:17:55,BANKNIFTY22110341500PE,BUY,365.2,1
2022-11-02 09:17:57,BANKNIFTY22110341500CE,SELL,183.5,1
2022-11-02 09:17:57,BANKNIFTY22110341500PE,SELL,368.0,1
2022-11-02 09:17:57,BANKNIFTY22110341400CE,BUY,226.65,1
2022-11-02 09:17:57,BANKNIFTY22110341400PE,BUY,311.7,1
2022-11-02 09:20:36,BANKNIFTY22110341400CE,SELL,221.6,1
2022-11-02 09:20:36,BANKNIFTY22110341400PE,SELL,306.6,1
2022-11-02 09:20:36,BANKNIFTY22110341500CE,BUY,180.55,1
2022-11-02 09:20:36,BANKNIFTY22110341500PE,BUY,363.5,1
2022-11-02 09:20:37,BANKNIFTY22110341500CE,SELL,176.9,1
2022-11-02 09:20:37,BANKNIFTY22110341500PE,SELL,368.9,1
2022-11-02 09:20:37,BANKNIFTY22110341400CE,BUY,219.05,1
2022-11-02 09:20:37,BANKNIFTY22110341400PE,BUY,310.8,1
2022-11-02 09:20:54,BANKNIFTY22110341400CE,SELL,222.4,1
2022-11-02 09:20:54,BANKNIFTY22110341400PE,SELL,308.35,1
2022-11-02 09:20:54,BANKNIFTY22110341500CE,BUY,179.35,1
2022-11-02 09:20:54,BANKNIFTY22110341500PE,BUY,364.95,1
2022-11-02 09:20:56,BANKNIFTY22110341500CE,SELL,181.0,1
2022-11-02 09:20:56,BANKNIFTY22110341500PE,SELL,362.7,1
2022-11-02 09:20:56,BANKNIFTY22110341400CE,BUY,224.05,1
2022-11-02 09:20:56,BANKNIFTY22110341400PE,BUY,306.1,1
2022-11-02 09:20:57,BANKNIFTY22110341400CE,SELL,225.0,1
2022-11-02 09:20:57,BANKNIFTY22110341400PE,SELL,305.0,1
2022-11-02 09:20:57,BANKNIFTY22110341500CE,BUY,181.7,1
2022-11-02 09:20:57,BANKNIFTY22110341500PE,BUY,361.7,1
2022-11-02 09:21:16,BANKNIFTY22110341500CE,SELL,177.55,1
2022-11-02 09:21:16,BANKNIFTY22110341500PE,SELL,366.15,1
2022-11-02 09:21:16,BANKNIFTY22110341400CE,BUY,220.2,1
2022-11-02 09:21:16,BANKNIFTY22110341400PE,BUY,309.2,1
2022-11-02 09:23:17,BANKNIFTY22110341400CE,SELL,222.75,1
2022-11-02 09:23:17,BANKNIFTY22110341400PE,SELL,305.7,1
2022-11-02 09:23:17,BANKNIFTY22110341500CE,BUY,181.2,1
2022-11-02 09:23:17,BANKNIFTY22110341500PE,BUY,362.25,1
2022-11-02 09:23:27,BANKNIFTY22110341500CE,SELL,176.3,1
2022-11-02 09:23:27,BANKNIFTY22110341500PE,SELL,363.45,1
2022-11-02 09:23:27,BANKNIFTY22110341400CE,BUY,221.65,1
2022-11-02 09:23:27,BANKNIFTY22110341400PE,BUY,311.4,1
2022-11-02 09:23:32,BANKNIFTY22110341400CE,SELL,224.7,1
2022-11-02 09:23:32,BANKNIFTY22110341400PE,SELL,304.4,1
2022-11-02 09:23:32,BANKNIFTY22110341500CE,BUY,181.35,1
2022-11-02 09:23:32,BANKNIFTY22110341500PE,BUY,360.7,1
2022-11-02 09:29:59,BANKNIFTY22110341500CE,SELL,179.15,1
2022-11-02 09:29:59,BANKNIFTY22110341500PE,SELL,359.75,1
2022-11-02 09:29:59,BANKNIFTY22110341400CE,BUY,223.45,1
2022-11-02 09:29:59,BANKNIFTY22110341400PE,BUY,304.15,1
2022-11-02 09:30:00,BANKNIFTY22110341400CE,SELL,220.9,1
2022-11-02 09:30:00,BANKNIFTY22110341400PE,SELL,306.6,1
2022-11-02 09:30:00,BANKNIFTY22110341500CE,BUY,178.25,1
2022-11-02 09:30:00,BANKNIFTY22110341500PE,BUY,361.3,1
2022-11-02 09:30:02,BANKNIFTY22110341500CE,SELL,176.6,1
2022-11-02 09:30:02,BANKNIFTY22110341500PE,SELL,363.3,1
2022-11-02 09:30:02,BANKNIFTY22110341400CE,BUY,220.55,1
2022-11-02 09:30:02,BANKNIFTY22110341400PE,BUY,307.85,1
2022-11-02 09:31:13,NIFTY22110318200CE,SELL,48.0,1
2022-11-02 09:31:13,NIFTY22110318200PE,SELL,125.8,1
2022-11-02 09:31:13,NIFTY22110318150CE,BUY,69.5,1
2022-11-02 09:31:13,NIFTY22110318150PE,BUY,97.2,1
2022-11-02 09:33:09,NIFTY22110318150CE,SELL,69.2,1
2022-11-02 09:33:09,NIFTY22110318150PE,SELL,98.75,1
2022-11-02 09:33:09,NIFTY22110318200CE,BUY,47.8,1
2022-11-02 09:33:09,NIFTY22110318200PE,BUY,127.2,1
2022-11-02 09:33:13,NIFTY22110318200CE,SELL,47.7,1
2022-11-02 09:33:13,NIFTY22110318200PE,SELL,127.2,1
2022-11-02 09:33:13,NIFTY22110318150CE,BUY,69.1,1
2022-11-02 09:33:13,NIFTY22110318150PE,BUY,98.45,1
2022-11-02 09:33:15,NIFTY22110318150CE,SELL,69.05,1
2022-11-02 09:33:15,NIFTY22110318150PE,SELL,98.25,1
2022-11-02 09:33:15,NIFTY22110318200CE,BUY,47.75,1
2022-11-02 09:33:15,NIFTY22110318200PE,BUY,126.85,1
2022-11-02 09:33:16,NIFTY22110318200CE,SELL,47.6,1
2022-11-02 09:33:16,NIFTY22110318200PE,SELL,126.7,1
2022-11-02 09:33:16,NIFTY22110318150CE,BUY,68.85,1
2022-11-02 09:33:16,NIFTY22110318150PE,BUY,98.85,1
2022-11-02 09:33:31,NIFTY22110318150CE,SELL,69.55,1
2022-11-02 09:33:31,NIFTY22110318150PE,SELL,98.2,1
2022-11-02 09:33:31,NIFTY22110318200CE,BUY,48.2,1
2022-11-02 09:33:31,NIFTY22110318200PE,BUY,126.4,1
2022-11-02 09:33:33,NIFTY22110318200CE,SELL,48.05,1
2022-11-02 09:33:33,NIFTY22110318200PE,SELL,126.4,1
2022-11-02 09:33:33,NIFTY22110318150CE,BUY,69.6,1
2022-11-02 09:33:33,NIFTY22110318150PE,BUY,97.9,1
2022-11-02 09:33:36,NIFTY22110318150CE,SELL,70.0,1
2022-11-02 09:33:36,NIFTY22110318150PE,SELL,97.35,1
2022-11-02 09:33:36,NIFTY22110318200CE,BUY,48.5,1
2022-11-02 09:33:36,NIFTY22110318200PE,BUY,126.05,1
2022-11-02 09:33:37,NIFTY22110318200CE,SELL,48.0,1
2022-11-02 09:33:37,NIFTY22110318200PE,SELL,126.0,1
2022-11-02 09:33:37,NIFTY22110318150CE,BUY,69.45,1
2022-11-02 09:33:37,NIFTY22110318150PE,BUY,97.65,1
2022-11-02 09:33:38,NIFTY22110318150CE,SELL,69.45,1
2022-11-02 09:33:38,NIFTY22110318150PE,SELL,98.2,1
2022-11-02 09:33:38,NIFTY22110318200CE,BUY,48.0,1
2022-11-02 09:33:38,NIFTY22110318200PE,BUY,126.5,1
2022-11-02 09:33:41,NIFTY22110318200CE,SELL,47.8,1
2022-11-02 09:33:41,NIFTY22110318200PE,SELL,126.9,1
2022-11-02 09:33:41,NIFTY22110318150CE,BUY,69.15,1
2022-11-02 09:33:41,NIFTY22110318150PE,BUY,98.35,1
2022-11-02 09:33:43,NIFTY22110318150CE,SELL,69.3,1
2022-11-02 09:33:43,NIFTY22110318150PE,SELL,98.2,1
2022-11-02 09:33:43,NIFTY22110318200CE,BUY,47.95,1
2022-11-02 09:33:43,NIFTY22110318200PE,BUY,126.9,1
2022-11-02 09:33:45,NIFTY22110318200CE,SELL,47.35,1
2022-11-02 09:33:45,NIFTY22110318200PE,SELL,127.9,1
2022-11-02 09:33:45,NIFTY22110318150CE,BUY,68.7,1
2022-11-02 09:33:45,NIFTY22110318150PE,BUY,99.3,1
2022-11-02 09:36:47,BANKNIFTY22110341400CE,SELL,219.6,1
2022-11-02 09:36:47,BANKNIFTY22110341400PE,SELL,296.15,1
2022-11-02 09:36:47,BANKNIFTY22110341500CE,BUY,175.55,1
2022-11-02 09:36:47,BANKNIFTY22110341500PE,BUY,356.05,1
2022-11-02 09:37:27,NIFTY22110318150CE,SELL,70.7,1
2022-11-02 09:37:27,NIFTY22110318150PE,SELL,96.25,1
2022-11-02 09:37:27,NIFTY22110318200CE,BUY,48.95,1
2022-11-02 09:37:27,NIFTY22110318200PE,BUY,124.25,1
2022-11-02 09:37:41,NIFTY22110318200CE,SELL,49.05,1
2022-11-02 09:37:41,NIFTY22110318200PE,SELL,124.8,1
2022-11-02 09:37:41,NIFTY22110318150CE,BUY,70.75,1
2022-11-02 09:37:41,NIFTY22110318150PE,BUY,96.5,1
2022-11-02 09:37:42,NIFTY22110318150CE,SELL,70.8,1
2022-11-02 09:37:42,NIFTY22110318150PE,SELL,96.0,1
2022-11-02 09:37:42,NIFTY22110318200CE,BUY,49.15,1
2022-11-02 09:37:42,NIFTY22110318200PE,BUY,124.1,1
2022-11-02 09:38:51,NIFTY22110318200CE,SELL,48.75,1
2022-11-02 09:38:51,NIFTY22110318200PE,SELL,124.7,1
2022-11-02 09:38:51,NIFTY22110318150CE,BUY,70.6,1
2022-11-02 09:38:51,NIFTY22110318150PE,BUY,96.35,1
2022-11-02 09:38:58,NIFTY22110318150CE,SELL,71.1,1
2022-11-02 09:38:58,NIFTY22110318150PE,SELL,96.35,1
2022-11-02 09:38:58,NIFTY22110318200CE,BUY,49.05,1
2022-11-02 09:38:58,NIFTY22110318200PE,BUY,124.3,1
2022-11-02 09:38:59,NIFTY22110318200CE,SELL,49.15,1
2022-11-02 09:38:59,NIFTY22110318200PE,SELL,124.9,1
2022-11-02 09:38:59,NIFTY22110318150CE,BUY,71.0,1
2022-11-02 09:38:59,NIFTY22110318150PE,BUY,96.65,1
2022-11-02 09:39:01,NIFTY22110318150CE,SELL,71.55,1
2022-11-02 09:39:01,NIFTY22110318150PE,SELL,95.8,1
2022-11-02 09:39:01,NIFTY22110318200CE,BUY,49.5,1
2022-11-02 09:39:01,NIFTY22110318200PE,BUY,123.8,1
2022-11-02 09:39:03,NIFTY22110318200CE,SELL,49.2,1
2022-11-02 09:39:03,NIFTY22110318200PE,SELL,124.5,1
2022-11-02 09:39:03,NIFTY22110318150CE,BUY,71.25,1
2022-11-02 09:39:03,NIFTY22110318150PE,BUY,96.5,1
2022-11-02 09:39:04,NIFTY22110318150CE,SELL,71.25,1
2022-11-02 09:39:04,NIFTY22110318150PE,SELL,96.1,1
2022-11-02 09:39:04,NIFTY22110318200CE,BUY,49.2,1
2022-11-02 09:39:04,NIFTY22110318200PE,BUY,124.1,1
2022-11-02 09:40:36,NIFTY22110318200CE,SELL,48.9,1
2022-11-02 09:40:36,NIFTY22110318200PE,SELL,125.0,1
2022-11-02 09:40:36,NIFTY22110318150CE,BUY,70.85,1
2022-11-02 09:40:36,NIFTY22110318150PE,BUY,97.0,1
2022-11-02 09:40:40,NIFTY22110318150CE,SELL,71.05,1
2022-11-02 09:40:40,NIFTY22110318150PE,SELL,96.55,1
2022-11-02 09:40:40,NIFTY22110318200CE,BUY,49.0,1
2022-11-02 09:40:40,NIFTY22110318200PE,BUY,124.55,1
2022-11-02 09:40:59,NIFTY22110318200CE,SELL,48.7,1
2022-11-02 09:40:59,NIFTY22110318200PE,SELL,124.4,1
2022-11-02 09:40:59,NIFTY22110318150CE,BUY,70.8,1
2022-11-02 09:40:59,NIFTY22110318150PE,BUY,96.3,1
2022-11-02 09:41:01,NIFTY22110318150CE,SELL,70.95,1
2022-11-02 09:41:01,NIFTY22110318150PE,SELL,95.65,1
2022-11-02 09:41:01,NIFTY22110318200CE,BUY,49.0,1
2022-11-02 09:41:01,NIFTY22110318200PE,BUY,123.95,1
2022-11-02 09:48:23,BANKNIFTY22110341500CE,SELL,226.95,1
2022-11-02 09:48:23,BANKNIFTY22110341500PE,SELL,301.95,1
2022-11-02 09:48:23,BANKNIFTY22110341600CE,BUY,181.9,1
2022-11-02 09:48:23,BANKNIFTY22110341600PE,BUY,360.0,1
2022-11-02 09:48:27,BANKNIFTY22110341600CE,SELL,177.4,1
2022-11-02 09:48:27,BANKNIFTY22110341600PE,SELL,363.65,1
2022-11-02 09:48:27,BANKNIFTY22110341500CE,BUY,220.0,1
2022-11-02 09:48:27,BANKNIFTY22110341500PE,BUY,307.0,1
2022-11-02 09:48:33,BANKNIFTY22110341500CE,SELL,222.9,1
2022-11-02 09:48:33,BANKNIFTY22110341500PE,SELL,306.95,1
2022-11-02 09:48:33,BANKNIFTY22110341600CE,BUY,178.7,1
2022-11-02 09:48:33,BANKNIFTY22110341600PE,BUY,362.45,1
