20221123,09:15:05,43004.05,1,144750
20221123,09:15:05,43004.05,50,144750
20221123,09:15:07,43010.30,125,144750
20221123,09:15:08,43006.25,25,144750
20221123,09:15:12,42968.50,125,144750
20221123,09:15:18,42968.50,25,144750
20221123,09:15:19,43005.10,25,144750
20221123,09:15:21,43001.90,25,144750
20221123,09:15:25,43017.45,50,144750
20221123,09:15:27,43017.45,25,144750
20221123,09:15:28,43027.95,50,144750
20221123,09:15:31,43028.00,50,144750
20221123,09:15:33,43028.00,75,144750
20221123,09:15:36,43028.00,25,144750
20221123,09:15:39,43026.00,500,144750
20221123,09:15:47,43015.40,25,144750
20221123,09:15:51,43015.95,75,144750
20221123,09:15:53,43025.00,50,144750
20221123,09:16:02,43026.00,150,144750
20221123,09:16:05,43028.00,50,144750
20221123,09:16:07,43030.00,50,144750
20221123,09:16:15,43030.00,25,144750
20221123,09:16:19,43030.00,25,144750
20221123,09:16:21,43028.00,50,144750
20221123,09:16:22,43034.05,75,144750
20221123,09:16:24,43034.05,125,144750
20221123,09:16:27,43042.55,25,144750
20221123,09:16:29,43042.55,75,144750
20221123,09:16:40,43042.50,25,144750
20221123,09:16:50,43041.95,75,144750
20221123,09:17:02,43028.10,25,144750
20221123,09:17:13,43030.30,100,144750
20221123,09:17:15,43028.80,25,144750
20221123,09:17:21,43028.80,50,144750
20221123,09:17:22,43027.95,25,144750
20221123,09:17:27,43028.10,25,144750
20221123,09:17:32,43025.30,150,145000
20221123,09:17:37,43025.30,50,145000
20221123,09:17:38,43025.30,25,145000
20221123,09:17:50,43026.00,25,145000
20221123,09:17:51,43025.30,25,145000
20221123,09:17:56,43025.30,100,145000
20221123,09:17:57,43030.00,75,145000
20221123,09:17:58,43026.35,50,145000
20221123,09:18:03,43030.00,50,145000
20221123,09:18:05,43030.00,25,145000
20221123,09:18:06,43030.00,25,145000
20221123,09:18:18,43030.30,25,145000
20221123,09:18:28,43030.25,50,145000
20221123,09:18:30,43030.30,25,145000
20221123,09:18:31,43034.95,25,145000
20221123,09:18:34,43030.25,50,145000
20221123,09:18:48,43035.00,50,145000
20221123,09:18:51,43038.00,50,145000
20221123,09:18:53,43039.95,50,145000
20221123,09:19:04,43035.00,50,145000
20221123,09:19:09,43039.95,75,145000
20221123,09:19:11,43040.00,50,145000
20221123,09:19:12,43035.30,25,145000
20221123,09:19:15,43040.00,25,145000
20221123,09:19:17,43040.00,50,145000
20221123,09:19:22,43040.00,25,145000
20221123,09:19:23,43040.00,50,145000
20221123,09:19:25,43040.00,75,145000
20221123,09:19:27,43040.00,25,145000
20221123,09:19:31,43039.95,25,145000
20221123,09:19:39,43039.95,25,145000
20221123,09:19:43,43040.00,75,145000
20221123,09:19:44,43040.00,75,145000
20221123,09:19:52,43042.95,200,145000
20221123,09:19:57,43043.00,525,145000
20221123,09:20:04,43046.70,25,145000
20221123,09:20:06,43049.00,50,145000
20221123,09:20:10,43050.00,50,145000
20221123,09:20:14,43050.00,100,145000
20221123,09:20:15,43050.00,25,145000
20221123,09:20:17,43049.95,50,145000
20221123,09:20:19,43049.05,50,145000
20221123,09:20:20,43050.00,50,145000
20221123,09:20:22,43050.00,25,145000
20221123,09:20:28,43050.00,25,146925
20221123,09:20:33,43045.00,25,146925
20221123,09:20:44,43050.00,50,146925
20221123,09:20:49,43046.70,25,146925
20221123,09:20:51,43040.35,75,146925
20221123,09:21:06,43040.40,175,146925
20221123,09:21:08,43040.30,25,146925
20221123,09:21:11,43040.00,50,146925
20221123,09:21:18,43040.25,50,146925
20221123,09:21:19,43040.25,25,146925
20221123,09:21:45,43040.00,25,146925
20221123,09:21:48,43040.25,100,146925
20221123,09:21:51,43040.00,25,146925
20221123,09:21:54,43040.30,25,146925
20221123,09:21:56,43039.95,100,146925
20221123,09:22:01,43039.95,25,146925
20221123,09:22:06,43039.95,75,146925
20221123,09:22:09,43040.00,25,146925
20221123,09:22:22,43039.95,25,146925
20221123,09:22:24,43039.35,25,146925
20221123,09:22:25,43039.95,150,146925
20221123,09:22:29,43039.95,50,146925
20221123,09:22:40,43043.50,25,146925
20221123,09:22:58,43043.45,50,146925
20221123,09:23:00,43049.95,25,146925
20221123,09:23:01,43043.45,25,146925
20221123,09:23:11,43043.00,25,146925
20221123,09:23:13,43040.00,25,146925
20221123,09:23:19,43042.95,225,146925
20221123,09:23:21,43042.95,50,146925
20221123,09:23:22,43043.00,25,146925
20221123,09:23:45,43046.70,25,147575
20221123,09:23:47,43050.00,25,147575
20221123,09:24:06,43050.00,50,147575
20221123,09:24:08,43050.00,25,147575
20221123,09:24:20,43055.00,25,147575
20221123,09:24:21,43055.00,25,147575
20221123,09:24:28,43058.00,25,147575
20221123,09:24:31,43058.00,25,147575
20221123,09:24:38,43058.00,25,147575
20221123,09:24:49,43060.00,75,147575
20221123,09:24:51,43063.40,25,147575
20221123,09:24:59,43063.45,25,147575
20221123,09:25:06,43063.45,50,147575
20221123,09:25:07,43063.45,25,147575
20221123,09:25:17,43055.55,25,147575
20221123,09:25:24,43063.80,25,147575
20221123,09:25:31,43065.00,25,147575
20221123,09:25:39,43065.80,25,147575
20221123,09:25:40,43070.00,25,147575
20221123,09:25:46,43070.00,125,147575
20221123,09:25:48,43065.00,125,147575
20221123,09:25:50,43071.50,25,147575
20221123,09:25:51,43071.50,25,147575
20221123,09:25:53,43061.05,175,147575
20221123,09:25:54,43061.60,25,147575
20221123,09:25:56,43057.30,300,147575
20221123,09:26:01,43061.00,25,147575
20221123,09:26:07,43069.15,25,147575
20221123,09:26:12,43053.50,400,147575
20221123,09:26:13,43069.10,25,147575
20221123,09:26:24,43069.95,50,147575
20221123,09:26:31,43062.10,25,147800
20221123,09:26:32,43070.00,25,147800
20221123,09:26:37,43064.40,25,147800
20221123,09:26:45,43062.55,125,147800
20221123,09:26:47,43070.00,25,147800
20221123,09:27:09,43067.25,25,147800
20221123,09:27:12,43070.00,25,147800
20221123,09:27:16,43072.00,25,147800
20221123,09:27:17,43074.00,75,147800
20221123,09:27:20,43074.00,25,147800
20221123,09:27:27,43066.00,25,147800
20221123,09:27:41,43066.00,25,147800
20221123,09:27:48,43067.05,25,147800
20221123,09:27:54,43085.00,200,147800
20221123,09:27:56,43088.75,25,147800
20221123,09:28:01,43088.75,25,147800
20221123,09:28:04,43084.25,25,147800
20221123,09:28:12,43085.20,25,147800
20221123,09:28:17,43085.00,50,147800
20221123,09:28:22,43080.00,50,147800
20221123,09:28:35,43074.95,75,147800
20221123,09:28:48,43075.55,25,147800
20221123,09:28:53,43080.00,50,147800
20221123,09:28:57,43080.00,25,147800
20221123,09:28:59,43078.05,25,147800
20221123,09:29:01,43079.95,25,147800
20221123,09:29:04,43079.95,25,147800
20221123,09:29:14,43078.00,25,147800
20221123,09:29:26,43078.00,25,147800
20221123,09:29:36,43077.25,25,147850
20221123,09:29:38,43079.95,25,147850
20221123,09:29:41,43079.95,50,147850
20221123,09:29:47,43075.55,25,147850
20221123,09:29:59,43080.00,25,147850
20221123,09:30:01,43084.00,75,147850
20221123,09:30:03,43084.00,25,147850
20221123,09:30:13,43075.00,25,147850
20221123,09:30:18,43074.95,25,147850
20221123,09:30:21,43073.30,25,147850
20221123,09:30:23,43074.95,25,147850
20221123,09:30:24,43072.25,25,147850
20221123,09:30:29,43070.35,175,147850
20221123,09:30:38,43072.75,25,147850
20221123,09:30:48,43076.80,25,147850
20221123,09:31:03,43075.00,25,147850
20221123,09:31:08,43075.00,50,147850
20221123,09:31:09,43075.00,50,147850
20221123,09:31:11,43075.00,25,147850
20221123,09:31:13,43075.00,50,147850
20221123,09:31:16,43075.00,25,147850
20221123,09:31:19,43075.00,25,147850
20221123,09:31:23,43075.00,100,147850
20221123,09:31:28,43072.55,25,147850
20221123,09:31:31,43075.00,25,147850
20221123,09:31:39,43071.15,25,147850
20221123,09:31:49,43075.00,25,147850
20221123,09:31:57,43071.65,25,147850
20221123,09:32:08,43071.35,25,147850
20221123,09:32:10,43072.25,25,147850
20221123,09:32:20,43071.15,25,147850
20221123,09:32:27,43072.25,75,147850
20221123,09:32:30,43080.00,50,147850
20221123,09:32:32,43075.00,25,148150
20221123,09:32:35,43080.00,175,148150
20221123,09:32:43,43080.00,25,148150
20221123,09:32:54,43081.00,25,148150
20221123,09:32:56,43081.00,25,148150
20221123,09:33:01,43081.00,25,148150
20221123,09:33:08,43081.00,25,148150
20221123,09:33:20,43081.00,25,148150
20221123,09:33:32,43081.00,50,148150
20221123,09:33:34,43083.00,50,148150
20221123,09:33:43,43081.00,25,148150
20221123,09:33:49,43083.95,75,148150
20221123,09:33:52,43082.90,75,148150
20221123,09:33:55,43084.00,125,148150
20221123,09:34:04,43084.00,25,148150
20221123,09:34:15,43084.00,25,148150
20221123,09:34:16,43084.00,25,148150
20221123,09:34:26,43084.40,50,148150
20221123,09:34:28,43087.00,25,148150
20221123,09:34:36,43084.00,25,148150
20221123,09:34:42,43089.00,50,148150
20221123,09:34:44,43090.00,100,148150
20221123,09:34:46,43090.00,25,148150
20221123,09:34:52,43094.95,100,148150
20221123,09:34:56,43095.40,25,148150
20221123,09:34:57,43097.85,25,148150
20221123,09:34:59,43097.85,25,148150
20221123,09:35:01,43098.00,175,148150
20221123,09:35:30,43098.00,25,148150
20221123,09:35:34,43090.00,25,148400
20221123,09:35:38,43094.85,25,148400
20221123,09:35:46,43096.55,25,148400
20221123,09:35:57,43098.45,25,148400
20221123,09:36:07,43099.00,50,148400
20221123,09:36:11,43092.30,25,148400
20221123,09:36:28,43098.00,25,148400
20221123,09:36:34,43099.00,25,148400
20221123,09:36:37,43100.00,100,148400
20221123,09:36:50,43100.00,25,148400
20221123,09:37:00,43098.50,25,148400
20221123,09:37:03,43097.95,25,148400
20221123,09:37:18,43095.45,50,148400
20221123,09:37:38,43094.95,25,148400
20221123,09:37:39,43090.50,50,148400
20221123,09:37:59,43090.00,125,148400
20221123,09:38:00,43081.40,25,148400
20221123,09:38:02,43090.00,75,148400
20221123,09:38:04,43083.55,25,148400
20221123,09:38:16,43090.00,25,148400
20221123,09:38:21,43090.00,25,148400
20221123,09:38:24,43089.95,25,148400
20221123,09:38:30,43089.95,25,148400
20221123,09:38:33,43085.35,25,148675
20221123,09:38:40,43094.65,25,148675
20221123,09:38:55,43084.10,25,148675
20221123,09:39:11,43084.15,25,148675
20221123,09:39:13,43092.00,25,148675
20221123,09:39:29,43072.85,900,148675
20221123,09:39:31,43080.55,100,148675
20221123,09:39:35,43081.85,25,148675
20221123,09:39:51,43081.85,50,148675
20221123,09:40:24,43079.25,50,148675
20221123,09:40:27,43081.85,25,148675
20221123,09:40:28,43081.80,50,148675
20221123,09:40:32,43081.85,25,148675
20221123,09:40:36,43078.70,25,148675
20221123,09:40:39,43079.95,50,148675
20221123,09:40:41,43077.00,25,148675
20221123,09:40:46,43074.60,50,148675
20221123,09:40:47,43080.00,150,148675
20221123,09:41:00,43076.95,50,148675
20221123,09:41:05,43076.90,25,148675
20221123,09:41:18,43071.90,25,148675
20221123,09:41:29,43072.35,25,148675
20221123,09:41:41,43069.60,25,148675
20221123,09:42:03,43069.30,75,148450
20221123,09:42:16,43071.40,25,148450
20221123,09:42:19,43072.90,50,148450
20221123,09:42:27,43073.55,25,148450
20221123,09:43:06,43073.55,25,148450
20221123,09:43:28,43072.90,25,148450
20221123,09:43:36,43072.00,25,148450
20221123,09:43:38,43072.90,25,148450
20221123,09:43:59,43078.80,25,148450
20221123,09:44:04,43079.35,25,148450
20221123,09:44:10,43078.55,25,148450
20221123,09:44:12,43078.60,25,148450
20221123,09:44:16,43080.00,75,148450
20221123,09:44:23,43081.80,25,148450
20221123,09:44:29,43080.00,25,148450
20221123,09:44:41,43082.15,25,148550
20221123,09:45:15,43070.00,25,148550
20221123,09:45:19,43068.20,25,148550
20221123,09:45:28,43069.95,25,148550
20221123,09:45:30,43068.20,25,148550
20221123,09:45:33,43066.90,100,148550
20221123,09:45:35,43078.75,25,148550
20221123,09:45:51,43065.25,25,148550
20221123,09:46:00,43062.75,175,148550
20221123,09:46:08,43067.15,25,148550
20221123,09:46:10,43067.35,25,148550
20221123,09:46:33,43060.35,100,148550
20221123,09:47:00,43064.25,100,148550
20221123,09:47:05,43065.20,25,148550
20221123,09:47:34,43058.05,150,148875
20221123,09:47:45,43063.10,25,148875
20221123,09:48:15,43064.50,125,148875
20221123,09:48:42,43066.80,100,148875
20221123,09:48:50,43070.00,50,148875
20221123,09:48:54,43074.00,25,148875
20221123,09:49:17,43074.00,25,148875
20221123,09:49:27,43079.80,50,148875
20221123,09:49:43,43079.00,50,148875
20221123,09:49:46,43067.45,200,148875
20221123,09:50:01,43067.00,100,148875
20221123,09:50:02,43070.00,25,148875
20221123,09:50:18,43080.00,100,148875
20221123,09:51:04,43083.70,25,149150
20221123,09:51:33,43090.00,125,149150
20221123,09:51:43,43096.60,100,149150
20221123,09:51:44,43092.30,25,149150
20221123,09:51:54,43099.55,200,149150
20221123,09:51:58,43100.00,150,149150
20221123,09:51:59,43105.00,475,149150
20221123,09:52:04,43110.05,100,149150
20221123,09:52:07,43110.05,25,149150
20221123,09:52:14,43112.50,75,149150
20221123,09:52:22,43112.50,50,149150
20221123,09:52:27,43107.35,50,149150
20221123,09:52:29,43105.25,25,149150
20221123,09:52:58,43093.30,25,149150
20221123,09:53:01,43092.30,25,149150
20221123,09:53:09,43101.05,100,149150
20221123,09:53:59,43096.10,75,149675
20221123,09:54:02,43101.05,25,149675
20221123,09:54:13,43105.50,25,149675
20221123,09:54:34,43099.00,25,149675
20221123,09:54:42,43099.15,25,149675
20221123,09:55:14,43082.45,150,149675
20221123,09:56:00,43082.00,25,149675
20221123,09:56:03,43080.00,25,149675
20221123,09:56:10,43080.00,50,149675
20221123,09:56:11,43080.00,75,149675
20221123,09:56:22,43080.00,50,149675
20221123,09:57:10,43079.00,75,149575
20221123,09:57:12,43080.00,75,149575
20221123,09:57:15,43080.00,75,149575
20221123,09:57:17,43080.00,75,149575
20221123,09:57:20,43077.70,50,149575
20221123,09:57:21,43080.00,75,149575
20221123,09:57:28,43078.75,25,149575
20221123,09:57:32,43080.00,25,149575
20221123,09:57:39,43080.30,25,149575
20221123,09:57:46,43080.30,25,149575
20221123,09:58:06,43081.95,25,149575
20221123,09:58:14,43080.00,25,149575
20221123,09:58:16,43080.00,25,149575
20221123,09:58:17,43080.00,25,149575
20221123,09:58:27,43080.00,25,149575
20221123,09:58:49,43082.00,25,149575
20221123,09:59:01,43082.05,25,149575
20221123,09:59:15,43087.85,25,149575
20221123,09:59:17,43086.25,25,149575
20221123,09:59:22,43086.95,25,149575
20221123,09:59:33,43088.00,125,149575
20221123,09:59:41,43083.85,25,149750
20221123,09:59:46,43087.70,25,149750
20221123,09:59:49,43082.00,25,149750
20221123,09:59:54,43082.00,25,149750
20221123,09:59:57,43082.00,25,149750
20221123,09:59:59,43083.70,50,149750
20221123,10:00:01,43082.05,25,149750
20221123,10:00:22,43082.00,25,149750
20221123,10:00:41,43089.95,25,149750
20221123,10:01:07,43089.35,25,149750
20221123,10:01:24,43090.00,75,149750
20221123,10:02:01,43090.00,25,149750
20221123,10:03:45,43090.00,75,149900
20221123,10:04:24,43090.00,50,149900
20221123,10:04:25,43090.00,50,149900
20221123,10:04:27,43090.00,25,149900
20221123,10:04:30,43090.00,25,149900
20221123,10:05:26,43090.00,25,149900
20221123,10:05:58,43094.90,50,150050
20221123,10:06:00,43095.00,50,150050
20221123,10:06:03,43096.90,50,150050
20221123,10:06:05,43096.35,25,150050
20221123,10:06:06,43096.75,25,150050
20221123,10:06:08,43096.80,25,150050
20221123,10:06:09,43095.85,50,150050
20221123,10:06:11,43096.15,50,150050
20221123,10:06:14,43097.20,50,150050
20221123,10:06:16,43096.50,50,150050
20221123,10:06:17,43096.55,25,150050
20221123,10:06:19,43096.55,50,150050
20221123,10:06:22,43095.65,25,150050
20221123,10:06:24,43096.20,25,150050
20221123,10:06:25,43096.30,25,150050
20221123,10:06:27,43096.30,25,150050
20221123,10:06:30,43096.35,25,150050
20221123,10:06:33,43097.95,50,150050
20221123,10:06:35,43099.00,75,150050
20221123,10:06:38,43099.00,25,150050
20221123,10:06:40,43099.40,25,150050
20221123,10:07:21,43096.90,25,150050
20221123,10:08:27,43093.35,25,150050
20221123,10:08:34,43088.05,50,150050
20221123,10:08:51,43088.05,25,150050
20221123,10:09:07,43083.70,25,149600
20221123,10:09:26,43090.00,25,149600
20221123,10:10:33,43090.00,200,149600
20221123,10:11:00,43090.00,25,149600
20221123,10:11:43,43085.15,50,149400
20221123,10:12:11,43092.00,25,149400
20221123,10:12:13,43094.00,25,149400
20221123,10:12:14,43095.05,25,149400
20221123,10:12:22,43090.00,25,149400
20221123,10:12:26,43087.20,75,149400
20221123,10:12:52,43095.70,25,149400
20221123,10:13:17,43087.60,25,149400
20221123,10:13:23,43090.00,25,149400
20221123,10:13:24,43090.00,75,149400
20221123,10:13:56,43090.00,25,149400
20221123,10:14:02,43095.85,100,149400
20221123,10:15:07,43093.15,25,149375
20221123,10:15:14,43095.85,75,149375
20221123,10:15:35,43090.00,50,149375
20221123,10:15:36,43093.25,175,149375
20221123,10:15:38,43094.50,100,149375
20221123,10:15:40,43095.45,350,149375
20221123,10:15:41,43094.75,25,149375
20221123,10:17:17,43085.00,50,149375
20221123,10:17:28,43085.00,300,149375
20221123,10:17:43,43093.65,225,149450
20221123,10:17:59,43085.65,25,149450
20221123,10:18:19,43083.80,25,149450
20221123,10:18:27,43085.30,25,149450
20221123,10:18:54,43083.45,150,149450
20221123,10:18:56,43085.30,25,149450
20221123,10:19:22,43085.05,25,149450
20221123,10:19:56,43085.55,25,149450
20221123,10:20:19,43085.55,25,149450
20221123,10:20:40,43094.70,75,149475
20221123,10:20:44,43085.55,50,149475
20221123,10:21:17,43085.55,25,149475
20221123,10:22:37,43090.70,25,149475
20221123,10:23:39,43091.75,25,149475
20221123,10:24:22,43090.00,25,149525
20221123,10:26:27,43085.30,25,149525
20221123,10:26:28,43089.75,200,149525
20221123,10:26:35,43085.00,25,149525
20221123,10:26:37,43083.00,25,149525
20221123,10:27:38,43079.45,100,149650
20221123,10:28:16,43080.20,25,149650
20221123,10:28:41,43079.50,25,149650
20221123,10:28:55,43079.40,25,149650
20221123,10:28:59,43079.35,25,149650
20221123,10:29:07,43085.00,125,149650
20221123,10:29:34,43090.00,50,149650
20221123,10:30:03,43085.00,125,149550
20221123,10:30:14,43085.00,75,149550
20221123,10:30:44,43089.95,25,149550
20221123,10:30:50,43090.00,25,149550
20221123,10:30:52,43090.00,25,149550
20221123,10:30:58,43085.00,25,149550
20221123,10:31:47,43081.65,25,149550
20221123,10:31:53,43082.05,25,149550
20221123,10:31:55,43082.00,25,149550
20221123,10:32:23,43089.80,100,149550
20221123,10:32:37,43090.00,25,149550
20221123,10:32:51,43090.00,100,149525
20221123,10:32:59,43090.00,25,149525
20221123,10:33:06,43090.00,25,149525
20221123,10:33:44,43094.45,50,149525
20221123,10:34:03,43085.35,50,149525
20221123,10:34:17,43090.00,50,149525
20221123,10:35:11,43091.30,50,149525
20221123,10:35:27,43092.60,50,149525
20221123,10:35:40,43090.90,50,149525
20221123,10:35:55,43094.15,50,149900
20221123,10:36:17,43094.70,50,149900
20221123,10:36:36,43093.50,50,149900
20221123,10:36:51,43096.60,50,149900
20221123,10:37:05,43098.95,50,149900
20221123,10:37:19,43098.95,50,149900
20221123,10:37:33,43098.95,50,149900
20221123,10:37:43,43098.95,25,149900
20221123,10:37:46,43099.95,50,149900
20221123,10:38:00,43100.00,50,149900
20221123,10:38:06,43101.00,600,149900
20221123,10:38:08,43096.55,225,149900
20221123,10:38:21,43104.95,25,149900
20221123,10:38:24,43104.95,25,149900
20221123,10:38:29,43104.95,25,149900
20221123,10:38:32,43104.95,25,149900
20221123,10:38:36,43104.90,100,149900
20221123,10:38:50,43104.20,50,149925
20221123,10:38:54,43103.70,50,149925
20221123,10:38:56,43099.00,150,149925
20221123,10:38:57,43092.65,125,149925
20221123,10:38:59,43102.80,50,149925
20221123,10:39:24,43101.10,25,149925
20221123,10:39:26,43101.10,50,149925
20221123,10:39:41,43101.55,100,149925
20221123,10:40:01,43091.95,25,149925
20221123,10:40:02,43092.20,25,149925
20221123,10:40:05,43091.95,50,149925
20221123,10:40:07,43093.60,25,149925
20221123,10:40:08,43093.45,25,149925
20221123,10:40:21,43102.75,50,149925
20221123,10:40:27,43092.00,25,149925
20221123,10:40:36,43101.10,50,149925
20221123,10:40:47,43091.85,50,149925
20221123,10:40:50,43100.55,50,149925
20221123,10:41:00,43093.70,25,149925
20221123,10:41:06,43101.15,50,149925
20221123,10:42:23,43095.15,50,150375
20221123,10:42:44,43090.00,50,150375
20221123,10:43:30,43095.10,25,150375
20221123,10:43:31,43094.40,25,150375
20221123,10:44:10,43085.80,125,150375
20221123,10:44:43,43085.25,125,150425
20221123,10:44:46,43085.70,25,150425
20221123,10:44:48,43087.20,50,150425
20221123,10:45:02,43095.00,25,150425
20221123,10:47:21,43097.75,200,150425
20221123,10:47:43,43094.00,25,150425
20221123,10:47:54,43089.10,25,150375
20221123,10:48:33,43089.15,25,150375
20221123,10:48:44,43094.00,25,150375
20221123,10:49:45,43095.00,50,150375
20221123,10:50:27,43100.00,50,150375
20221123,10:51:19,43100.00,25,150450
20221123,10:51:28,43100.00,50,150450
20221123,10:51:34,43100.00,25,150450
20221123,10:52:22,43100.00,25,150450
20221123,10:52:35,43100.00,25,150450
20221123,10:52:57,43100.00,25,150450
20221123,10:53:02,43092.35,50,150450
20221123,10:53:57,43092.40,50,150550
20221123,10:53:58,43100.95,225,150550
20221123,10:54:17,43102.80,25,150550
20221123,10:54:41,43105.20,150,150550
20221123,10:54:43,43100.05,25,150550
20221123,10:54:58,43100.05,25,150550
20221123,10:55:13,43100.35,25,150550
20221123,10:55:26,43108.95,50,150550
20221123,10:55:28,43109.00,25,150550
20221123,10:56:06,43102.05,25,150550
20221123,10:56:25,43103.40,25,150550
20221123,10:56:26,43103.30,25,150550
20221123,10:56:52,43109.00,25,150250
20221123,10:56:57,43109.00,25,150250
20221123,10:57:09,43110.00,125,150250
20221123,10:57:13,43111.00,25,150250
20221123,10:57:21,43112.00,25,150250
20221123,10:57:24,43113.00,25,150250
20221123,10:57:40,43113.00,25,150250
20221123,10:58:02,43112.00,25,150250
20221123,10:59:05,43110.95,100,150250
20221123,10:59:12,43106.00,25,150250
20221123,10:59:46,43105.00,25,150250
20221123,11:00:07,43105.10,25,150325
20221123,11:00:10,43105.00,25,150325
20221123,11:02:01,43100.15,25,150325
20221123,11:02:18,43105.00,25,150325
20221123,11:02:46,43105.00,25,150325
20221123,11:03:52,43100.00,75,150325
20221123,11:03:57,43097.30,200,150325
20221123,11:04:03,43097.20,25,150325
20221123,11:04:13,43097.20,25,150325
20221123,11:04:16,43096.75,450,150325
20221123,11:04:20,43104.95,50,150325
20221123,11:04:45,43095.45,25,150325
20221123,11:05:13,43095.30,25,150325
20221123,11:05:19,43095.30,25,150325
20221123,11:05:24,43095.30,25,150325
20221123,11:05:44,43094.25,25,150325
20221123,11:06:04,43095.30,25,150550
20221123,11:06:12,43096.85,25,150550
20221123,11:07:32,43100.50,25,150550
20221123,11:08:11,43102.00,25,150550
20221123,11:08:12,43106.00,50,150550
20221123,11:08:29,43103.15,25,150550
20221123,11:08:49,43105.00,75,150700
20221123,11:08:56,43105.00,25,150700
20221123,11:09:05,43106.00,25,150700
20221123,11:09:15,43110.00,25,150700
20221123,11:09:18,43111.10,50,150700
20221123,11:09:38,43110.95,25,150700
20221123,11:09:52,43112.00,25,150700
20221123,11:10:02,43112.75,25,150700
20221123,11:10:57,43105.00,100,150700
20221123,11:11:18,43100.00,25,150700
20221123,11:11:43,43098.80,25,150700
20221123,11:12:02,43098.80,25,150700
20221123,11:14:09,43098.80,25,151050
20221123,11:14:22,43100.00,25,151050
20221123,11:14:34,43100.00,25,151050
20221123,11:15:18,43104.90,25,151125
20221123,11:15:21,43104.85,25,151125
20221123,11:18:56,43103.85,25,151125
20221123,11:18:59,43103.85,25,151125
20221123,11:19:46,43096.00,25,151125
20221123,11:20:03,43103.95,25,151125
20221123,11:21:28,43103.10,150,151125
20221123,11:24:12,43103.10,25,151225
20221123,11:24:13,43097.70,50,151225
20221123,11:25:05,43091.55,125,151225
20221123,11:26:02,43090.00,25,151225
20221123,11:26:09,43090.00,25,151225
20221123,11:26:25,43090.00,25,151225
20221123,11:27:01,43089.85,50,151500
20221123,11:27:03,43091.55,25,151500
20221123,11:27:13,43091.55,25,151500
20221123,11:27:15,43091.55,25,151500
20221123,11:28:16,43094.35,25,151500
20221123,11:29:36,43100.00,25,151500
20221123,11:29:44,43100.00,25,151500
20221123,11:29:46,43100.00,25,151500
20221123,11:31:43,43103.85,25,151725
20221123,11:33:03,43097.90,50,151725
20221123,11:33:56,43100.00,25,151725
20221123,11:33:58,43104.00,25,151725
20221123,11:34:06,43104.30,25,151725
20221123,11:34:20,43104.00,25,151725
20221123,11:34:47,43100.00,25,151725
20221123,11:35:02,43099.05,50,151725
20221123,11:35:15,43097.60,25,151725
20221123,11:37:20,43101.45,100,151900
20221123,11:39:56,43096.90,50,151975
20221123,11:39:57,43096.90,25,151975
20221123,11:40:01,43096.90,25,151975
20221123,11:40:05,43096.25,75,151975
20221123,11:40:30,43096.55,25,151975
20221123,11:40:42,43101.50,25,151975
20221123,11:41:31,43097.30,25,151975
20221123,11:41:43,43100.00,75,151975
20221123,11:41:44,43102.40,50,151975
20221123,11:41:50,43103.70,175,151975
20221123,11:41:51,43103.90,25,151975
20221123,11:42:16,43103.90,25,152200
20221123,11:42:43,43105.00,25,152200
20221123,11:43:02,43105.00,25,152200
20221123,11:43:05,43102.50,50,152200
20221123,11:43:11,43105.30,300,152200
20221123,11:43:14,43105.30,25,152200
20221123,11:43:23,43107.25,500,152200
20221123,11:43:33,43107.40,25,152200
20221123,11:43:34,43107.40,25,152200
20221123,11:43:56,43107.40,25,152200
20221123,11:44:00,43100.15,50,152200
20221123,11:44:05,43101.50,50,152200
20221123,11:44:23,43106.50,25,152200
20221123,11:44:24,43106.45,25,152200
20221123,11:44:54,43106.50,75,152200
20221123,11:44:56,43106.40,100,153200
20221123,11:44:59,43106.35,25,153200
20221123,11:45:00,43106.45,25,153200
20221123,11:45:03,43106.30,50,153200
20221123,11:45:05,43106.80,50,153200
20221123,11:45:48,43105.30,25,153200
20221123,11:46:08,43105.30,25,153200
20221123,11:47:08,43116.85,1025,153200
20221123,11:51:35,43103.05,50,154425
20221123,11:51:56,43110.00,25,154425
20221123,11:52:24,43111.85,25,154425
20221123,11:52:45,43110.00,25,154425
20221123,11:52:54,43110.00,25,154425
20221123,11:54:59,43112.00,25,154475
20221123,11:55:05,43111.00,25,154475
20221123,11:55:13,43112.00,25,154475
20221123,11:55:53,43110.00,25,154475
20221123,11:56:31,43110.00,25,154475
20221123,11:58:24,43101.50,50,154550
20221123,12:00:40,43103.45,25,154575
20221123,12:00:50,43103.15,100,154575
20221123,12:01:01,43101.60,75,154575
20221123,12:02:16,43105.00,25,154575
20221123,12:02:39,43106.00,25,154575
20221123,12:03:06,43099.20,175,154575
20221123,12:03:07,43097.90,200,154550
20221123,12:03:24,43115.00,450,154550
20221123,12:03:26,43120.00,100,154550
20221123,12:03:28,43120.00,25,154550
20221123,12:03:29,43120.00,25,154550
20221123,12:03:32,43120.00,25,154550
20221123,12:03:34,43116.00,25,154550
20221123,12:04:21,43115.30,200,154550
20221123,12:05:09,43113.90,50,154550
20221123,12:07:49,43118.00,25,154650
20221123,12:09:17,43104.50,25,154625
20221123,12:09:36,43105.30,25,154625
20221123,12:10:07,43101.35,25,154625
20221123,12:10:14,43105.00,25,154625
20221123,12:10:20,43104.00,25,154625
20221123,12:10:47,43105.00,75,154625
20221123,12:10:48,43105.00,25,154625
20221123,12:11:17,43101.30,25,154625
20221123,12:12:18,43109.90,25,154850
20221123,12:13:12,43101.35,25,154850
20221123,12:13:23,43101.35,25,154850
20221123,12:14:27,43104.05,50,154850
20221123,12:14:31,43110.05,50,154850
20221123,12:14:57,43116.85,25,154850
20221123,12:15:18,43113.70,25,155000
20221123,12:15:26,43102.55,75,155000
20221123,12:15:52,43103.10,50,155000
20221123,12:16:27,43101.25,50,155000
20221123,12:17:08,43100.55,25,155000
20221123,12:17:22,43100.30,25,155000
20221123,12:18:57,43107.00,25,155050
20221123,12:19:32,43106.95,25,155050
20221123,12:19:56,43106.85,100,155050
20221123,12:20:15,43100.35,25,155050
20221123,12:20:45,43103.25,25,155050
20221123,12:21:56,43100.30,175,155025
20221123,12:22:35,43100.00,125,155025
20221123,12:22:40,43100.30,25,155025
20221123,12:22:50,43100.35,25,155025
20221123,12:23:06,43103.05,25,155025
20221123,12:23:14,43101.90,25,155025
20221123,12:23:29,43102.10,25,155025
20221123,12:24:51,43102.10,25,155025
20221123,12:25:13,43098.05,75,155075
20221123,12:25:43,43105.30,50,155075
20221123,12:25:45,43097.35,25,155075
20221123,12:26:43,43093.25,25,155075
20221123,12:28:15,43103.30,25,155150
20221123,12:29:00,43103.30,25,155150
20221123,12:29:09,43105.40,25,155150
20221123,12:29:15,43097.95,25,155150
20221123,12:29:42,43095.00,550,155150
20221123,12:29:59,43097.95,25,155150
20221123,12:31:47,43103.55,25,155150
20221123,12:32:06,43104.00,25,155525
20221123,12:32:07,43104.80,50,155525
20221123,12:33:08,43106.90,25,155475
20221123,12:34:38,43101.50,50,155475
20221123,12:34:49,43101.50,50,155475
20221123,12:34:51,43101.50,25,155475
20221123,12:36:23,43106.95,50,155475
20221123,12:37:05,43107.00,25,155475
20221123,12:37:50,43107.00,25,155475
20221123,12:37:57,43102.40,25,155475
20221123,12:38:58,43102.00,25,155475
20221123,12:39:11,43104.50,25,155550
20221123,12:39:44,43100.00,50,155550
20221123,12:41:35,43105.00,25,155550
20221123,12:43:33,43105.00,25,155600
20221123,12:44:25,43108.95,25,155600
20221123,12:45:28,43105.00,25,155650
20221123,12:45:41,43111.65,200,155650
20221123,12:49:00,43110.00,50,155550
20221123,12:49:09,43111.35,75,155550
20221123,12:49:54,43113.55,100,155550
20221123,12:50:56,43115.00,25,155550
20221123,12:51:03,43115.00,50,155550
20221123,12:52:09,43115.00,25,155400
20221123,12:52:18,43115.00,25,155400
20221123,12:52:27,43115.00,100,155400
20221123,12:52:36,43115.00,25,155400
20221123,12:52:47,43115.00,75,155400
20221123,12:52:54,43115.00,25,155400
20221123,12:53:04,43115.00,50,155400
20221123,12:53:06,43110.00,25,155400
20221123,12:53:45,43115.00,25,155400
20221123,12:53:47,43115.00,25,155400
20221123,12:54:53,43115.00,25,155225
20221123,12:54:54,43115.00,25,155225
20221123,12:55:19,43115.00,25,155225
20221123,12:56:02,43115.00,25,155225
20221123,12:56:06,43115.00,25,155225
20221123,12:56:15,43115.00,150,155225
20221123,12:56:21,43115.00,50,155225
20221123,12:56:23,43115.00,25,155225
20221123,12:56:24,43112.00,125,155225
20221123,12:56:30,43115.00,100,155225
20221123,12:56:32,43112.15,75,155225
20221123,12:56:34,43115.00,75,155225
20221123,12:56:35,43115.00,25,155225
20221123,12:56:37,43115.00,25,155225
20221123,12:56:40,43116.00,25,155225
20221123,12:56:45,43117.00,25,155225
20221123,12:56:46,43120.00,25,155225
20221123,12:56:52,43120.00,25,155225
20221123,12:57:00,43120.00,25,155225
20221123,12:57:20,43120.00,100,155225
20221123,12:57:49,43120.00,25,155325
20221123,12:57:53,43120.00,25,155325
20221123,12:57:55,43124.00,25,155325
20221123,12:57:58,43124.75,25,155325
20221123,12:58:04,43125.00,75,155325
20221123,12:58:05,43125.00,25,155325
20221123,12:58:29,43127.85,25,155325
20221123,12:58:30,43130.00,50,155325
20221123,12:59:07,43130.00,25,155325
20221123,12:59:14,43130.00,125,155325
20221123,13:00:44,43133.00,25,155325
20221123,13:00:50,43133.00,25,155325
20221123,13:01:04,43142.85,100,155325
20221123,13:01:57,43143.00,125,155325
20221123,13:02:29,43143.00,25,155325
20221123,13:03:37,43138.00,100,155425
20221123,13:04:03,43138.00,25,155425
20221123,13:04:41,43128.00,25,155425
20221123,13:04:58,43128.00,25,155425
20221123,13:05:38,43137.75,25,155425
20221123,13:05:43,43137.90,25,155425
20221123,13:06:17,43137.90,25,155425
20221123,13:06:51,43130.00,25,155425
20221123,13:06:59,43134.40,100,155425
20221123,13:07:56,43134.40,25,155425
20221123,13:08:07,43137.45,25,155425
20221123,13:08:08,43138.00,25,155425
20221123,13:08:27,43138.00,25,155425
20221123,13:08:44,43138.05,25,155425
20221123,13:08:52,43138.10,25,155425
20221123,13:08:57,43132.00,25,155425
20221123,13:09:25,43131.20,25,155725
20221123,13:09:35,43138.55,50,155725
20221123,13:09:58,43137.00,25,155725
20221123,13:10:15,43137.55,50,155725
20221123,13:10:22,43137.65,50,155725
20221123,13:10:34,43135.00,25,155725
20221123,13:10:38,43137.00,25,155725
20221123,13:10:52,43137.00,25,155725
20221123,13:10:54,43136.00,25,155725
20221123,13:11:24,43137.00,25,155725
20221123,13:11:59,43137.00,25,155725
20221123,13:12:05,43137.85,25,155725
20221123,13:13:23,43131.15,25,155975
20221123,13:14:08,43134.90,25,155975
20221123,13:14:20,43135.90,50,155975
20221123,13:14:22,43136.75,25,155975
20221123,13:14:26,43136.00,25,155975
20221123,13:14:48,43137.85,25,155975
20221123,13:15:16,43137.80,25,155975
20221123,13:15:18,43137.75,25,156150
20221123,13:15:19,43137.95,100,156150
20221123,13:15:24,43140.00,50,156150
20221123,13:15:27,43139.40,25,156150
20221123,13:15:40,43140.00,25,156150
20221123,13:15:55,43139.65,75,156150
20221123,13:16:19,43139.15,25,156150
20221123,13:16:29,43138.00,225,156150
20221123,13:16:32,43138.10,100,156150
20221123,13:16:34,43139.50,75,156150
20221123,13:16:37,43139.10,150,156150
20221123,13:16:43,43139.75,25,156150
20221123,13:16:46,43140.00,50,156150
20221123,13:17:00,43140.00,125,156150
20221123,13:17:03,43143.95,50,156150
20221123,13:17:08,43146.50,50,156150
20221123,13:17:10,43150.00,25,156150
20221123,13:18:31,43150.00,25,156925
20221123,13:19:28,43150.00,650,156925
20221123,13:19:31,43150.90,25,156925
20221123,13:19:36,43156.00,25,156925
20221123,13:19:50,43156.00,25,156925
20221123,13:19:55,43156.45,25,156925
20221123,13:20:02,43160.00,50,156925
20221123,13:20:10,43160.00,25,156925
20221123,13:20:17,43160.00,25,156925
20221123,13:20:48,43162.65,25,156925
20221123,13:20:53,43162.65,25,156925
20221123,13:21:25,43157.00,25,157550
20221123,13:22:14,43159.00,25,157550
20221123,13:22:28,43159.00,50,157550
20221123,13:22:30,43161.50,25,157550
20221123,13:22:34,43161.50,75,157550
20221123,13:22:38,43160.00,50,157550
20221123,13:22:53,43160.00,25,157550
20221123,13:23:02,43158.65,25,157550
20221123,13:23:11,43157.00,25,157550
20221123,13:23:19,43152.25,25,157550
20221123,13:23:28,43151.20,100,157550
20221123,13:23:59,43159.20,25,157550
20221123,13:24:37,43159.95,25,157775
20221123,13:25:25,43150.05,25,157775
20221123,13:25:56,43153.90,100,157775
20221123,13:26:04,43150.00,75,157775
20221123,13:26:06,43153.90,50,157775
20221123,13:26:23,43153.90,25,157775
20221123,13:27:04,43153.85,25,157775
20221123,13:27:05,43153.90,25,157775
20221123,13:27:06,43157.20,50,157775
20221123,13:29:05,43150.00,25,158025
20221123,13:29:09,43150.00,25,158025
20221123,13:29:11,43150.00,125,158025
20221123,13:29:13,43150.00,25,158025
20221123,13:29:16,43150.00,50,158025
20221123,13:29:17,43150.00,25,158025
20221123,13:29:38,43142.80,100,158025
20221123,13:30:09,43140.00,25,158025
20221123,13:31:21,43131.55,125,158225
20221123,13:31:50,43131.75,100,158225
20221123,13:32:41,43131.00,50,158225
20221123,13:32:48,43131.00,25,158225
20221123,13:32:49,43131.00,25,158225
20221123,13:33:17,43142.70,250,158525
20221123,13:34:39,43132.30,25,158525
20221123,13:34:56,43141.95,25,158525
20221123,13:35:19,43132.30,25,158525
20221123,13:36:06,43132.00,25,158525
20221123,13:36:51,43132.25,25,158650
20221123,13:37:19,43138.85,25,158650
20221123,13:37:24,43142.00,25,158650
20221123,13:37:30,43142.00,25,158650
20221123,13:38:36,43140.00,50,158650
20221123,13:38:45,43145.00,25,158650
20221123,13:38:46,43145.65,25,158650
20221123,13:38:49,43145.90,75,158650
20221123,13:38:52,43145.90,25,158650
20221123,13:39:04,43147.00,25,158650
20221123,13:39:21,43145.65,25,158875
20221123,13:39:27,43140.75,50,158875
20221123,13:39:29,43145.65,25,158875
20221123,13:40:06,43146.00,25,158875
20221123,13:40:54,43143.80,25,158875
20221123,13:40:58,43144.10,25,158875
20221123,13:41:15,43140.20,100,158875
20221123,13:41:18,43145.40,25,158875
20221123,13:41:19,43148.00,50,158875
20221123,13:41:21,43148.00,25,158875
20221123,13:41:26,43148.50,50,158875
20221123,13:41:27,43147.80,25,158875
20221123,13:41:32,43148.85,25,158875
20221123,13:41:34,43148.75,25,158875
20221123,13:41:35,43148.95,25,158875
20221123,13:41:37,43149.25,25,158875
20221123,13:41:43,43150.00,25,158875
20221123,13:42:34,43144.20,25,159175
20221123,13:42:58,43148.70,75,159175
20221123,13:43:05,43148.70,25,159175
20221123,13:43:08,43149.00,25,159175
20221123,13:43:10,43148.90,25,159175
20221123,13:43:13,43143.70,25,159175
20221123,13:43:32,43147.90,50,159175
20221123,13:43:33,43148.25,75,159175
20221123,13:43:35,43148.25,50,159175
20221123,13:43:36,43148.30,50,159175
20221123,13:43:40,43149.35,25,159175
20221123,13:43:41,43149.85,25,159175
20221123,13:43:43,43150.00,50,159175
20221123,13:43:44,43150.00,50,159175
20221123,13:43:48,43150.00,50,159175
20221123,13:43:55,43149.90,25,159175
20221123,13:43:57,43150.00,25,159175
20221123,13:44:09,43150.00,25,159175
20221123,13:44:10,43150.00,25,159175
20221123,13:44:12,43150.00,25,159175
20221123,13:44:15,43149.95,25,159175
20221123,13:44:18,43150.00,50,159175
20221123,13:44:19,43150.00,50,159175
20221123,13:44:22,43150.00,25,159175
20221123,13:44:24,43155.00,25,159175
20221123,13:44:53,43155.00,50,159175
20221123,13:45:13,43157.00,25,159175
20221123,13:45:27,43157.00,25,159925
20221123,13:45:28,43155.00,50,159925
20221123,13:46:59,43153.90,25,159925
20221123,13:47:05,43151.00,25,159925
20221123,13:47:06,43155.95,25,159925
20221123,13:48:12,43147.65,25,159925
20221123,13:48:43,43154.00,25,160025
20221123,13:48:49,43153.30,25,160025
20221123,13:48:53,43153.30,25,160025
20221123,13:49:23,43153.30,100,160025
20221123,13:49:58,43153.30,25,160025
20221123,13:50:37,43153.05,25,160025
20221123,13:50:41,43153.80,25,160025
20221123,13:50:42,43153.60,25,160025
20221123,13:50:54,43153.80,25,160025
20221123,13:51:05,43156.00,25,160025
20221123,13:51:16,43157.95,25,160025
20221123,13:51:27,43158.00,50,160300
20221123,13:51:38,43159.95,25,160300
20221123,13:51:42,43160.00,175,160300
20221123,13:51:43,43160.00,125,160300
20221123,13:51:45,43165.00,25,160300
20221123,13:52:01,43199.00,1125,160300
20221123,13:52:03,43197.25,50,160300
20221123,13:52:15,43189.30,25,160300
20221123,13:52:28,43179.60,325,160300
20221123,13:52:29,43179.60,100,160300
20221123,13:52:31,43178.45,200,160300
20221123,13:52:33,43181.25,175,160300
20221123,13:52:34,43188.95,100,160300
20221123,13:52:37,43189.00,25,160300
20221123,13:52:46,43196.45,25,160300
20221123,13:52:49,43195.00,25,160300
20221123,13:52:54,43194.65,25,160300
20221123,13:53:09,43185.50,125,160300
20221123,13:53:42,43191.95,75,160300
20221123,13:54:21,43191.95,25,161100
20221123,13:54:40,43192.15,25,161100
20221123,13:54:54,43192.15,50,161100
20221123,13:55:40,43195.85,125,161100
20221123,13:55:44,43190.00,25,161100
20221123,13:55:49,43191.25,25,161100
20221123,13:55:50,43190.75,25,161100
20221123,13:56:01,43196.00,50,161100
20221123,13:56:03,43196.00,25,161100
20221123,13:56:05,43196.00,25,161100
20221123,13:56:06,43196.00,25,161100
20221123,13:56:08,43196.00,25,161100
20221123,13:56:10,43196.45,25,161100
20221123,13:56:17,43198.45,25,161100
20221123,13:56:19,43199.00,50,161100
20221123,13:56:23,43198.45,25,161100
20221123,13:56:25,43199.00,50,161100
20221123,13:56:39,43192.90,75,161100
20221123,13:56:48,43199.00,25,161100
20221123,13:57:15,43194.05,25,161100
20221123,13:57:16,43199.00,25,161100
20221123,13:57:22,43199.00,25,161550
20221123,13:57:25,43195.50,25,161550
20221123,13:57:43,43195.60,25,161550
20221123,13:57:46,43195.55,25,161550
20221123,13:57:49,43189.65,75,161550
20221123,13:58:01,43198.85,25,161550
20221123,13:58:07,43198.80,75,161550
20221123,13:58:09,43193.00,75,161550
20221123,13:58:10,43200.00,25,161550
20221123,13:58:19,43200.00,25,161550
20221123,13:58:26,43198.95,50,161550
20221123,13:58:28,43200.00,25,161550
20221123,13:58:45,43198.15,25,161550
20221123,13:58:46,43194.70,25,161550
20221123,14:00:12,43185.30,25,161550
20221123,14:00:17,43189.60,25,161550
20221123,14:00:40,43190.00,25,161850
20221123,14:00:42,43192.05,25,161850
20221123,14:01:11,43194.00,100,161850
20221123,14:01:13,43197.00,150,161850
20221123,14:01:18,43194.75,100,161850
20221123,14:01:20,43194.70,50,161850
20221123,14:01:29,43195.55,25,161850
20221123,14:01:33,43186.45,75,161850
20221123,14:01:55,43185.90,25,161850
20221123,14:02:01,43194.70,25,161850
20221123,14:02:11,43193.55,50,161850
20221123,14:02:25,43184.65,25,161850
20221123,14:02:39,43181.25,200,161850
20221123,14:03:17,43189.95,25,161850
20221123,14:03:27,43189.85,25,162275
20221123,14:03:30,43189.85,25,162275
20221123,14:03:58,43189.85,25,162275
20221123,14:03:59,43189.55,25,162275
20221123,14:04:01,43189.55,25,162275
20221123,14:04:06,43190.00,25,162275
20221123,14:04:09,43193.20,25,162275
20221123,14:04:10,43193.10,25,162275
20221123,14:04:12,43193.50,25,162275
20221123,14:04:15,43193.55,25,162275
20221123,14:04:48,43190.00,50,162275
20221123,14:05:13,43196.20,25,162275
20221123,14:05:18,43185.00,100,162275
20221123,14:05:24,43197.00,125,162275
20221123,14:05:26,43197.00,25,162275
20221123,14:05:29,43195.85,50,162275
20221123,14:05:31,43197.00,500,162275
20221123,14:05:32,43197.00,350,162275
20221123,14:05:36,43200.00,100,162275
20221123,14:05:37,43200.00,25,162275
20221123,14:05:41,43200.00,50,162275
20221123,14:05:42,43181.70,125,162275
20221123,14:05:58,43199.95,25,162275
20221123,14:05:59,43189.85,100,162275
20221123,14:06:01,43200.00,100,162275
20221123,14:06:02,43200.00,25,162275
20221123,14:06:13,43200.00,25,162275
20221123,14:06:14,43190.20,100,162275
20221123,14:06:30,43188.35,100,162575
20221123,14:06:36,43199.95,25,162575
20221123,14:06:40,43199.95,25,162575
20221123,14:06:44,43194.05,125,162575
20221123,14:06:51,43199.95,25,162575
20221123,14:06:58,43190.00,100,162575
20221123,14:07:16,43190.05,100,162575
20221123,14:07:21,43199.95,25,162575
20221123,14:07:29,43199.95,25,162575
20221123,14:07:31,43190.05,125,162575
20221123,14:07:36,43200.00,50,162575
20221123,14:07:42,43200.00,100,162575
20221123,14:07:47,43180.05,100,162575
20221123,14:07:57,43197.40,25,162575
20221123,14:08:02,43188.20,100,162575
20221123,14:08:14,43187.95,100,162575
20221123,14:08:29,43180.00,100,162575
20221123,14:08:43,43178.85,100,162575
20221123,14:08:57,43178.05,100,162575
20221123,14:09:48,43198.95,25,162550
20221123,14:09:49,43200.00,250,162550
20221123,14:09:51,43200.00,25,162550
20221123,14:10:02,43200.00,25,162550
20221123,14:10:03,43200.00,25,162550
20221123,14:10:29,43200.00,25,162550
20221123,14:10:32,43200.00,25,162550
20221123,14:10:35,43195.00,25,162550
20221123,14:10:58,43200.00,50,162550
20221123,14:11:16,43198.00,100,162550
20221123,14:11:28,43199.55,25,162550
20221123,14:12:08,43197.00,25,162550
20221123,14:12:13,43197.00,25,162550
20221123,14:12:35,43191.35,25,162950
20221123,14:12:38,43194.35,25,162950
20221123,14:13:08,43194.00,100,162950
20221123,14:13:10,43194.00,25,162950
20221123,14:13:11,43194.00,25,162950
20221123,14:13:12,43194.00,300,162950
20221123,14:13:14,43194.00,25,162950
20221123,14:13:17,43194.00,25,162950
20221123,14:13:33,43194.00,25,162950
20221123,14:13:41,43197.30,50,162950
20221123,14:13:53,43200.00,25,162950
20221123,14:13:58,43195.20,25,162950
20221123,14:14:08,43200.00,50,162950
20221123,14:14:20,43196.05,25,162950
20221123,14:14:37,43207.00,50,162950
20221123,14:15:00,43210.00,50,162950
20221123,14:15:01,43210.00,50,162950
20221123,14:15:06,43210.00,50,162950
20221123,14:15:08,43210.00,100,162950
20221123,14:15:14,43210.00,25,162950
20221123,14:15:16,43210.00,25,162950
20221123,14:15:18,43210.00,25,162950
20221123,14:15:31,43210.00,50,163100
20221123,14:15:32,43210.95,50,163100
20221123,14:15:34,43211.00,25,163100
20221123,14:15:44,43211.00,50,163100
20221123,14:15:47,43208.00,25,163100
20221123,14:15:55,43200.00,25,163100
20221123,14:16:29,43212.60,25,163100
20221123,14:16:34,43212.60,25,163100
20221123,14:16:39,43212.65,25,163100
20221123,14:16:51,43212.65,50,163100
20221123,14:17:28,43211.95,25,163100
20221123,14:17:46,43205.00,25,163100
20221123,14:17:53,43205.00,25,163100
20221123,14:18:03,43198.00,25,163100
20221123,14:18:09,43207.60,50,163100
20221123,14:18:23,43200.75,25,163225
20221123,14:18:28,43205.00,25,163225
20221123,14:18:35,43208.85,25,163225
20221123,14:18:58,43208.90,25,163225
20221123,14:19:00,43210.60,100,163225
20221123,14:19:01,43210.55,25,163225
20221123,14:19:37,43205.00,25,163225
20221123,14:19:56,43200.00,25,163225
20221123,14:20:20,43204.05,25,163225
20221123,14:20:21,43204.05,25,163225
20221123,14:20:23,43194.40,25,163225
20221123,14:20:24,43204.00,25,163225
20221123,14:20:26,43204.00,25,163225
20221123,14:20:27,43204.00,25,163225
20221123,14:20:57,43204.00,25,163225
20221123,14:21:09,43205.00,25,163225
20221123,14:21:14,43205.00,25,163225
20221123,14:21:17,43205.00,25,163225
20221123,14:21:18,43196.55,25,163225
20221123,14:21:24,43205.85,25,163150
20221123,14:21:28,43204.65,25,163150
20221123,14:21:35,43206.00,50,163150
20221123,14:21:40,43205.00,25,163150
20221123,14:21:45,43206.45,25,163150
20221123,14:21:46,43206.50,50,163150
20221123,14:22:17,43209.00,100,163150
20221123,14:22:36,43209.85,50,163150
20221123,14:22:37,43208.95,25,163150
20221123,14:22:50,43200.15,25,163150
20221123,14:23:02,43198.50,200,163150
20221123,14:23:06,43207.40,25,163150
20221123,14:23:10,43200.00,25,163150
20221123,14:23:12,43206.50,25,163150
20221123,14:23:45,43207.55,25,163150
20221123,14:23:51,43208.35,25,163150
20221123,14:24:06,43206.50,25,163150
20221123,14:24:20,43206.50,25,163150
20221123,14:24:21,43207.00,25,163150
20221123,14:25:25,43202.05,25,163250
20221123,14:25:47,43206.95,25,163250
20221123,14:25:49,43202.05,25,163250
20221123,14:25:57,43206.95,25,163250
20221123,14:26:02,43206.95,25,163250
20221123,14:26:03,43207.00,25,163250
20221123,14:26:11,43209.95,25,163250
20221123,14:26:31,43210.00,25,163250
20221123,14:26:55,43210.00,100,163250
20221123,14:26:57,43210.00,25,163250
20221123,14:27:06,43210.25,25,163250
20221123,14:27:35,43210.35,25,163400
20221123,14:27:42,43208.85,25,163400
20221123,14:27:45,43210.00,25,163400
20221123,14:28:01,43213.10,75,163400
20221123,14:28:14,43213.10,25,163400
20221123,14:28:28,43212.40,25,163400
20221123,14:28:41,43213.55,50,163400
20221123,14:28:53,43214.30,50,163400
20221123,14:29:32,43214.35,25,163400
20221123,14:29:41,43215.00,25,163400
20221123,14:29:50,43215.00,25,163400
20221123,14:30:16,43213.95,25,163400
20221123,14:30:42,43214.00,25,163700
20221123,14:31:05,43213.95,25,163700
20221123,14:31:16,43204.65,25,163700
20221123,14:31:48,43213.95,25,163700
20221123,14:32:11,43215.05,150,163700
20221123,14:32:27,43215.05,25,163700
20221123,14:32:38,43208.10,25,163700
20221123,14:32:45,43214.55,50,163700
20221123,14:32:53,43215.00,25,163700
20221123,14:32:54,43207.45,25,163700
20221123,14:32:56,43215.00,25,163700
20221123,14:33:12,43215.00,25,163700
20221123,14:33:28,43209.20,25,163925
20221123,14:34:14,43204.00,100,163925
20221123,14:34:23,43208.25,25,163925
20221123,14:34:25,43214.65,25,163925
20221123,14:34:40,43214.95,25,163925
20221123,14:34:50,43214.85,25,163925
20221123,14:34:59,43214.40,25,163925
20221123,14:35:10,43200.00,200,163925
20221123,14:35:39,43209.65,25,163925
20221123,14:35:53,43199.55,50,163925
20221123,14:35:57,43208.75,25,163925
20221123,14:36:30,43200.05,25,163925
20221123,14:36:46,43200.05,25,164000
20221123,14:37:05,43200.00,25,164000
20221123,14:37:29,43199.95,50,164000
20221123,14:37:52,43200.00,25,164000
20221123,14:37:54,43193.35,25,164000
20221123,14:37:57,43195.00,25,164000
20221123,14:38:51,43206.40,25,164000
20221123,14:39:02,43203.40,25,164000
20221123,14:39:52,43200.00,25,164125
20221123,14:39:53,43206.00,25,164125
20221123,14:39:58,43206.00,25,164125
20221123,14:40:19,43210.00,25,164125
20221123,14:40:22,43208.85,25,164125
20221123,14:40:36,43208.20,25,164125
20221123,14:40:37,43208.25,25,164125
20221123,14:40:51,43208.70,100,164125
20221123,14:41:00,43214.95,25,164125
20221123,14:41:09,43207.30,25,164125
20221123,14:41:30,43215.00,75,164125
20221123,14:41:31,43222.70,125,164125
20221123,14:41:33,43225.00,125,164125
20221123,14:41:35,43225.00,100,164125
20221123,14:41:40,43228.75,25,164125
20221123,14:41:41,43229.80,25,164125
20221123,14:41:43,43229.80,50,164125
20221123,14:41:45,43229.50,25,164125
20221123,14:42:13,43226.40,50,164125
20221123,14:42:21,43230.00,475,164125
20221123,14:42:24,43231.65,25,164125
20221123,14:42:31,43231.65,25,165300
20221123,14:42:36,43229.90,50,165300
20221123,14:42:37,43229.90,50,165300
20221123,14:42:39,43230.40,100,165300
20221123,14:42:42,43229.40,25,165300
20221123,14:42:47,43230.00,125,165300
20221123,14:42:51,43229.95,25,165300
20221123,14:42:57,43231.65,25,165300
20221123,14:43:01,43230.40,25,165300
20221123,14:43:02,43230.00,25,165300
20221123,14:43:04,43233.00,25,165300
20221123,14:43:09,43233.00,25,165300
20221123,14:43:10,43233.00,25,165300
20221123,14:43:13,43233.85,100,165300
20221123,14:43:15,43234.00,25,165300
20221123,14:43:17,43234.00,25,165300
20221123,14:43:20,43232.40,50,165300
20221123,14:43:25,43234.65,25,165300
20221123,14:43:30,43238.95,175,165300
20221123,14:43:31,43238.95,25,165300
20221123,14:43:33,43238.95,75,165300
20221123,14:43:35,43239.45,75,165300
20221123,14:43:36,43239.60,100,165300
20221123,14:43:44,43236.45,25,165300
20221123,14:43:45,43240.00,25,165300
20221123,14:43:47,43241.70,25,165300
20221123,14:44:08,43241.90,50,165300
20221123,14:44:09,43241.15,50,165300
20221123,14:44:11,43241.15,50,165300
20221123,14:44:15,43241.15,25,165300
20221123,14:44:17,43241.15,25,165300
20221123,14:44:18,43241.15,75,165300
20221123,14:44:22,43241.00,25,165300
20221123,14:44:23,43241.15,125,165300
20221123,14:44:25,43241.70,25,165300
20221123,14:44:26,43244.95,50,165300
20221123,14:44:28,43245.40,25,165300
20221123,14:44:33,43245.40,25,165300
20221123,14:45:03,43245.40,25,165300
20221123,14:45:04,43249.10,100,165300
20221123,14:45:09,43250.00,300,165300
20221123,14:45:12,43250.00,50,165300
20221123,14:45:15,43250.00,25,165300
20221123,14:45:17,43250.00,50,165300
20221123,14:45:18,43251.10,25,165300
20221123,14:45:20,43251.10,25,165300
20221123,14:45:23,43250.50,25,165300
20221123,14:45:29,43250.50,25,167525
20221123,14:45:35,43250.00,25,167525
20221123,14:45:37,43251.55,25,167525
20221123,14:45:45,43251.55,250,167525
20221123,14:45:48,43252.95,25,167525
20221123,14:45:50,43252.95,25,167525
20221123,14:46:02,43250.00,25,167525
20221123,14:46:06,43249.65,25,167525
20221123,14:46:19,43250.00,25,167525
20221123,14:46:27,43242.70,25,167525
20221123,14:46:45,43250.00,25,167525
20221123,14:46:47,43250.00,25,167525
20221123,14:46:48,43250.00,75,167525
20221123,14:46:50,43250.00,25,167525
20221123,14:46:52,43250.00,700,167525
20221123,14:46:53,43250.00,50,167525
20221123,14:46:55,43250.00,75,167525
20221123,14:46:56,43252.00,100,167525
20221123,14:47:11,43252.00,25,167525
20221123,14:47:13,43252.00,25,167525
20221123,14:47:22,43255.50,25,167525
20221123,14:47:32,43255.50,25,167525
20221123,14:47:35,43257.00,50,167525
20221123,14:47:37,43257.00,25,167525
20221123,14:47:49,43254.55,50,167525
20221123,14:48:02,43254.00,25,167525
20221123,14:48:05,43254.55,25,167525
20221123,14:48:08,43254.95,50,167525
20221123,14:48:10,43254.95,25,167525
20221123,14:48:15,43256.20,25,167525
20221123,14:48:16,43253.20,75,167525
20221123,14:48:18,43252.50,75,167525
20221123,14:48:19,43252.50,25,167525
20221123,14:48:30,43254.45,25,169200
20221123,14:48:42,43250.00,25,169200
20221123,14:48:53,43250.00,25,169200
20221123,14:48:56,43245.00,25,169200
20221123,14:48:59,43245.00,25,169200
20221123,14:49:04,43244.50,25,169200
20221123,14:49:06,43246.45,25,169200
20221123,14:49:17,43243.55,50,169200
20221123,14:49:42,43248.30,25,169200
20221123,14:49:45,43248.45,25,169200
20221123,14:49:52,43249.40,25,169200
20221123,14:49:58,43240.15,25,169200
20221123,14:50:29,43243.05,25,169200
20221123,14:50:51,43242.55,50,169200
20221123,14:51:12,43241.90,200,169200
20221123,14:51:17,43250.00,50,169200
20221123,14:51:19,43250.00,50,169200
20221123,14:51:20,43250.00,50,169200
20221123,14:51:22,43259.70,425,169200
20221123,14:51:40,43259.80,100,169750
20221123,14:51:45,43259.80,50,169750
20221123,14:51:47,43255.00,25,169750
20221123,14:51:55,43255.00,75,169750
20221123,14:51:57,43255.00,75,169750
20221123,14:51:58,43255.00,50,169750
20221123,14:52:00,43255.00,50,169750
20221123,14:52:02,43255.00,100,169750
20221123,14:52:03,43255.00,100,169750
20221123,14:52:05,43255.00,175,169750
20221123,14:52:08,43264.65,75,169750
20221123,14:52:28,43258.55,50,169750
20221123,14:52:30,43266.00,25,169750
20221123,14:52:31,43266.00,25,169750
20221123,14:52:43,43266.65,25,169750
20221123,14:52:57,43268.00,50,169750
20221123,14:52:59,43266.65,50,169750
20221123,14:53:01,43266.65,50,169750
20221123,14:53:04,43266.65,125,169750
20221123,14:53:06,43270.00,50,169750
20221123,14:53:10,43276.50,275,169750
20221123,14:53:12,43277.00,125,169750
20221123,14:53:14,43277.00,75,169750
20221123,14:53:15,43276.50,100,169750
20221123,14:53:17,43276.50,100,169750
20221123,14:53:18,43276.50,150,169750
20221123,14:53:20,43276.50,125,169750
20221123,14:53:22,43270.00,75,169750
20221123,14:53:28,43270.00,25,169750
20221123,14:53:33,43270.00,25,169750
20221123,14:53:36,43279.35,25,169750
20221123,14:53:41,43279.80,50,169750
20221123,14:53:45,43279.80,25,169750
20221123,14:53:47,43275.95,25,169750
20221123,14:53:48,43275.70,25,169750
20221123,14:54:21,43274.65,25,169750
20221123,14:54:24,43269.55,25,169750
20221123,14:54:28,43270.45,25,169750
20221123,14:54:31,43270.45,25,171000
20221123,14:54:37,43273.00,25,171000
20221123,14:54:49,43275.00,25,171000
20221123,14:54:50,43270.50,250,171000
20221123,14:54:58,43272.00,25,171000
20221123,14:55:00,43273.05,100,171000
20221123,14:55:02,43277.30,75,171000
20221123,14:55:14,43280.00,50,171000
20221123,14:55:16,43280.30,50,171000
20221123,14:55:21,43281.55,50,171000
20221123,14:55:25,43280.00,25,171000
20221123,14:55:36,43285.40,25,171000
20221123,14:55:40,43286.00,25,171000
20221123,14:55:42,43290.00,25,171000
20221123,14:55:45,43290.00,100,171000
20221123,14:55:52,43297.50,50,171000
20221123,14:55:57,43297.95,50,171000
20221123,14:55:59,43298.00,25,171000
20221123,14:56:02,43298.00,25,171000
20221123,14:56:07,43302.00,475,171000
20221123,14:56:09,43303.15,125,171000
20221123,14:56:17,43303.05,25,171000
20221123,14:56:19,43306.00,50,171000
20221123,14:56:20,43303.05,50,171000
20221123,14:56:22,43303.05,100,171000
20221123,14:56:23,43303.05,75,171000
20221123,14:56:28,43306.00,25,171000
20221123,14:56:30,43305.00,25,171000
20221123,14:56:41,43303.05,75,171000
20221123,14:56:43,43306.00,75,171000
20221123,14:56:44,43307.55,200,171000
20221123,14:56:46,43306.00,50,171000
20221123,14:56:49,43303.05,25,171000
20221123,14:56:51,43305.35,25,171000
20221123,14:57:12,43305.35,50,171000
20221123,14:57:15,43303.05,150,171000
20221123,14:57:18,43303.05,25,171000
20221123,14:57:24,43303.05,25,171000
20221123,14:57:26,43305.00,25,171000
20221123,14:57:27,43303.05,25,171000
20221123,14:57:29,43305.35,25,171000
20221123,14:57:42,43303.05,25,172625
20221123,14:57:47,43307.30,25,172625
20221123,14:57:58,43303.05,25,172625
20221123,14:58:13,43305.00,25,172625
20221123,14:58:18,43305.35,25,172625
20221123,14:58:20,43303.05,50,172625
20221123,14:58:24,43300.00,100,172625
20221123,14:58:26,43300.60,25,172625
20221123,14:58:32,43300.00,25,172625
20221123,14:58:37,43300.00,225,172625
20221123,14:58:56,43300.00,50,172625
20221123,14:59:06,43300.00,25,172625
20221123,14:59:13,43300.00,25,172625
20221123,14:59:21,43298.20,25,172625
20221123,14:59:50,43292.30,50,172625
20221123,14:59:55,43290.00,25,172625
20221123,15:00:00,43295.00,25,172625
20221123,15:00:01,43292.45,25,172625
20221123,15:00:08,43286.45,25,172625
20221123,15:00:15,43280.00,225,172625
20221123,15:00:26,43271.20,25,172625
20221123,15:00:34,43271.65,25,173425
20221123,15:00:39,43273.05,25,173425
20221123,15:00:43,43271.20,25,173425
20221123,15:00:44,43271.20,25,173425
20221123,15:00:59,43270.05,25,173425
20221123,15:01:04,43276.20,25,173425
20221123,15:01:12,43271.20,25,173425
20221123,15:01:20,43270.00,25,173425
20221123,15:01:21,43270.00,25,173425
20221123,15:01:41,43280.00,50,173425
20221123,15:01:44,43280.45,25,173425
20221123,15:01:56,43280.45,25,173425
20221123,15:02:02,43272.30,75,173425
20221123,15:02:07,43280.00,25,173425
20221123,15:02:11,43279.00,25,173425
20221123,15:02:20,43272.30,25,173425
20221123,15:02:22,43271.20,50,173425
20221123,15:02:30,43266.70,175,173425
20221123,15:02:41,43272.20,25,173425
20221123,15:02:54,43254.75,50,173425
20221123,15:03:02,43257.55,50,173425
20221123,15:03:22,43250.65,50,173425
20221123,15:03:23,43250.65,25,173425
20221123,15:03:27,43251.50,25,173425
20221123,15:03:30,43250.00,25,173425
20221123,15:03:35,43255.70,50,173725
20221123,15:03:36,43250.00,25,173725
20221123,15:03:46,43256.50,25,173725
20221123,15:03:48,43250.05,25,173725
20221123,15:04:03,43250.05,25,173725
20221123,15:04:06,43251.50,100,173725
20221123,15:04:11,43251.50,50,173725
20221123,15:04:15,43251.00,25,173725
20221123,15:04:26,43247.75,375,173725
20221123,15:04:31,43249.55,25,173725
20221123,15:04:36,43256.60,50,173725
20221123,15:04:39,43256.75,25,173725
20221123,15:04:48,43252.60,25,173725
20221123,15:05:01,43252.60,75,173725
20221123,15:05:02,43248.85,25,173725
20221123,15:05:04,43245.00,25,173725
20221123,15:05:07,43240.15,125,173725
20221123,15:05:09,43247.55,25,173725
20221123,15:05:30,43237.50,100,173725
20221123,15:05:35,43228.50,75,173725
20221123,15:05:37,43229.90,50,173725
20221123,15:05:42,43223.30,25,173725
20221123,15:05:47,43229.15,25,173725
20221123,15:05:49,43224.50,25,173725
20221123,15:06:21,43226.90,50,173725
20221123,15:06:24,43222.10,25,173725
20221123,15:06:29,43225.95,25,173725
20221123,15:06:32,43230.85,50,174525
20221123,15:06:34,43228.80,25,174525
20221123,15:06:43,43234.55,25,174525
20221123,15:06:56,43230.95,25,174525
20221123,15:06:58,43233.40,25,174525
20221123,15:07:06,43233.40,75,174525
20221123,15:07:22,43234.25,25,174525
20221123,15:07:25,43238.00,25,174525
20221123,15:07:32,43239.00,25,174525
20221123,15:07:33,43236.90,100,174525
20221123,15:07:57,43235.55,50,174525
20221123,15:08:05,43237.25,50,174525
20221123,15:08:07,43230.00,50,174525
20221123,15:08:12,43220.00,75,174525
20221123,15:08:13,43220.00,75,174525
20221123,15:08:15,43211.20,50,174525
20221123,15:08:20,43218.35,25,174525
20221123,15:08:23,43214.25,25,174525
20221123,15:08:24,43204.05,50,174525
20221123,15:08:26,43204.00,25,174525
20221123,15:08:34,43200.00,25,174525
20221123,15:08:36,43200.00,50,174525
20221123,15:08:40,43201.70,75,174525
20221123,15:08:44,43200.05,25,174525
20221123,15:08:47,43206.75,50,174525
20221123,15:08:48,43205.45,50,174525
20221123,15:08:50,43200.00,75,174525
20221123,15:08:52,43199.95,75,174525
20221123,15:09:00,43199.60,25,174525
20221123,15:09:03,43190.00,50,174525
20221123,15:09:05,43189.25,350,174525
20221123,15:09:10,43178.00,50,174525
20221123,15:09:12,43170.00,100,174525
20221123,15:09:15,43173.20,25,174525
20221123,15:09:20,43173.85,50,174525
20221123,15:09:21,43176.45,50,174525
20221123,15:09:25,43183.05,25,174525
20221123,15:09:26,43186.80,50,174525
20221123,15:09:28,43185.05,50,174525
20221123,15:09:29,43182.10,175,174525
20221123,15:09:33,43186.50,75,175250
20221123,15:09:34,43181.40,100,175250
20221123,15:09:36,43183.90,100,175250
20221123,15:09:37,43181.80,25,175250
20221123,15:09:44,43184.25,50,175250
20221123,15:09:46,43183.00,50,175250
20221123,15:09:47,43182.00,125,175250
20221123,15:09:49,43187.70,50,175250
20221123,15:09:51,43181.40,125,175250
20221123,15:09:52,43189.50,50,175250
20221123,15:09:54,43183.75,50,175250
20221123,15:09:55,43185.00,100,175250
20221123,15:09:57,43185.05,50,175250
20221123,15:10:00,43181.80,25,175250
20221123,15:10:02,43186.85,50,175250
20221123,15:10:04,43182.00,100,175250
20221123,15:10:05,43186.40,25,175250
20221123,15:10:08,43185.75,75,175250
20221123,15:10:10,43187.00,75,175250
20221123,15:10:13,43185.00,25,175250
20221123,15:10:25,43182.00,25,175250
20221123,15:10:27,43182.00,25,175250
20221123,15:10:30,43182.00,25,175250
20221123,15:10:31,43182.00,25,175250
20221123,15:10:33,43176.55,225,175250
20221123,15:10:39,43189.25,250,175250
20221123,15:10:41,43189.25,50,175250
20221123,15:10:43,43189.25,25,175250
20221123,15:10:44,43189.25,25,175250
20221123,15:10:55,43190.75,200,175250
20221123,15:10:58,43189.25,25,175250
20221123,15:11:02,43181.30,25,175250
20221123,15:11:27,43190.05,75,175250
20221123,15:11:37,43200.00,50,175250
20221123,15:11:38,43203.40,175,175250
20221123,15:11:46,43208.35,125,175250
20221123,15:11:57,43200.00,25,175250
20221123,15:12:00,43200.00,75,175250
20221123,15:12:12,43200.00,75,175250
20221123,15:12:13,43200.00,50,175250
20221123,15:12:15,43199.75,25,175250
20221123,15:12:35,43207.75,50,177400
20221123,15:12:41,43202.20,25,177400
20221123,15:12:46,43205.00,50,177400
20221123,15:12:51,43201.55,50,177400
20221123,15:12:57,43201.00,75,177400
20221123,15:13:06,43200.00,25,177400
20221123,15:13:11,43201.00,125,177400
20221123,15:13:16,43200.95,25,177400
20221123,15:13:47,43205.00,50,177400
20221123,15:13:56,43205.10,25,177400
20221123,15:13:58,43207.05,50,177400
20221123,15:14:01,43207.45,75,177400
20221123,15:14:03,43207.45,25,177400
20221123,15:14:06,43201.00,25,177400
20221123,15:14:10,43204.00,75,177400
20221123,15:14:12,43200.00,50,177400
20221123,15:14:13,43200.00,75,177400
20221123,15:14:15,43197.35,50,177400
20221123,15:14:17,43197.30,25,177400
20221123,15:14:23,43198.20,125,177400
20221123,15:14:25,43200.75,50,177400
20221123,15:14:26,43191.75,450,177400
20221123,15:14:50,43200.00,25,177400
20221123,15:14:53,43198.70,25,177400
20221123,15:14:58,43198.25,25,177400
20221123,15:15:06,43191.00,50,177400
20221123,15:15:07,43190.00,50,177400
20221123,15:15:09,43189.05,25,177400
20221123,15:15:12,43180.00,25,177400
20221123,15:15:28,43172.25,25,177400
20221123,15:15:30,43170.00,50,177400
20221123,15:15:35,43172.25,25,178475
20221123,15:15:36,43178.25,25,178475
20221123,15:15:50,43173.20,100,178475
20221123,15:15:55,43173.20,25,178475
20221123,15:15:56,43173.20,100,178475
20221123,15:15:58,43177.55,300,178475
20221123,15:16:00,43173.50,25,178475
20221123,15:16:01,43169.65,25,178475
20221123,15:16:20,43172.25,25,178475
20221123,15:16:21,43178.25,50,178475
20221123,15:16:30,43172.25,25,178475
20221123,15:16:36,43172.20,25,178475
20221123,15:16:44,43170.00,25,178475
20221123,15:16:46,43168.00,25,178475
20221123,15:16:51,43163.00,50,178475
20221123,15:16:52,43165.60,25,178475
20221123,15:16:54,43171.35,25,178475
20221123,15:16:57,43166.20,150,178475
20221123,15:17:08,43178.00,25,178475
20221123,15:17:13,43172.35,50,178475
20221123,15:17:18,43173.25,50,178475
20221123,15:17:31,43180.25,25,178475
20221123,15:17:33,43184.95,50,178475
20221123,15:17:38,43185.00,75,178475
20221123,15:17:42,43179.25,25,178475
20221123,15:17:47,43177.05,300,178475
20221123,15:17:49,43188.40,25,178475
20221123,15:17:54,43182.25,25,178475
20221123,15:17:59,43180.00,50,178475
20221123,15:18:02,43182.05,25,178475
20221123,15:18:09,43182.05,100,178475
20221123,15:18:22,43174.05,25,178475
20221123,15:18:27,43173.70,100,178475
20221123,15:18:29,43176.95,25,178475
20221123,15:18:35,43177.00,25,180000
20221123,15:18:37,43184.25,150,180000
20221123,15:18:56,43172.90,25,180000
20221123,15:19:02,43177.25,25,180000
20221123,15:19:09,43174.35,75,180000
20221123,15:19:10,43173.65,50,180000
20221123,15:19:15,43175.90,25,180000
20221123,15:19:17,43175.00,75,180000
20221123,15:19:28,43173.85,75,180000
20221123,15:19:51,43175.00,50,180000
20221123,15:20:05,43170.00,25,180000
20221123,15:20:07,43170.00,50,180000
20221123,15:20:08,43172.00,25,180000
20221123,15:20:10,43173.10,50,180000
20221123,15:20:15,43173.25,25,180000
20221123,15:20:16,43172.25,25,180000
20221123,15:20:18,43174.50,125,180000
20221123,15:20:24,43175.00,25,180000
20221123,15:20:29,43177.25,25,180000
20221123,15:20:31,43177.25,175,180000
20221123,15:20:34,43177.70,50,180000
20221123,15:20:39,43178.75,100,180000
20221123,15:20:54,43179.00,25,180000
20221123,15:21:05,43180.00,50,180000
20221123,15:21:08,43180.00,50,180000
20221123,15:21:10,43187.25,550,180000
20221123,15:21:22,43187.25,50,180000
20221123,15:21:25,43182.00,25,180000
20221123,15:21:38,43186.10,25,181700
20221123,15:21:39,43188.15,25,181700
20221123,15:21:41,43189.50,50,181700
20221123,15:21:43,43193.10,100,181700
20221123,15:21:48,43187.10,75,181700
20221123,15:21:49,43193.55,100,181700
20221123,15:21:51,43185.05,50,181700
20221123,15:21:53,43190.00,500,181700
20221123,15:21:59,43188.80,25,181700
20221123,15:22:01,43185.00,25,181700
20221123,15:22:18,43188.50,75,181700
20221123,15:22:20,43192.25,25,181700
20221123,15:22:23,43185.20,25,181700
20221123,15:22:26,43192.40,25,181700
20221123,15:22:29,43186.00,25,181700
20221123,15:22:34,43186.00,50,181700
20221123,15:22:36,43186.00,25,181700
20221123,15:22:37,43186.00,25,181700
20221123,15:22:47,43186.00,50,181700
20221123,15:22:49,43186.00,25,181700
20221123,15:23:06,43186.00,50,181700
20221123,15:23:13,43190.00,50,181700
20221123,15:23:24,43186.00,50,181700
20221123,15:23:30,43186.00,75,181700
20221123,15:23:38,43185.00,550,181700
20221123,15:23:46,43185.00,25,181700
20221123,15:23:48,43185.90,25,181700
20221123,15:24:16,43185.00,25,181700
20221123,15:24:21,43185.00,200,181700
20221123,15:24:22,43185.00,25,181700
20221123,15:24:24,43186.00,75,181700
20221123,15:24:27,43185.00,100,181700
20221123,15:24:31,43185.00,25,181700
20221123,15:24:34,43185.00,25,181700
20221123,15:24:35,43186.70,25,181700
20221123,15:24:41,43185.00,75,183725
20221123,15:24:47,43185.00,100,183725
20221123,15:24:50,43185.00,25,183725
20221123,15:24:55,43185.00,50,183725
20221123,15:25:01,43185.00,50,183725
20221123,15:25:04,43185.00,25,183725
20221123,15:25:06,43185.00,175,183725
20221123,15:25:07,43185.00,100,183725
20221123,15:25:18,43181.90,125,183725
20221123,15:25:19,43181.65,25,183725
20221123,15:25:31,43181.95,25,183725
20221123,15:25:39,43172.30,25,183725
20221123,15:25:45,43171.55,50,183725
20221123,15:25:48,43180.95,25,183725
20221123,15:25:50,43172.30,100,183725
20221123,15:25:53,43176.00,25,183725
20221123,15:25:55,43178.35,25,183725
20221123,15:25:58,43179.20,50,183725
20221123,15:26:01,43180.95,25,183725
20221123,15:26:12,43180.95,25,183725
20221123,15:26:25,43171.60,25,183725
20221123,15:26:28,43175.30,25,183725
20221123,15:26:41,43180.00,25,183725
20221123,15:26:42,43174.45,25,183725
20221123,15:26:49,43183.60,125,183725
20221123,15:26:51,43176.50,25,183725
20221123,15:26:54,43184.95,25,183725
20221123,15:27:00,43184.00,25,183725
20221123,15:27:07,43184.00,50,183725
20221123,15:27:10,43184.00,25,183725
20221123,15:27:17,43184.00,25,183725
20221123,15:27:28,43182.00,25,183725
20221123,15:27:54,43182.00,25,184650
20221123,15:28:00,43175.00,50,184650
20221123,15:28:03,43175.00,50,184650
20221123,15:28:14,43175.30,50,184650
20221123,15:28:38,43177.00,50,184650
20221123,15:28:39,43180.00,25,184650
20221123,15:28:45,43180.00,25,184650
20221123,15:28:47,43181.75,25,184650
20221123,15:29:03,43180.00,75,184650
20221123,15:29:05,43180.05,50,184650
20221123,15:29:06,43182.30,125,184650
20221123,15:29:09,43180.05,100,184650
20221123,15:29:14,43182.30,25,184650
20221123,15:29:16,43180.00,25,184650
20221123,15:29:17,43181.70,150,184650
20221123,15:29:27,43184.95,25,184650
20221123,15:29:33,43180.00,50,184650
20221123,15:29:35,43173.00,150,184650
20221123,15:29:37,43172.70,25,184650
20221123,15:29:43,43178.90,125,184650
20221123,15:29:53,43169.00,25,184650
20221123,15:29:58,43170.00,25,184650
