20221123,09:15:00,42755.70,1,1346850
20221123,09:15:00,42899.80,1,1346850
20221123,09:15:00,42845.10,150,1346850
20221123,09:15:01,42841.65,225,1346850
20221123,09:15:02,42847.60,125,1346850
20221123,09:15:03,42847.00,425,1346850
20221123,09:15:04,42837.55,375,1346850
20221123,09:15:06,42819.95,425,1346850
20221123,09:15:07,42803.60,675,1346850
20221123,09:15:08,42806.25,675,1346850
20221123,09:15:10,42777.80,675,1346850
20221123,09:15:11,42781.95,375,1346850
20221123,09:15:12,42796.60,125,1346850
20221123,09:15:14,42791.75,250,1346850
20221123,09:15:15,42813.25,1025,1346850
20221123,09:15:17,42796.70,100,1346850
20221123,09:15:18,42796.65,200,1346850
20221123,09:15:20,42811.15,250,1346850
20221123,09:15:21,42822.00,350,1346850
20221123,09:15:23,42814.90,250,1346850
20221123,09:15:24,42817.05,75,1346850
20221123,09:15:26,42824.95,175,1346850
20221123,09:15:27,42821.70,925,1346850
20221123,09:15:29,42814.70,375,1346850
20221123,09:15:30,42827.70,775,1346850
20221123,09:15:32,42815.20,25,1346850
20221123,09:15:33,42819.95,75,1346850
20221123,09:15:35,42820.85,525,1346850
20221123,09:15:36,42811.40,100,1346850
20221123,09:15:38,42816.95,425,1346850
20221123,09:15:39,42810.00,100,1346850
20221123,09:15:41,42815.10,150,1346850
20221123,09:15:42,42808.90,450,1346850
20221123,09:15:44,42814.05,50,1346850
20221123,09:15:46,42814.90,100,1346850
20221123,09:15:47,42814.00,75,1346850
20221123,09:15:49,42813.20,125,1346850
20221123,09:15:50,42813.90,375,1346850
20221123,09:15:52,42814.35,75,1346850
20221123,09:15:53,42817.50,225,1346850
20221123,09:15:55,42818.70,200,1346850
20221123,09:15:56,42815.15,125,1346850
20221123,09:15:58,42818.00,325,1346850
20221123,09:16:00,42815.00,275,1346850
20221123,09:16:01,42818.05,150,1346850
20221123,09:16:03,42824.70,450,1346850
20221123,09:16:04,42825.00,500,1346850
20221123,09:16:06,42825.20,275,1346850
20221123,09:16:08,42829.65,50,1346850
20221123,09:16:09,42822.95,50,1346850
20221123,09:16:12,42823.00,175,1346850
20221123,09:16:14,42825.05,200,1346850
20221123,09:16:15,42825.05,275,1346850
20221123,09:16:17,42824.00,50,1346850
20221123,09:16:18,42823.20,75,1346850
20221123,09:16:20,42829.70,200,1346850
20221123,09:16:21,42825.05,250,1346850
20221123,09:16:23,42834.60,1225,1346850
20221123,09:16:24,42832.95,350,1346850
20221123,09:16:26,42825.40,200,1346850
20221123,09:16:28,42832.95,225,1346850
20221123,09:16:29,42830.00,225,1346850
20221123,09:16:31,42836.95,550,1346850
20221123,09:16:32,42836.95,125,1346850
20221123,09:16:34,42832.85,25,1346850
20221123,09:16:35,42835.85,100,1346850
20221123,09:16:37,42835.90,50,1346850
20221123,09:16:39,42835.90,50,1346850
20221123,09:16:40,42830.55,75,1346850
20221123,09:16:42,42836.00,75,1346850
20221123,09:16:43,42835.90,350,1346850
20221123,09:16:45,42830.45,150,1346850
20221123,09:16:46,42830.05,75,1346850
20221123,09:16:48,42834.00,75,1346850
20221123,09:16:49,42834.00,150,1346850
20221123,09:16:51,42825.00,350,1346850
20221123,09:16:52,42830.00,100,1346850
20221123,09:16:54,42831.95,600,1346850
20221123,09:16:55,42832.80,50,1346850
20221123,09:16:57,42833.95,350,1346850
20221123,09:16:58,42832.30,50,1346850
20221123,09:17:00,42825.90,150,1346850
20221123,09:17:01,42824.25,325,1346850
20221123,09:17:03,42831.95,125,1346850
20221123,09:17:04,42829.30,475,1346850
20221123,09:17:06,42832.00,475,1346850
20221123,09:17:08,42832.00,675,1346850
20221123,09:17:09,42831.00,3175,1346850
20221123,09:17:11,42833.85,400,1346850
20221123,09:17:12,42834.50,500,1346850
20221123,09:17:14,42834.00,200,1346850
20221123,09:17:15,42834.50,400,1346850
20221123,09:17:17,42833.20,325,1346850
20221123,09:17:18,42833.85,275,1346850
20221123,09:17:20,42828.50,625,1346850
20221123,09:17:21,42825.05,300,1346850
20221123,09:17:23,42825.05,350,1346850
20221123,09:17:24,42829.80,650,1346850
20221123,09:17:26,42825.05,275,1346850
20221123,09:17:27,42828.20,925,1346850
20221123,09:17:29,42826.40,425,1346850
20221123,09:17:30,42828.00,150,1346850
20221123,09:17:32,42825.00,75,1346850
20221123,09:17:33,42830.00,475,1346850
20221123,09:17:35,42829.40,250,1346850
20221123,09:17:36,42829.80,100,1346850
20221123,09:17:37,42825.00,50,1346850
20221123,09:17:39,42826.00,225,1358850
20221123,09:17:40,42826.00,350,1358850
20221123,09:17:42,42826.00,50,1358850
20221123,09:17:43,42829.00,50,1358850
20221123,09:17:46,42825.00,325,1358850
20221123,09:17:47,42829.20,625,1358850
20221123,09:17:49,42825.00,275,1358850
20221123,09:17:50,42825.00,125,1358850
20221123,09:17:52,42828.15,150,1358850
20221123,09:17:53,42828.70,50,1358850
20221123,09:17:55,42825.00,200,1358850
20221123,09:17:56,42825.05,100,1358850
20221123,09:17:58,42826.00,275,1358850
20221123,09:17:59,42829.25,225,1358850
20221123,09:18:01,42825.05,225,1358850
20221123,09:18:02,42825.00,375,1358850
20221123,09:18:04,42829.70,175,1358850
20221123,09:18:05,42826.00,425,1358850
20221123,09:18:07,42826.00,75,1358850
20221123,09:18:08,42826.00,200,1358850
20221123,09:18:10,42830.00,175,1358850
20221123,09:18:11,42825.05,75,1358850
20221123,09:18:13,42830.00,400,1358850
20221123,09:18:14,42832.00,300,1358850
20221123,09:18:17,42830.00,725,1358850
20221123,09:18:19,42833.95,425,1358850
20221123,09:18:20,42825.00,475,1358850
20221123,09:18:22,42820.10,400,1358850
20221123,09:18:23,42826.00,325,1358850
20221123,09:18:25,42825.00,350,1358850
20221123,09:18:26,42825.00,225,1358850
20221123,09:18:27,42825.00,400,1358850
20221123,09:18:29,42830.00,150,1358850
20221123,09:18:30,42832.00,150,1358850
20221123,09:18:32,42831.95,150,1358850
20221123,09:18:33,42829.95,75,1358850
20221123,09:18:35,42826.00,200,1358850
20221123,09:18:37,42826.00,125,1358850
20221123,09:18:38,42829.00,300,1358850
20221123,09:18:40,42832.00,25,1358850
20221123,09:18:41,42826.05,25,1358850
20221123,09:18:44,42829.95,75,1358850
20221123,09:18:46,42826.05,125,1358850
20221123,09:18:48,42834.65,300,1358850
20221123,09:18:49,42834.80,100,1358850
20221123,09:18:52,42830.00,175,1358850
20221123,09:18:54,42830.00,200,1358850
20221123,09:18:56,42827.30,950,1358850
20221123,09:18:57,42827.25,275,1358850
20221123,09:18:59,42827.05,75,1358850
20221123,09:19:01,42830.00,125,1358850
20221123,09:19:02,42830.00,400,1358850
20221123,09:19:04,42834.80,400,1358850
20221123,09:19:05,42833.55,75,1358850
20221123,09:19:07,42830.00,25,1358850
20221123,09:19:09,42834.80,225,1358850
20221123,09:19:10,42834.80,150,1358850
20221123,09:19:12,42835.00,100,1358850
20221123,09:19:13,42836.60,250,1358850
20221123,09:19:15,42839.00,50,1358850
20221123,09:19:17,42839.65,75,1358850
20221123,09:19:18,42839.45,150,1358850
20221123,09:19:20,42835.50,100,1358850
20221123,09:19:21,42840.00,275,1358850
20221123,09:19:23,42839.70,125,1358850
20221123,09:19:25,42839.65,250,1358850
20221123,09:19:26,42835.30,775,1358850
20221123,09:19:28,42840.00,1100,1358850
20221123,09:19:29,42839.00,100,1358850
20221123,09:19:31,42838.00,450,1358850
20221123,09:19:33,42838.00,225,1358850
20221123,09:19:36,42835.00,400,1358850
20221123,09:19:37,42837.70,200,1358850
20221123,09:19:39,42839.00,50,1358850
20221123,09:19:41,42833.65,50,1358850
20221123,09:19:42,42839.60,175,1358850
20221123,09:19:44,42840.00,150,1358850
20221123,09:19:45,42839.60,25,1358850
20221123,09:19:47,42841.00,100,1358850
20221123,09:19:50,42840.05,175,1358850
20221123,09:19:52,42841.00,275,1358850
20221123,09:19:54,42840.00,250,1358850
20221123,09:19:55,42841.00,300,1358850
20221123,09:19:57,42840.95,100,1358850
20221123,09:19:59,42839.70,575,1358850
20221123,09:20:00,42845.00,450,1358850
20221123,09:20:02,42843.10,100,1358850
20221123,09:20:03,42842.30,300,1358850
20221123,09:20:05,42846.95,325,1358850
20221123,09:20:07,42844.65,525,1358850
20221123,09:20:08,42842.45,550,1358850
20221123,09:20:10,42849.70,325,1358850
20221123,09:20:12,42849.30,250,1358850
20221123,09:20:13,42849.65,225,1358850
20221123,09:20:15,42844.00,650,1358850
20221123,09:20:17,42846.30,225,1358850
20221123,09:20:18,42849.10,500,1358850
20221123,09:20:20,42849.20,725,1358850
20221123,09:20:21,42849.85,900,1358850
20221123,09:20:23,42849.95,400,1358850
20221123,09:20:24,42849.60,675,1358850
20221123,09:20:26,42845.00,750,1358850
20221123,09:20:28,42842.35,300,1358850
20221123,09:20:29,42846.45,75,1358850
20221123,09:20:31,42845.05,350,1358850
20221123,09:20:33,42845.90,225,1358850
20221123,09:20:35,42845.00,150,1358850
20221123,09:20:36,42845.55,375,1358850
20221123,09:20:38,42844.90,225,1358850
20221123,09:20:39,42842.00,225,1358850
20221123,09:20:41,42844.30,375,1381600
20221123,09:20:42,42845.00,100,1381600
20221123,09:20:44,42840.15,50,1381600
20221123,09:20:46,42841.95,775,1381600
20221123,09:20:47,42840.10,425,1381600
20221123,09:20:49,42841.95,600,1381600
20221123,09:20:50,42840.00,150,1381600
20221123,09:20:52,42840.10,100,1381600
20221123,09:20:54,42840.10,275,1381600
20221123,09:20:55,42841.40,1200,1381600
20221123,09:20:57,42840.00,25,1381600
20221123,09:20:58,42840.10,75,1381600
20221123,09:21:00,42840.10,275,1381600
20221123,09:21:01,42840.10,50,1381600
20221123,09:21:03,42840.00,125,1381600
20221123,09:21:04,42840.10,100,1381600
20221123,09:21:06,42840.05,200,1381600
20221123,09:21:08,42840.00,625,1381600
20221123,09:21:09,42838.35,525,1381600
20221123,09:21:11,42838.35,500,1381600
20221123,09:21:12,42837.00,25,1381600
20221123,09:21:14,42836.75,425,1381600
20221123,09:21:16,42828.15,300,1381600
20221123,09:21:17,42834.65,700,1381600
20221123,09:21:19,42834.95,50,1381600
20221123,09:21:20,42834.95,75,1381600
20221123,09:21:22,42836.35,225,1381600
20221123,09:21:24,42834.95,50,1381600
20221123,09:21:25,42834.95,150,1381600
20221123,09:21:27,42829.15,50,1381600
20221123,09:21:30,42835.00,150,1381600
20221123,09:21:31,42835.00,75,1381600
20221123,09:21:33,42836.40,975,1381600
20221123,09:21:34,42838.00,500,1381600
20221123,09:21:36,42838.00,75,1381600
20221123,09:21:38,42840.00,25,1381600
20221123,09:21:39,42838.00,100,1381600
20221123,09:21:41,42836.40,25,1381600
20221123,09:21:44,42839.25,1075,1381600
20221123,09:21:46,42838.25,25,1381600
20221123,09:21:47,42840.85,900,1381600
20221123,09:21:49,42836.45,125,1381600
20221123,09:21:51,42839.75,125,1381600
20221123,09:21:54,42840.05,25,1381600
20221123,09:21:56,42839.70,600,1381600
20221123,09:21:57,42839.75,50,1381600
20221123,09:21:59,42834.50,75,1381600
20221123,09:22:00,42839.70,50,1381600
20221123,09:22:02,42834.55,175,1381600
20221123,09:22:04,42836.10,125,1381600
20221123,09:22:05,42835.50,125,1381600
20221123,09:22:07,42842.15,200,1381600
20221123,09:22:09,42836.00,25,1381600
20221123,09:22:10,42835.10,100,1381600
20221123,09:22:13,42836.00,75,1381600
20221123,09:22:17,42839.70,25,1381600
20221123,09:22:18,42840.55,225,1381600
20221123,09:22:22,42843.95,25,1381600
20221123,09:22:23,42838.60,125,1381600
20221123,09:22:27,42838.10,200,1381600
20221123,09:22:28,42844.00,25,1381600
20221123,09:22:30,42839.75,300,1381600
20221123,09:22:31,42846.90,50,1381600
20221123,09:22:33,42848.00,150,1381600
20221123,09:22:35,42848.35,75,1381600
20221123,09:22:36,42843.10,25,1381600
20221123,09:22:38,42848.00,750,1381600
20221123,09:22:40,42848.30,75,1381600
20221123,09:22:41,42846.95,50,1381600
20221123,09:22:43,42846.55,75,1381600
20221123,09:22:45,42846.55,50,1381600
20221123,09:22:46,42840.50,50,1381600
20221123,09:22:48,42844.95,1000,1381600
20221123,09:22:51,42840.50,300,1381600
20221123,09:22:53,42845.95,150,1381600
20221123,09:22:55,42845.95,25,1381600
20221123,09:22:56,42844.10,275,1381600
20221123,09:22:58,42837.20,450,1381600
20221123,09:22:59,42843.40,25,1381600
20221123,09:23:01,42843.20,25,1381600
20221123,09:23:03,42837.50,100,1381600
20221123,09:23:04,42843.00,75,1381600
20221123,09:23:06,42842.65,50,1381600
20221123,09:23:09,42842.70,50,1381600
20221123,09:23:11,42837.25,150,1381600
20221123,09:23:12,42841.00,50,1381600
20221123,09:23:16,42840.00,25,1381600
20221123,09:23:17,42837.30,100,1381600
20221123,09:23:19,42837.25,350,1381600
20221123,09:23:21,42839.20,75,1381600
20221123,09:23:22,42839.05,50,1381600
20221123,09:23:24,42838.30,500,1381600
20221123,09:23:25,42838.25,75,1381600
20221123,09:23:27,42844.95,50,1381600
20221123,09:23:30,42840.00,25,1381600
20221123,09:23:32,42845.00,50,1381600
20221123,09:23:33,42840.05,50,1381600
20221123,09:23:35,42845.00,25,1381600
20221123,09:23:38,42842.20,100,1381600
20221123,09:23:40,42845.00,275,1393200
20221123,09:23:42,42845.20,250,1393200
20221123,09:23:43,42845.95,25,1393200
20221123,09:23:45,42845.95,25,1393200
20221123,09:23:47,42845.00,975,1393200
20221123,09:23:48,42848.55,25,1393200
20221123,09:23:50,42845.95,25,1393200
20221123,09:23:51,42849.00,150,1393200
20221123,09:23:53,42845.10,25,1393200
20221123,09:23:55,42845.05,75,1393200
20221123,09:23:56,42845.95,100,1393200
20221123,09:23:58,42845.00,150,1393200
20221123,09:24:00,42845.00,150,1393200
20221123,09:24:01,42849.00,75,1393200
20221123,09:24:03,42849.00,50,1393200
20221123,09:24:05,42849.00,975,1393200
20221123,09:24:06,42850.00,200,1393200
20221123,09:24:08,42846.10,125,1393200
20221123,09:24:09,42850.00,25,1393200
20221123,09:24:11,42850.00,225,1393200
20221123,09:24:13,42850.00,325,1393200
20221123,09:24:14,42850.00,275,1393200
20221123,09:24:16,42850.00,375,1393200
20221123,09:24:18,42849.80,825,1393200
20221123,09:24:19,42854.75,200,1393200
20221123,09:24:21,42850.25,150,1393200
20221123,09:24:23,42855.00,475,1393200
20221123,09:24:24,42855.00,300,1393200
20221123,09:24:26,42856.90,550,1393200
20221123,09:24:28,42859.90,150,1393200
20221123,09:24:29,42855.00,175,1393200
20221123,09:24:31,42859.85,75,1393200
20221123,09:24:33,42859.50,50,1393200
20221123,09:24:34,42859.95,100,1393200
20221123,09:24:36,42855.05,175,1393200
20221123,09:24:37,42860.00,125,1393200
20221123,09:24:39,42856.00,175,1393200
20221123,09:24:41,42859.00,275,1393200
20221123,09:24:42,42860.00,225,1393200
20221123,09:24:44,42857.50,625,1393200
20221123,09:24:46,42859.00,400,1393200
20221123,09:24:47,42859.00,125,1393200
20221123,09:24:49,42861.00,675,1393200
20221123,09:24:51,42859.00,75,1393200
20221123,09:24:52,42855.15,125,1393200
20221123,09:24:54,42860.00,650,1393200
20221123,09:24:56,42859.90,625,1393200
20221123,09:24:57,42860.30,75,1393200
20221123,09:24:59,42863.85,275,1393200
20221123,09:25:01,42856.45,25,1393200
20221123,09:25:02,42857.10,150,1393200
20221123,09:25:04,42860.70,50,1393200
20221123,09:25:06,42861.50,125,1393200
20221123,09:25:07,42857.10,250,1393200
20221123,09:25:09,42856.70,400,1393200
20221123,09:25:11,42863.50,75,1393200
20221123,09:25:12,42862.60,50,1393200
20221123,09:25:14,42860.70,650,1393200
20221123,09:25:16,42860.00,50,1393200
20221123,09:25:17,42855.30,175,1393200
20221123,09:25:19,42860.05,175,1393200
20221123,09:25:21,42861.05,250,1393200
20221123,09:25:22,42861.45,100,1393200
20221123,09:25:24,42864.55,875,1393200
20221123,09:25:25,42863.35,75,1393200
20221123,09:25:27,42863.90,225,1393200
20221123,09:25:29,42866.40,850,1393200
20221123,09:25:30,42868.00,125,1393200
20221123,09:25:32,42871.15,275,1393200
20221123,09:25:34,42865.30,200,1393200
20221123,09:25:35,42866.00,350,1393200
20221123,09:25:37,42865.25,150,1393200
20221123,09:25:38,42872.35,500,1393200
20221123,09:25:40,42866.40,450,1393200
20221123,09:25:42,42872.60,300,1393200
20221123,09:25:43,42866.25,250,1393200
20221123,09:25:45,42870.00,300,1393200
20221123,09:25:46,42866.90,200,1393200
20221123,09:25:48,42866.85,225,1393200
20221123,09:25:50,42868.80,300,1393200
20221123,09:25:51,42865.00,100,1393200
20221123,09:25:53,42868.80,150,1393200
20221123,09:25:54,42866.90,75,1393200
20221123,09:25:56,42870.15,550,1393200
20221123,09:25:58,42861.10,450,1393200
20221123,09:26:01,42869.45,175,1393200
20221123,09:26:02,42870.60,100,1393200
20221123,09:26:04,42862.05,75,1393200
20221123,09:26:05,42869.45,150,1393200
20221123,09:26:07,42861.15,75,1393200
20221123,09:26:09,42868.60,50,1393200
20221123,09:26:10,42868.15,100,1393200
20221123,09:26:12,42867.30,50,1393200
20221123,09:26:15,42861.10,100,1393200
20221123,09:26:16,42867.00,100,1393200
20221123,09:26:18,42861.35,75,1393200
20221123,09:26:19,42866.90,125,1393200
20221123,09:26:21,42867.00,25,1393200
20221123,09:26:23,42870.00,175,1393200
20221123,09:26:24,42870.60,75,1393200
20221123,09:26:26,42870.00,100,1393200
20221123,09:26:27,42867.70,275,1393200
20221123,09:26:29,42867.65,25,1393200
20221123,09:26:32,42870.00,25,1393200
20221123,09:26:34,42870.00,125,1393200
20221123,09:26:35,42872.00,125,1393200
20221123,09:26:37,42874.00,50,1393200
20221123,09:26:39,42874.00,100,1407625
20221123,09:26:40,42866.20,275,1407625
20221123,09:26:42,42868.50,150,1407625
20221123,09:26:43,42868.60,125,1407625
20221123,09:26:46,42870.65,125,1407625
20221123,09:26:48,42872.00,100,1407625
20221123,09:26:50,42874.00,50,1407625
20221123,09:26:51,42874.00,25,1407625
20221123,09:26:53,42873.00,325,1407625
20221123,09:26:55,42874.00,300,1407625
20221123,09:26:56,42871.00,300,1407625
20221123,09:26:58,42875.05,250,1407625
20221123,09:26:59,42875.00,100,1407625
20221123,09:27:01,42876.00,450,1407625
20221123,09:27:03,42871.00,50,1407625
20221123,09:27:04,42871.00,75,1407625
20221123,09:27:06,42870.05,325,1407625
20221123,09:27:08,42870.00,75,1407625
20221123,09:27:09,42875.50,200,1407625
20221123,09:27:11,42875.00,725,1407625
20221123,09:27:12,42870.05,200,1407625
20221123,09:27:14,42870.05,300,1407625
20221123,09:27:16,42871.00,25,1407625
20221123,09:27:17,42871.00,50,1407625
20221123,09:27:20,42871.05,25,1407625
20221123,09:27:22,42873.60,125,1407625
20221123,09:27:24,42873.60,200,1407625
20221123,09:27:25,42875.00,75,1407625
20221123,09:27:27,42875.00,50,1407625
20221123,09:27:28,42875.00,75,1407625
20221123,09:27:30,42874.60,50,1407625
20221123,09:27:32,42873.65,75,1407625
20221123,09:27:33,42873.65,50,1407625
20221123,09:27:35,42873.00,125,1407625
20221123,09:27:36,42871.00,50,1407625
20221123,09:27:38,42873.00,25,1407625
20221123,09:27:41,42873.00,75,1407625
20221123,09:27:43,42873.60,300,1407625
20221123,09:27:44,42873.60,50,1407625
20221123,09:27:46,42873.60,275,1407625
20221123,09:27:48,42875.05,175,1407625
20221123,09:27:51,42877.80,150,1407625
20221123,09:27:52,42880.00,250,1407625
20221123,09:27:54,42894.00,2100,1407625
20221123,09:27:56,42894.50,350,1407625
20221123,09:27:57,42895.00,175,1407625
20221123,09:27:59,42895.15,1375,1407625
20221123,09:28:01,42885.35,350,1407625
20221123,09:28:02,42886.05,275,1407625
20221123,09:28:04,42880.05,225,1407625
20221123,09:28:06,42891.05,150,1407625
20221123,09:28:07,42891.05,200,1407625
20221123,09:28:09,42891.05,425,1407625
20221123,09:28:10,42890.00,275,1407625
20221123,09:28:12,42891.05,50,1407625
20221123,09:28:14,42890.00,200,1407625
20221123,09:28:15,42890.95,400,1407625
20221123,09:28:17,42889.95,225,1407625
20221123,09:28:19,42890.00,125,1407625
20221123,09:28:20,42884.35,200,1407625
20221123,09:28:22,42891.10,425,1407625
20221123,09:28:24,42890.00,325,1407625
20221123,09:28:25,42891.10,150,1407625
20221123,09:28:27,42891.10,150,1407625
20221123,09:28:28,42884.45,175,1407625
20221123,09:28:30,42891.05,225,1407625
20221123,09:28:31,42884.80,75,1407625
20221123,09:28:33,42884.45,100,1407625
20221123,09:28:35,42884.45,550,1407625
20221123,09:28:36,42886.75,325,1407625
20221123,09:28:40,42884.80,375,1407625
20221123,09:28:41,42887.90,250,1407625
20221123,09:28:43,42884.80,150,1407625
20221123,09:28:45,42880.00,125,1407625
20221123,09:28:46,42887.70,250,1407625
20221123,09:28:48,42884.80,25,1407625
20221123,09:28:49,42886.70,275,1407625
20221123,09:28:51,42884.80,75,1407625
20221123,09:28:53,42887.75,50,1407625
20221123,09:28:56,42885.00,50,1407625
20221123,09:28:57,42887.75,75,1407625
20221123,09:29:01,42885.00,50,1407625
20221123,09:29:02,42884.85,75,1407625
20221123,09:29:04,42882.25,325,1407625
20221123,09:29:06,42886.00,150,1407625
20221123,09:29:07,42886.00,100,1407625
20221123,09:29:11,42886.00,100,1407625
20221123,09:29:12,42886.00,25,1407625
20221123,09:29:14,42886.00,175,1407625
20221123,09:29:16,42886.00,50,1407625
20221123,09:29:19,42882.00,100,1407625
20221123,09:29:21,42885.40,150,1407625
20221123,09:29:22,42885.40,100,1407625
20221123,09:29:24,42886.00,100,1407625
20221123,09:29:26,42882.05,550,1407625
20221123,09:29:27,42886.00,425,1407625
20221123,09:29:29,42886.00,150,1407625
20221123,09:29:31,42882.10,75,1407625
20221123,09:29:32,42886.00,1450,1407625
20221123,09:29:36,42882.10,125,1407625
20221123,09:29:37,42882.35,50,1407625
20221123,09:29:39,42885.45,50,1407625
20221123,09:29:40,42887.70,125,1420250
20221123,09:29:42,42886.00,75,1420250
20221123,09:29:43,42880.70,75,1420250
20221123,09:29:45,42885.00,75,1420250
20221123,09:29:47,42881.90,50,1420250
20221123,09:29:48,42881.45,25,1420250
20221123,09:29:51,42885.50,650,1420250
20221123,09:29:53,42885.50,25,1420250
20221123,09:29:54,42886.00,75,1420250
20221123,09:29:56,42886.00,125,1420250
20221123,09:29:57,42886.00,75,1420250
20221123,09:29:59,42883.95,25,1420250
20221123,09:30:01,42884.65,3250,1420250
20221123,09:30:02,42883.35,1050,1420250
20221123,09:30:04,42892.85,1525,1420250
20221123,09:30:05,42892.20,1300,1420250
20221123,09:30:07,42885.10,125,1420250
20221123,09:30:08,42881.55,175,1420250
20221123,09:30:10,42881.55,50,1420250
20221123,09:30:11,42885.00,50,1420250
20221123,09:30:13,42881.55,50,1420250
20221123,09:30:14,42886.00,75,1420250
20221123,09:30:16,42881.50,75,1420250
20221123,09:30:18,42882.70,175,1420250
20221123,09:30:19,42881.00,100,1420250
20221123,09:30:21,42881.05,75,1420250
20221123,09:30:22,42880.45,75,1420250
20221123,09:30:24,42884.00,1375,1420250
20221123,09:30:25,42880.00,200,1420250
20221123,09:30:27,42885.00,725,1420250
20221123,09:30:28,42885.10,425,1420250
20221123,09:30:30,42876.10,125,1420250
20221123,09:30:31,42883.65,50,1420250
20221123,09:30:33,42877.30,250,1420250
20221123,09:30:34,42877.15,75,1420250
20221123,09:30:36,42884.85,50,1420250
20221123,09:30:38,42877.05,225,1420250
20221123,09:30:39,42880.00,150,1420250
20221123,09:30:41,42885.10,250,1420250
20221123,09:30:43,42888.00,125,1420250
20221123,09:30:44,42880.00,350,1420250
20221123,09:30:46,42880.00,975,1420250
20221123,09:30:48,42880.15,475,1420250
20221123,09:30:49,42887.65,450,1420250
20221123,09:30:51,42877.70,50,1420250
20221123,09:30:53,42881.00,75,1420250
20221123,09:30:54,42885.00,25,1420250
20221123,09:30:56,42887.70,100,1420250
20221123,09:30:58,42885.75,350,1420250
20221123,09:30:59,42885.00,150,1420250
20221123,09:31:01,42884.25,125,1420250
20221123,09:31:04,42876.45,25,1420250
20221123,09:31:06,42876.50,200,1420250
20221123,09:31:07,42882.50,275,1420250
20221123,09:31:09,42876.00,150,1420250
20221123,09:31:11,42875.00,50,1420250
20221123,09:31:12,42876.50,25,1420250
20221123,09:31:14,42875.00,175,1420250
20221123,09:31:16,42875.05,425,1420250
20221123,09:31:17,42880.00,100,1420250
20221123,09:31:19,42881.95,100,1420250
20221123,09:31:21,42875.15,100,1420250
20221123,09:31:22,42881.90,725,1420250
20221123,09:31:24,42882.00,1150,1420250
20221123,09:31:26,42882.00,325,1420250
20221123,09:31:28,42874.55,400,1420250
20221123,09:31:29,42874.55,200,1420250
20221123,09:31:31,42882.00,300,1420250
20221123,09:31:33,42873.60,2075,1420250
20221123,09:31:34,42882.95,750,1420250
20221123,09:31:36,42875.05,75,1420250
20221123,09:31:37,42883.75,25,1420250
20221123,09:31:39,42875.10,75,1420250
20221123,09:31:41,42875.50,75,1420250
20221123,09:31:42,42875.20,25,1420250
20221123,09:31:44,42882.00,50,1420250
20221123,09:31:46,42875.35,175,1420250
20221123,09:31:47,42875.50,25,1420250
20221123,09:31:49,42883.70,100,1420250
20221123,09:31:50,42875.35,50,1420250
20221123,09:31:52,42885.80,2375,1420250
20221123,09:31:57,42885.25,50,1420250
20221123,09:31:58,42885.75,75,1420250
20221123,09:32:00,42881.00,100,1420250
20221123,09:32:02,42885.65,50,1420250
20221123,09:32:03,42884.55,50,1420250
20221123,09:32:05,42878.90,25,1420250
20221123,09:32:07,42879.00,100,1420250
20221123,09:32:08,42884.60,25,1420250
20221123,09:32:10,42879.00,125,1420250
20221123,09:32:11,42878.95,25,1420250
20221123,09:32:15,42875.30,250,1420250
20221123,09:32:16,42875.30,25,1420250
20221123,09:32:18,42880.00,500,1420250
20221123,09:32:20,42875.40,175,1420250
20221123,09:32:21,42877.25,75,1420250
20221123,09:32:23,42877.95,50,1420250
20221123,09:32:25,42884.00,50,1420250
20221123,09:32:26,42877.95,475,1420250
20221123,09:32:28,42883.00,200,1420250
20221123,09:32:30,42878.35,50,1420250
20221123,09:32:31,42878.85,6525,1420250
20221123,09:32:33,42877.05,850,1420250
20221123,09:32:35,42877.40,425,1420250
20221123,09:32:36,42884.00,25,1420250
20221123,09:32:38,42877.45,50,1420250
20221123,09:32:39,42884.00,225,1420250
20221123,09:32:41,42885.00,200,1438850
20221123,09:32:43,42884.00,25,1438850
20221123,09:32:44,42878.80,200,1438850
20221123,09:32:46,42884.95,25,1438850
20221123,09:32:48,42879.25,75,1438850
20221123,09:32:49,42885.05,200,1438850
20221123,09:32:51,42885.00,525,1438850
20221123,09:32:52,42885.05,325,1438850
20221123,09:32:54,42885.00,300,1438850
20221123,09:32:56,42878.65,125,1438850
20221123,09:32:57,42879.25,350,1438850
20221123,09:32:59,42885.00,50,1438850
20221123,09:33:00,42885.00,650,1438850
20221123,09:33:02,42888.55,1450,1438850
20221123,09:33:03,42886.85,450,1438850
20221123,09:33:08,42881.00,1400,1438850
20221123,09:33:10,42880.75,350,1438850
20221123,09:33:11,42888.75,850,1438850
20221123,09:33:13,42888.75,575,1438850
20221123,09:33:14,42888.65,125,1438850
20221123,09:33:16,42878.75,100,1438850
20221123,09:33:18,42886.75,300,1438850
20221123,09:33:19,42878.80,100,1438850
20221123,09:33:21,42887.85,575,1438850
20221123,09:33:22,42878.45,225,1438850
20221123,09:33:24,42886.50,75,1438850
20221123,09:33:26,42878.55,125,1438850
20221123,09:33:27,42885.00,150,1438850
20221123,09:33:29,42880.10,50,1438850
20221123,09:33:31,42887.75,50,1438850
20221123,09:33:32,42888.00,75,1438850
20221123,09:33:34,42883.35,2025,1438850
20221123,09:33:35,42880.25,450,1438850
20221123,09:33:37,42883.35,250,1438850
20221123,09:33:39,42880.65,100,1438850
20221123,09:33:42,42881.15,125,1438850
20221123,09:33:44,42888.30,50,1438850
20221123,09:33:45,42885.00,25,1438850
20221123,09:33:47,42885.05,200,1438850
20221123,09:33:48,42890.00,50,1438850
20221123,09:33:50,42892.00,325,1438850
20221123,09:33:52,42888.75,125,1438850
20221123,09:33:53,42894.00,225,1438850
20221123,09:33:55,42888.05,150,1438850
20221123,09:33:57,42893.95,3150,1438850
20221123,09:33:58,42884.75,550,1438850
20221123,09:34:00,42884.05,275,1438850
20221123,09:34:01,42886.00,150,1438850
20221123,09:34:03,42892.95,250,1438850
20221123,09:34:05,42892.95,25,1438850
20221123,09:34:08,42891.00,75,1438850
20221123,09:34:10,42891.90,150,1438850
20221123,09:34:11,42890.95,225,1438850
20221123,09:34:13,42890.95,50,1438850
20221123,09:34:14,42888.00,175,1438850
20221123,09:34:16,42888.00,75,1438850
20221123,09:34:18,42890.00,225,1438850
20221123,09:34:19,42890.05,125,1438850
20221123,09:34:22,42888.05,450,1438850
20221123,09:34:24,42888.05,125,1438850
20221123,09:34:26,42888.05,1675,1438850
20221123,09:34:27,42893.00,1800,1438850
20221123,09:34:29,42887.05,275,1438850
20221123,09:34:30,42894.95,175,1438850
20221123,09:34:32,42898.15,3000,1438850
20221123,09:34:34,42892.25,3200,1438850
20221123,09:34:35,42899.90,4125,1438850
20221123,09:34:37,42896.70,700,1438850
20221123,09:34:39,42892.00,100,1438850
20221123,09:34:40,42889.35,150,1438850
20221123,09:34:42,42899.00,100,1438850
20221123,09:34:44,42894.40,125,1438850
20221123,09:34:45,42899.95,475,1438850
20221123,09:34:47,42900.00,1975,1438850
20221123,09:34:48,42895.90,225,1438850
20221123,09:34:50,42902.00,1300,1438850
20221123,09:34:52,42904.00,2300,1438850
20221123,09:34:55,42900.00,150,1438850
20221123,09:34:57,42900.00,150,1438850
20221123,09:34:58,42901.10,75,1438850
20221123,09:35:00,42901.85,25,1438850
20221123,09:35:02,42900.00,225,1438850
20221123,09:35:03,42900.00,6350,1438850
20221123,09:35:05,42902.85,3750,1438850
20221123,09:35:07,42902.10,25,1438850
20221123,09:35:08,42904.50,50,1438850
20221123,09:35:10,42904.50,75,1438850
20221123,09:35:12,42900.15,125,1438850
20221123,09:35:13,42901.70,100,1438850
20221123,09:35:15,42900.05,25,1438850
20221123,09:35:16,42902.35,100,1438850
20221123,09:35:18,42899.10,400,1438850
20221123,09:35:20,42897.70,50,1438850
20221123,09:35:21,42898.70,25,1438850
20221123,09:35:23,42897.70,125,1438850
20221123,09:35:24,42899.30,100,1438850
20221123,09:35:26,42900.60,400,1438850
20221123,09:35:27,42900.00,50,1438850
20221123,09:35:29,42899.25,25,1438850
20221123,09:35:32,42895.00,175,1438850
20221123,09:35:34,42895.00,25,1438850
20221123,09:35:35,42895.00,225,1438850
20221123,09:35:37,42898.75,25,1438850
20221123,09:35:39,42900.00,150,1438850
20221123,09:35:40,42900.00,900,1438850
20221123,09:35:42,42904.90,200,1477325
20221123,09:35:44,42906.20,700,1477325
20221123,09:35:45,42906.20,150,1477325
20221123,09:35:47,42906.70,125,1477325
20221123,09:35:49,42900.65,125,1477325
20221123,09:35:50,42903.80,25,1477325
20221123,09:35:52,42900.65,25,1477325
20221123,09:35:54,42900.05,50,1477325
20221123,09:35:55,42903.80,25,1477325
20221123,09:35:57,42904.00,100,1477325
20221123,09:35:59,42900.65,50,1477325
20221123,09:36:00,42900.65,400,1477325
20221123,09:36:02,42900.00,275,1477325
20221123,09:36:04,42900.05,225,1477325
20221123,09:36:05,42904.10,525,1477325
20221123,09:36:07,42900.00,275,1477325
20221123,09:36:09,42900.00,325,1477325
20221123,09:36:10,42900.10,250,1477325
20221123,09:36:12,42900.05,175,1477325
20221123,09:36:13,42904.60,200,1477325
20221123,09:36:15,42898.45,75,1477325
20221123,09:36:17,42899.00,50,1477325
20221123,09:36:18,42902.15,325,1477325
20221123,09:36:20,42902.00,25,1477325
20221123,09:36:22,42897.65,450,1477325
20221123,09:36:23,42905.00,250,1477325
20221123,09:36:25,42897.65,275,1477325
20221123,09:36:26,42904.85,25,1477325
20221123,09:36:28,42905.00,50,1477325
20221123,09:36:30,42905.95,25,1477325
20221123,09:36:31,42899.30,475,1477325
20221123,09:36:33,42906.75,100,1477325
20221123,09:36:35,42907.00,125,1477325
20221123,09:36:36,42900.45,125,1477325
20221123,09:36:38,42907.75,400,1477325
20221123,09:36:40,42900.30,150,1477325
20221123,09:36:41,42900.60,50,1477325
20221123,09:36:43,42900.30,400,1477325
20221123,09:36:45,42900.60,425,1477325
20221123,09:36:46,42903.60,100,1477325
20221123,09:36:48,42903.50,575,1477325
20221123,09:36:49,42900.70,100,1477325
20221123,09:36:51,42903.80,150,1477325
20221123,09:36:53,42900.60,25,1477325
20221123,09:36:56,42900.15,150,1477325
20221123,09:36:57,42904.10,25,1477325
20221123,09:36:59,42903.95,50,1477325
20221123,09:37:01,42900.10,100,1477325
20221123,09:37:02,42900.00,150,1477325
20221123,09:37:04,42900.05,100,1477325
20221123,09:37:06,42902.90,1275,1477325
20221123,09:37:09,42894.65,50,1477325
20221123,09:37:11,42900.00,700,1477325
20221123,09:37:12,42895.10,25,1477325
20221123,09:37:14,42895.05,275,1477325
20221123,09:37:16,42893.35,1025,1477325
20221123,09:37:17,42892.00,250,1477325
20221123,09:37:19,42891.80,275,1477325
20221123,09:37:21,42892.40,300,1477325
20221123,09:37:22,42900.95,625,1477325
20221123,09:37:24,42899.95,75,1477325
20221123,09:37:26,42899.95,200,1477325
20221123,09:37:27,42901.10,50,1477325
20221123,09:37:29,42899.95,200,1477325
20221123,09:37:34,42898.05,150,1477325
20221123,09:37:35,42896.80,75,1477325
20221123,09:37:37,42892.80,75,1477325
20221123,09:37:39,42891.00,100,1477325
20221123,09:37:40,42894.60,150,1477325
20221123,09:37:42,42891.00,200,1477325
20221123,09:37:43,42891.00,75,1477325
20221123,09:37:45,42891.00,25,1477325
20221123,09:37:48,42890.00,75,1477325
20221123,09:37:50,42885.15,100,1477325
20221123,09:37:52,42885.05,25,1477325
20221123,09:37:53,42888.00,50,1477325
20221123,09:37:55,42891.00,825,1477325
20221123,09:37:56,42892.00,50,1477325
20221123,09:37:58,42892.00,100,1477325
20221123,09:38:00,42897.20,925,1477325
20221123,09:38:01,42898.00,1075,1477325
20221123,09:38:03,42890.60,225,1477325
20221123,09:38:05,42891.00,150,1477325
20221123,09:38:06,42890.35,100,1477325
20221123,09:38:08,42897.95,75,1477325
20221123,09:38:10,42890.35,50,1477325
20221123,09:38:12,42890.55,50,1477325
20221123,09:38:13,42898.00,250,1477325
20221123,09:38:15,42897.75,100,1477325
20221123,09:38:17,42896.55,350,1477325
20221123,09:38:18,42891.80,25,1477325
20221123,09:38:21,42897.55,225,1477325
20221123,09:38:23,42897.75,25,1477325
20221123,09:38:25,42892.00,50,1477325
20221123,09:38:26,42891.95,25,1477325
20221123,09:38:28,42897.60,75,1477325
20221123,09:38:30,42898.90,175,1477325
20221123,09:38:31,42893.00,100,1477325
20221123,09:38:33,42899.95,425,1477325
20221123,09:38:34,42894.55,75,1477325
20221123,09:38:36,42897.75,50,1477325
20221123,09:38:38,42893.50,50,1477325
20221123,09:38:41,42898.85,50,1477325
20221123,09:38:44,42896.40,25,1487800
20221123,09:38:46,42897.75,50,1487800
20221123,09:38:47,42897.35,25,1487800
20221123,09:38:49,42891.95,50,1487800
20221123,09:38:50,42897.95,50,1487800
20221123,09:38:52,42891.90,75,1487800
20221123,09:38:53,42897.75,25,1487800
20221123,09:38:55,42897.60,600,1487800
20221123,09:38:57,42898.20,200,1487800
20221123,09:38:58,42897.75,75,1487800
20221123,09:39:00,42897.90,100,1487800
20221123,09:39:01,42898.65,50,1487800
20221123,09:39:03,42897.75,100,1487800
20221123,09:39:05,42897.75,50,1487800
20221123,09:39:06,42891.80,450,1487800
20221123,09:39:08,42897.00,50,1487800
20221123,09:39:09,42897.55,100,1487800
20221123,09:39:11,42890.90,200,1487800
20221123,09:39:13,42895.45,150,1487800
20221123,09:39:14,42896.30,25,1487800
20221123,09:39:16,42890.05,25,1487800
20221123,09:39:17,42890.05,25,1487800
20221123,09:39:19,42890.00,125,1487800
20221123,09:39:20,42897.25,100,1487800
20221123,09:39:24,42895.95,75,1487800
20221123,09:39:27,42888.45,450,1487800
20221123,09:39:28,42896.00,125,1487800
20221123,09:39:30,42887.40,150,1487800
20221123,09:39:32,42887.30,25,1487800
20221123,09:39:33,42895.00,250,1487800
20221123,09:39:37,42896.25,50,1487800
20221123,09:39:38,42890.05,50,1487800
20221123,09:39:40,42887.90,125,1487800
20221123,09:39:41,42887.90,100,1487800
20221123,09:39:45,42887.90,25,1487800
20221123,09:39:46,42896.25,100,1487800
20221123,09:39:48,42888.00,25,1487800
20221123,09:39:49,42896.25,25,1487800
20221123,09:39:51,42888.30,200,1487800
20221123,09:39:54,42888.00,275,1487800
20221123,09:39:56,42888.00,725,1487800
20221123,09:39:57,42895.85,1050,1487800
20221123,09:39:59,42887.25,225,1487800
20221123,09:40:02,42887.05,200,1487800
20221123,09:40:04,42887.05,25,1487800
20221123,09:40:05,42886.40,300,1487800
20221123,09:40:07,42887.35,25,1487800
20221123,09:40:09,42887.00,50,1487800
20221123,09:40:10,42886.15,25,1487800
20221123,09:40:12,42885.30,225,1487800
20221123,09:40:13,42883.95,1000,1487800
20221123,09:40:15,42886.00,25,1487800
20221123,09:40:17,42887.00,25,1487800
20221123,09:40:18,42884.05,75,1487800
20221123,09:40:20,42884.05,75,1487800
20221123,09:40:21,42886.00,75,1487800
20221123,09:40:23,42887.75,175,1487800
20221123,09:40:25,42889.25,100,1487800
20221123,09:40:26,42890.85,100,1487800
20221123,09:40:28,42889.55,450,1487800
20221123,09:40:30,42886.00,25,1487800
20221123,09:40:31,42889.60,250,1487800
20221123,09:40:33,42889.00,125,1487800
20221123,09:40:36,42889.00,200,1487800
20221123,09:40:38,42889.55,75,1487800
20221123,09:40:39,42881.30,100,1487800
20221123,09:40:41,42881.30,25,1487800
20221123,09:40:46,42880.25,125,1487800
20221123,09:40:47,42880.80,150,1487800
20221123,09:40:49,42881.25,175,1487800
20221123,09:40:50,42880.40,100,1487800
20221123,09:40:52,42880.40,200,1487800
20221123,09:40:55,42887.80,50,1487800
20221123,09:40:58,42887.80,50,1487800
20221123,09:41:00,42884.70,150,1487800
20221123,09:41:02,42885.70,350,1487800
20221123,09:41:03,42885.25,25,1487800
20221123,09:41:05,42878.05,950,1487800
20221123,09:41:07,42878.05,250,1487800
20221123,09:41:08,42878.00,200,1487800
20221123,09:41:10,42884.00,25,1487800
20221123,09:41:13,42882.00,25,1487800
20221123,09:41:15,42884.00,125,1487800
20221123,09:41:16,42884.00,750,1487800
20221123,09:41:18,42884.95,900,1487800
20221123,09:41:19,42885.00,50,1487800
20221123,09:41:21,42885.00,75,1487800
20221123,09:41:23,42884.00,25,1487800
20221123,09:41:24,42884.00,25,1487800
20221123,09:41:26,42884.00,50,1487800
20221123,09:41:28,42882.05,50,1487800
20221123,09:41:29,42880.60,150,1487800
20221123,09:41:34,42880.60,25,1487800
20221123,09:41:36,42880.00,100,1487800
20221123,09:41:37,42885.00,25,1487800
20221123,09:41:39,42880.80,275,1487800
20221123,09:41:45,42881.55,25,1497200
20221123,09:41:47,42880.05,125,1497200
20221123,09:41:48,42880.00,50,1497200
20221123,09:41:50,42878.55,50,1497200
20221123,09:41:52,42878.50,125,1497200
20221123,09:41:53,42880.00,50,1497200
20221123,09:41:55,42883.55,150,1497200
20221123,09:42:00,42880.00,550,1497200
20221123,09:42:01,42878.40,75,1497200
20221123,09:42:05,42883.55,50,1497200
20221123,09:42:06,42878.40,525,1497200
20221123,09:42:08,42878.40,50,1497200
20221123,09:42:09,42884.00,75,1497200
20221123,09:42:11,42884.00,50,1497200
20221123,09:42:14,42880.20,175,1497200
20221123,09:42:16,42880.00,75,1497200
20221123,09:42:17,42879.50,600,1497200
20221123,09:42:19,42884.40,100,1497200
20221123,09:42:21,42878.90,200,1497200
20221123,09:42:22,42878.40,625,1497200
20221123,09:42:25,42887.85,25,1497200
20221123,09:42:27,42880.90,75,1497200
20221123,09:42:29,42880.00,150,1497200
20221123,09:42:30,42880.00,500,1497200
20221123,09:42:32,42882.00,50,1497200
20221123,09:42:33,42882.00,25,1497200
20221123,09:42:36,42886.00,125,1497200
20221123,09:42:38,42890.00,50,1497200
20221123,09:42:40,42883.35,50,1497200
20221123,09:42:41,42890.00,575,1497200
20221123,09:42:43,42889.90,25,1497200
20221123,09:42:46,42889.90,25,1497200
20221123,09:42:47,42889.30,575,1497200
20221123,09:42:49,42885.00,25,1497200
20221123,09:42:52,42885.05,25,1497200
20221123,09:42:54,42885.00,100,1497200
20221123,09:42:57,42883.35,100,1497200
20221123,09:43:00,42880.15,75,1497200
20221123,09:43:01,42880.00,250,1497200
20221123,09:43:03,42877.05,575,1497200
20221123,09:43:04,42877.05,25,1497200
20221123,09:43:06,42880.55,25,1497200
20221123,09:43:07,42876.20,25,1497200
20221123,09:43:09,42876.15,50,1497200
20221123,09:43:12,42875.10,50,1497200
20221123,09:43:14,42875.05,525,1497200
20221123,09:43:15,42875.00,75,1497200
20221123,09:43:17,42875.00,75,1497200
20221123,09:43:19,42879.00,50,1497200
20221123,09:43:20,42877.25,375,1497200
20221123,09:43:22,42879.00,75,1497200
20221123,09:43:23,42880.00,350,1497200
20221123,09:43:25,42880.00,125,1497200
20221123,09:43:26,42876.20,50,1497200
20221123,09:43:28,42880.00,75,1497200
20221123,09:43:30,42879.00,50,1497200
20221123,09:43:31,42877.50,150,1497200
20221123,09:43:33,42880.00,125,1497200
20221123,09:43:34,42880.00,25,1497200
20221123,09:43:36,42880.20,75,1497200
20221123,09:43:37,42880.65,300,1497200
20221123,09:43:39,42881.90,75,1497200
20221123,09:43:41,42882.00,50,1497200
20221123,09:43:42,42882.40,50,1497200
20221123,09:43:44,42889.00,100,1497200
20221123,09:43:46,42882.20,2050,1497200
20221123,09:43:47,42877.40,3400,1497200
20221123,09:43:49,42876.85,225,1497200
20221123,09:43:50,42883.90,325,1497200
20221123,09:43:52,42880.65,75,1497200
20221123,09:43:54,42879.00,50,1497200
20221123,09:43:55,42876.35,250,1497200
20221123,09:43:57,42877.75,100,1497200
20221123,09:43:59,42883.95,250,1497200
20221123,09:44:00,42883.90,75,1497200
20221123,09:44:02,42880.00,25,1497200
20221123,09:44:03,42878.70,75,1497200
20221123,09:44:05,42880.20,150,1497200
20221123,09:44:07,42880.40,25,1497200
20221123,09:44:08,42880.25,75,1497200
20221123,09:44:10,42880.15,50,1497200
20221123,09:44:11,42885.00,850,1497200
20221123,09:44:13,42881.10,125,1497200
20221123,09:44:14,42881.35,25,1497200
20221123,09:44:16,42881.20,125,1497200
20221123,09:44:19,42890.00,2950,1497200
20221123,09:44:21,42882.85,200,1497200
20221123,09:44:22,42893.00,2150,1497200
20221123,09:44:24,42883.50,50,1497200
20221123,09:44:25,42891.55,25,1497200
20221123,09:44:27,42883.70,50,1497200
20221123,09:44:28,42890.70,25,1497200
20221123,09:44:30,42883.30,175,1497200
20221123,09:44:32,42883.65,400,1497200
20221123,09:44:33,42891.90,50,1497200
20221123,09:44:35,42884.70,150,1497200
20221123,09:44:36,42884.60,25,1497200
20221123,09:44:38,42884.05,25,1497200
20221123,09:44:39,42884.20,50,1497200
20221123,09:44:41,42884.05,25,1497200
20221123,09:44:43,42884.00,125,1510675
20221123,09:44:46,42883.30,25,1510675
20221123,09:44:47,42881.95,50,1510675
20221123,09:44:51,42884.10,50,1510675
20221123,09:44:52,42879.40,75,1510675
20221123,09:44:54,42880.45,50,1510675
20221123,09:44:57,42881.45,75,1510675
20221123,09:45:00,42882.25,75,1510675
20221123,09:45:02,42889.25,200,1510675
20221123,09:45:04,42889.05,1825,1510675
20221123,09:45:05,42884.10,25,1510675
20221123,09:45:07,42882.75,125,1510675
20221123,09:45:09,42882.65,125,1510675
20221123,09:45:10,42880.75,75,1510675
20221123,09:45:12,42880.00,50,1510675
20221123,09:45:13,42880.20,25,1510675
20221123,09:45:15,42880.05,75,1510675
20221123,09:45:17,42880.00,125,1510675
20221123,09:45:18,42880.20,50,1510675
20221123,09:45:20,42880.00,25,1510675
20221123,09:45:23,42880.00,275,1510675
20221123,09:45:25,42880.00,175,1510675
20221123,09:45:28,42880.00,50,1510675
20221123,09:45:30,42880.00,200,1510675
20221123,09:45:31,42880.00,75,1510675
20221123,09:45:33,42880.00,25,1510675
20221123,09:45:34,42877.25,50,1510675
20221123,09:45:38,42877.00,25,1510675
20221123,09:45:39,42876.85,100,1510675
20221123,09:45:41,42876.90,75,1510675
20221123,09:45:42,42881.25,350,1510675
20221123,09:45:44,42876.85,25,1510675
20221123,09:45:46,42875.00,75,1510675
20221123,09:45:47,42874.85,125,1510675
20221123,09:45:49,42876.85,25,1510675
20221123,09:45:50,42876.85,100,1510675
20221123,09:45:52,42876.00,75,1510675
20221123,09:45:54,42876.10,25,1510675
20221123,09:45:55,42876.25,675,1510675
20221123,09:45:57,42883.40,75,1510675
20221123,09:45:58,42886.65,100,1510675
20221123,09:46:00,42877.95,50,1510675
20221123,09:46:02,42876.50,100,1510675
20221123,09:46:03,42883.95,25,1510675
20221123,09:46:05,42877.10,125,1510675
20221123,09:46:08,42880.00,125,1510675
20221123,09:46:10,42877.70,125,1510675
20221123,09:46:11,42882.00,75,1510675
20221123,09:46:13,42877.40,25,1510675
20221123,09:46:14,42884.95,50,1510675
20221123,09:46:16,42878.95,75,1510675
20221123,09:46:17,42877.85,150,1510675
20221123,09:46:19,42877.40,50,1510675
20221123,09:46:20,42877.55,50,1510675
20221123,09:46:22,42875.90,75,1510675
20221123,09:46:24,42874.85,75,1510675
20221123,09:46:25,42874.45,100,1510675
20221123,09:46:27,42875.55,25,1510675
20221123,09:46:28,42874.95,50,1510675
20221123,09:46:30,42876.45,50,1510675
20221123,09:46:31,42877.00,50,1510675
20221123,09:46:34,42878.25,200,1510675
20221123,09:46:37,42876.00,100,1510675
20221123,09:46:39,42877.05,25,1510675
20221123,09:46:41,42877.00,100,1510675
20221123,09:46:44,42877.05,375,1510675
20221123,09:46:45,42877.40,250,1510675
20221123,09:46:47,42884.00,200,1510675
20221123,09:46:48,42884.00,50,1510675
20221123,09:46:50,42877.50,50,1510675
20221123,09:46:52,42875.95,100,1510675
20221123,09:46:55,42877.00,50,1510675
20221123,09:46:58,42875.80,175,1510675
20221123,09:47:00,42882.30,100,1510675
20221123,09:47:02,42876.05,175,1510675
20221123,09:47:03,42876.70,25,1510675
20221123,09:47:05,42876.70,400,1510675
20221123,09:47:06,42875.30,25,1510675
20221123,09:47:08,42875.00,150,1510675
20221123,09:47:11,42878.40,50,1510675
20221123,09:47:13,42874.10,50,1510675
20221123,09:47:16,42881.95,100,1510675
20221123,09:47:18,42875.10,25,1510675
20221123,09:47:19,42881.95,375,1510675
20221123,09:47:21,42880.05,50,1510675
20221123,09:47:26,42880.00,50,1510675
20221123,09:47:27,42880.00,25,1510675
20221123,09:47:29,42875.40,25,1510675
20221123,09:47:31,42881.95,25,1510675
20221123,09:47:32,42881.95,50,1510675
20221123,09:47:33,42881.95,25,1510675
20221123,09:47:38,42882.95,100,1510675
20221123,09:47:41,42883.00,50,1510675
20221123,09:47:45,42883.00,25,1512600
20221123,09:47:46,42882.00,75,1512600
20221123,09:47:48,42875.90,25,1512600
20221123,09:47:50,42873.05,375,1512600
20221123,09:47:53,42880.95,100,1512600
20221123,09:47:56,42880.95,25,1512600
20221123,09:47:58,42872.95,25,1512600
20221123,09:47:59,42880.90,25,1512600
20221123,09:48:01,42874.05,50,1512600
20221123,09:48:03,42874.25,25,1512600
20221123,09:48:04,42874.20,50,1512600
20221123,09:48:06,42873.90,25,1512600
20221123,09:48:08,42880.00,100,1512600
20221123,09:48:11,42880.00,50,1512600
20221123,09:48:12,42879.85,50,1512600
20221123,09:48:14,42879.85,25,1512600
20221123,09:48:17,42879.85,100,1512600
20221123,09:48:19,42876.90,925,1512600
20221123,09:48:21,42880.95,25,1512600
20221123,09:48:22,42879.60,25,1512600
20221123,09:48:25,42880.00,25,1512600
20221123,09:48:27,42878.50,50,1512600
20221123,09:48:29,42882.00,75,1512600
20221123,09:48:30,42883.00,25,1512600
20221123,09:48:32,42883.50,100,1512600
20221123,09:48:33,42880.00,450,1512600
20221123,09:48:35,42884.00,25,1512600
20221123,09:48:37,42885.00,100,1512600
20221123,09:48:38,42886.00,100,1512600
20221123,09:48:40,42886.00,575,1512600
20221123,09:48:42,42878.45,25,1512600
20221123,09:48:43,42886.95,125,1512600
20221123,09:48:45,42880.55,50,1512600
20221123,09:48:47,42887.00,75,1512600
20221123,09:48:50,42887.95,100,1512600
20221123,09:48:52,42882.85,225,1512600
20221123,09:48:53,42885.20,375,1512600
20221123,09:48:55,42885.20,650,1512600
20221123,09:48:57,42884.35,300,1512600
20221123,09:48:58,42890.95,200,1512600
20221123,09:49:00,42885.35,75,1512600
20221123,09:49:02,42885.45,50,1512600
20221123,09:49:05,42884.65,50,1512600
20221123,09:49:07,42892.00,225,1512600
20221123,09:49:12,42891.85,75,1512600
20221123,09:49:13,42892.20,150,1512600
20221123,09:49:15,42892.00,100,1512600
20221123,09:49:17,42886.05,250,1512600
20221123,09:49:18,42883.65,400,1512600
20221123,09:49:20,42882.40,1275,1512600
20221123,09:49:22,42882.50,975,1512600
20221123,09:49:26,42886.75,25,1512600
20221123,09:49:28,42884.95,150,1512600
20221123,09:49:30,42883.20,175,1512600
20221123,09:49:33,42883.60,25,1512600
20221123,09:49:34,42890.00,275,1512600
20221123,09:49:38,42880.00,1500,1512600
20221123,09:49:39,42880.15,275,1512600
20221123,09:49:41,42880.15,25,1512600
20221123,09:49:43,42887.50,500,1512600
20221123,09:49:44,42886.00,125,1512600
20221123,09:49:46,42883.20,150,1512600
20221123,09:49:49,42887.50,25,1512600
20221123,09:49:51,42883.25,275,1512600
20221123,09:49:54,42882.90,375,1512600
20221123,09:49:59,42882.90,25,1512600
20221123,09:50:01,42889.95,50,1512600
20221123,09:50:02,42890.00,1300,1512600
20221123,09:50:04,42883.75,125,1512600
20221123,09:50:05,42890.00,75,1512600
20221123,09:50:07,42890.00,50,1512600
20221123,09:50:10,42890.00,500,1512600
20221123,09:50:12,42886.30,25,1512600
20221123,09:50:15,42890.00,25,1512600
20221123,09:50:17,42888.10,700,1512600
20221123,09:50:18,42890.00,350,1512600
20221123,09:50:20,42888.90,100,1512600
20221123,09:50:21,42889.05,25,1512600
20221123,09:50:23,42894.40,150,1512600
20221123,09:50:25,42894.45,25,1512600
20221123,09:50:26,42894.25,50,1512600
20221123,09:50:28,42895.00,75,1512600
20221123,09:50:29,42889.25,50,1512600
20221123,09:50:31,42895.20,75,1512600
20221123,09:50:33,42895.25,50,1512600
20221123,09:50:34,42895.00,50,1512600
20221123,09:50:36,42895.00,50,1512600
20221123,09:50:38,42888.90,75,1512600
20221123,09:50:39,42895.90,50,1512600
20221123,09:50:42,42895.95,125,1512600
20221123,09:50:44,42896.05,125,1519975
20221123,09:50:46,42896.00,275,1519975
20221123,09:50:47,42895.00,150,1519975
20221123,09:50:50,42895.00,50,1519975
20221123,09:50:52,42896.75,50,1519975
20221123,09:50:54,42888.20,1125,1519975
20221123,09:50:57,42888.55,275,1519975
20221123,09:50:58,42896.75,75,1519975
20221123,09:51:00,42890.10,75,1519975
20221123,09:51:01,42895.70,175,1519975
20221123,09:51:03,42897.80,100,1519975
20221123,09:51:05,42894.95,50,1519975
20221123,09:51:06,42897.45,75,1519975
20221123,09:51:10,42897.95,75,1519975
20221123,09:51:11,42891.25,125,1519975
20221123,09:51:13,42891.20,200,1519975
20221123,09:51:15,42898.00,75,1519975
20221123,09:51:16,42897.85,25,1519975
20221123,09:51:18,42898.20,50,1519975
20221123,09:51:19,42891.25,75,1519975
20221123,09:51:21,42897.85,50,1519975
20221123,09:51:24,42899.00,525,1519975
20221123,09:51:26,42900.00,100,1519975
20221123,09:51:28,42900.00,125,1519975
20221123,09:51:29,42899.00,75,1519975
20221123,09:51:31,42900.00,950,1519975
20221123,09:51:32,42897.70,150,1519975
20221123,09:51:34,42900.00,200,1519975
20221123,09:51:36,42899.95,50,1519975
20221123,09:51:37,42900.00,175,1519975
20221123,09:51:39,42899.95,50,1519975
20221123,09:51:40,42899.95,125,1519975
20221123,09:51:42,42902.00,650,1519975
20221123,09:51:44,42900.05,175,1519975
20221123,09:51:45,42900.05,25,1519975
20221123,09:51:49,42904.95,50,1519975
20221123,09:51:50,42901.40,100,1519975
20221123,09:51:52,42905.95,150,1519975
20221123,09:51:54,42909.45,1900,1519975
20221123,09:51:55,42899.95,1000,1519975
20221123,09:51:57,42907.75,150,1519975
20221123,09:51:59,42915.00,1600,1519975
20221123,09:52:00,42916.85,300,1519975
20221123,09:52:02,42917.00,125,1519975
20221123,09:52:04,42917.95,525,1519975
20221123,09:52:05,42917.95,225,1519975
20221123,09:52:07,42917.80,300,1519975
20221123,09:52:09,42910.00,75,1519975
20221123,09:52:10,42913.00,75,1519975
20221123,09:52:12,42913.00,75,1519975
20221123,09:52:14,42918.00,125,1519975
20221123,09:52:15,42919.00,100,1519975
20221123,09:52:17,42918.25,275,1519975
20221123,09:52:18,42919.00,50,1519975
20221123,09:52:20,42914.20,175,1519975
20221123,09:52:22,42914.20,300,1519975
20221123,09:52:25,42913.05,125,1519975
20221123,09:52:27,42913.00,875,1519975
20221123,09:52:28,42911.00,125,1519975
20221123,09:52:30,42911.35,25,1519975
20221123,09:52:32,42911.05,75,1519975
20221123,09:52:36,42911.55,75,1519975
20221123,09:52:38,42911.55,75,1519975
20221123,09:52:40,42910.10,50,1519975
20221123,09:52:41,42910.10,50,1519975
20221123,09:52:43,42911.00,125,1519975
20221123,09:52:44,42910.00,100,1519975
20221123,09:52:46,42910.10,125,1519975
20221123,09:52:48,42903.35,25,1519975
20221123,09:52:49,42910.05,50,1519975
20221123,09:52:51,42911.00,50,1519975
20221123,09:52:53,42904.75,75,1519975
20221123,09:52:56,42911.00,75,1519975
20221123,09:52:59,42911.00,25,1519975
20221123,09:53:02,42906.10,25,1519975
20221123,09:53:04,42902.00,275,1519975
20221123,09:53:06,42908.70,50,1519975
20221123,09:53:07,42903.00,25,1519975
20221123,09:53:09,42900.25,800,1519975
20221123,09:53:17,42900.00,600,1519975
20221123,09:53:23,42900.00,100,1519975
20221123,09:53:25,42906.90,25,1519975
20221123,09:53:26,42900.00,25,1519975
20221123,09:53:28,42900.00,75,1519975
20221123,09:53:29,42898.00,1175,1519975
20221123,09:53:31,42908.30,50,1519975
20221123,09:53:33,42898.45,1150,1519975
20221123,09:53:34,42907.55,50,1519975
20221123,09:53:36,42907.55,25,1519975
20221123,09:53:37,42907.35,25,1519975
20221123,09:53:39,42904.90,50,1519975
20221123,09:53:41,42900.15,25,1519975
20221123,09:53:42,42904.90,275,1519975
20221123,09:53:44,42907.95,200,1530375
20221123,09:53:45,42907.95,250,1530375
20221123,09:53:47,42905.10,100,1530375
20221123,09:53:49,42910.00,125,1530375
20221123,09:53:50,42903.30,175,1530375
20221123,09:53:52,42910.95,75,1530375
20221123,09:53:54,42902.30,75,1530375
20221123,09:53:55,42910.10,25,1530375
20221123,09:53:57,42902.80,50,1530375
20221123,09:53:59,42909.00,500,1530375
20221123,09:54:00,42910.00,75,1530375
20221123,09:54:02,42910.95,125,1530375
20221123,09:54:04,42906.00,175,1530375
20221123,09:54:05,42911.00,225,1530375
20221123,09:54:08,42909.00,75,1530375
20221123,09:54:10,42909.00,25,1530375
20221123,09:54:12,42910.00,25,1530375
20221123,09:54:13,42910.00,75,1530375
20221123,09:54:18,42903.05,25,1530375
20221123,09:54:20,42903.15,50,1530375
20221123,09:54:23,42903.00,25,1530375
20221123,09:54:24,42900.00,275,1530375
20221123,09:54:27,42904.25,75,1530375
20221123,09:54:29,42901.00,25,1530375
20221123,09:54:32,42900.05,25,1530375
20221123,09:54:34,42900.00,25,1530375
20221123,09:54:35,42903.25,50,1530375
20221123,09:54:37,42897.95,50,1530375
20221123,09:54:39,42897.60,225,1530375
20221123,09:54:40,42897.70,100,1530375
20221123,09:54:43,42896.00,150,1530375
20221123,09:54:45,42894.10,150,1530375
20221123,09:54:47,42902.00,50,1530375
20221123,09:54:48,42901.25,150,1530375
20221123,09:54:50,42892.55,275,1530375
20221123,09:54:51,42897.70,175,1530375
20221123,09:54:53,42891.05,100,1530375
20221123,09:54:55,42891.25,100,1530375
20221123,09:54:56,42890.00,225,1530375
20221123,09:54:58,42890.40,175,1530375
20221123,09:55:00,42890.05,100,1530375
20221123,09:55:01,42891.15,125,1530375
20221123,09:55:03,42890.05,125,1530375
20221123,09:55:04,42893.45,700,1530375
20221123,09:55:06,42895.00,425,1530375
20221123,09:55:08,42888.65,350,1530375
20221123,09:55:09,42897.60,375,1530375
20221123,09:55:11,42894.00,250,1530375
20221123,09:55:12,42888.85,75,1530375
20221123,09:55:14,42892.95,200,1530375
20221123,09:55:16,42893.00,625,1530375
20221123,09:55:17,42893.15,175,1530375
20221123,09:55:19,42893.15,1000,1530375
20221123,09:55:20,42892.00,225,1530375
20221123,09:55:22,42891.55,175,1530375
20221123,09:55:24,42892.00,500,1530375
20221123,09:55:25,42889.50,225,1530375
20221123,09:55:27,42889.05,125,1530375
20221123,09:55:29,42889.40,400,1530375
20221123,09:55:30,42890.05,125,1530375
20221123,09:55:32,42893.20,350,1530375
20221123,09:55:34,42883.10,100,1530375
20221123,09:55:35,42888.00,1000,1530375
20221123,09:55:37,42887.25,100,1530375
20221123,09:55:39,42887.45,25,1530375
20221123,09:55:40,42887.45,75,1530375
20221123,09:55:42,42881.55,75,1530375
20221123,09:55:44,42890.80,25,1530375
20221123,09:55:45,42886.90,25,1530375
20221123,09:55:47,42887.10,25,1530375
20221123,09:55:48,42889.35,125,1530375
20221123,09:55:50,42885.80,75,1530375
20221123,09:55:52,42889.25,450,1530375
20221123,09:55:54,42890.05,125,1530375
20221123,09:55:55,42890.00,125,1530375
20221123,09:55:57,42892.75,100,1530375
20221123,09:55:58,42890.20,150,1530375
20221123,09:56:00,42892.75,325,1530375
20221123,09:56:02,42890.70,250,1530375
20221123,09:56:03,42888.80,50,1530375
20221123,09:56:05,42889.70,100,1530375
20221123,09:56:06,42889.90,250,1530375
20221123,09:56:08,42890.10,25,1530375
20221123,09:56:10,42889.10,50,1530375
20221123,09:56:11,42885.35,325,1530375
20221123,09:56:13,42892.00,25,1530375
20221123,09:56:14,42891.55,25,1530375
20221123,09:56:17,42890.75,325,1530375
20221123,09:56:19,42889.90,75,1530375
20221123,09:56:21,42890.50,250,1530375
20221123,09:56:22,42890.35,50,1530375
20221123,09:56:24,42889.65,75,1530375
20221123,09:56:25,42890.00,25,1530375
20221123,09:56:27,42888.50,50,1530375
20221123,09:56:28,42890.35,25,1530375
20221123,09:56:30,42883.50,200,1530375
20221123,09:56:32,42889.05,25,1530375
20221123,09:56:33,42887.00,75,1530375
20221123,09:56:35,42886.55,25,1530375
20221123,09:56:36,42889.05,375,1530375
20221123,09:56:38,42885.00,400,1530375
20221123,09:56:40,42887.10,50,1530375
20221123,09:56:41,42889.00,125,1530375
20221123,09:56:43,42885.55,50,1530375
20221123,09:56:44,42885.55,275,1530375
20221123,09:56:47,42885.25,25,1540075
20221123,09:56:49,42885.10,125,1540075
20221123,09:56:51,42881.00,125,1540075
20221123,09:56:52,42888.00,100,1540075
20221123,09:56:55,42889.00,50,1540075
20221123,09:56:57,42885.30,50,1540075
20221123,09:57:02,42885.00,75,1540075
20221123,09:57:03,42889.50,25,1540075
20221123,09:57:07,42887.00,50,1540075
20221123,09:57:10,42889.55,1125,1540075
20221123,09:57:11,42890.00,850,1540075
20221123,09:57:13,42891.40,50,1540075
20221123,09:57:15,42890.70,150,1540075
20221123,09:57:16,42893.75,25,1540075
20221123,09:57:20,42891.60,150,1540075
20221123,09:57:21,42892.45,475,1540075
20221123,09:57:23,42893.75,25,1540075
20221123,09:57:24,42892.45,50,1540075
20221123,09:57:26,42890.60,100,1540075
20221123,09:57:27,42892.50,50,1540075
20221123,09:57:29,42892.50,50,1540075
20221123,09:57:32,42893.75,450,1540075
20221123,09:57:34,42894.00,50,1540075
20221123,09:57:40,42894.00,50,1540075
20221123,09:57:43,42895.00,50,1540075
20221123,09:57:45,42895.00,200,1540075
20221123,09:57:46,42894.95,50,1540075
20221123,09:57:48,42891.45,25,1540075
20221123,09:57:49,42893.95,25,1540075
20221123,09:57:51,42890.00,425,1540075
20221123,09:57:53,42890.00,25,1540075
20221123,09:57:56,42889.30,25,1540075
20221123,09:57:57,42890.00,25,1540075
20221123,09:57:59,42890.00,100,1540075
20221123,09:58:00,42890.00,575,1540075
20221123,09:58:02,42890.00,350,1540075
20221123,09:58:03,42890.00,850,1540075
20221123,09:58:05,42890.00,875,1540075
20221123,09:58:08,42890.00,750,1540075
20221123,09:58:10,42890.55,25,1540075
20221123,09:58:11,42893.30,50,1540075
20221123,09:58:14,42893.15,75,1540075
20221123,09:58:20,42893.60,925,1540075
20221123,09:58:22,42893.60,50,1540075
20221123,09:58:24,42886.00,125,1540075
20221123,09:58:25,42892.95,50,1540075
20221123,09:58:28,42893.10,25,1540075
20221123,09:58:30,42891.05,150,1540075
20221123,09:58:32,42891.15,25,1540075
20221123,09:58:33,42891.15,750,1540075
20221123,09:58:35,42893.60,25,1540075
20221123,09:58:36,42893.60,75,1540075
20221123,09:58:38,42895.00,625,1540075
20221123,09:58:39,42895.00,200,1540075
20221123,09:58:41,42895.00,275,1540075
20221123,09:58:44,42895.00,475,1540075
20221123,09:58:45,42895.00,75,1540075
20221123,09:58:47,42890.00,175,1540075
20221123,09:58:49,42895.00,75,1540075
20221123,09:58:50,42896.35,75,1540075
20221123,09:58:52,42898.00,25,1540075
20221123,09:58:53,42898.95,125,1540075
20221123,09:58:55,42891.25,100,1540075
20221123,09:58:56,42897.95,25,1540075
20221123,09:58:58,42897.25,50,1540075
20221123,09:59:01,42898.00,650,1540075
20221123,09:59:03,42895.00,325,1540075
20221123,09:59:04,42899.65,100,1540075
20221123,09:59:06,42900.00,125,1540075
20221123,09:59:09,42900.00,25,1540075
20221123,09:59:10,42900.00,50,1540075
20221123,09:59:12,42898.55,175,1540075
20221123,09:59:13,42901.05,125,1540075
20221123,09:59:15,42901.30,150,1540075
20221123,09:59:17,42900.00,200,1540075
20221123,09:59:18,42901.00,200,1540075
20221123,09:59:20,42900.70,175,1540075
20221123,09:59:21,42901.55,150,1540075
20221123,09:59:23,42900.85,575,1540075
20221123,09:59:25,42900.45,775,1540075
20221123,09:59:26,42895.55,25,1540075
20221123,09:59:28,42900.00,50,1540075
20221123,09:59:29,42891.20,100,1540075
20221123,09:59:31,42890.05,250,1540075
20221123,09:59:33,42890.05,500,1540075
20221123,09:59:34,42896.00,625,1540075
20221123,09:59:36,42893.05,50,1540075
20221123,09:59:38,42897.65,25,1540075
20221123,09:59:39,42897.65,275,1540075
20221123,09:59:41,42897.60,375,1540075
20221123,09:59:43,42896.90,25,1540075
20221123,09:59:49,42894.90,25,1547975
20221123,09:59:56,42893.85,100,1547975
20221123,09:59:57,42893.55,50,1547975
20221123,09:59:59,42890.00,125,1547975
20221123,10:00:00,42892.95,175,1547975
20221123,10:00:02,42894.90,625,1547975
20221123,10:00:04,42897.00,150,1547975
20221123,10:00:07,42897.65,125,1547975
20221123,10:00:08,42897.65,25,1547975
20221123,10:00:10,42896.55,100,1547975
20221123,10:00:12,42893.20,125,1547975
20221123,10:00:13,42894.95,275,1547975
20221123,10:00:15,42895.85,900,1547975
20221123,10:00:17,42897.00,125,1547975
20221123,10:00:18,42897.65,175,1547975
20221123,10:00:20,42897.65,525,1547975
20221123,10:00:22,42893.80,125,1547975
20221123,10:00:23,42897.55,850,1547975
20221123,10:00:25,42897.00,25,1547975
20221123,10:00:26,42895.85,25,1547975
20221123,10:00:28,42895.85,25,1547975
20221123,10:00:29,42895.85,75,1547975
20221123,10:00:31,42895.85,50,1547975
20221123,10:00:32,42895.85,25,1547975
20221123,10:00:34,42895.85,475,1547975
20221123,10:00:35,42899.40,75,1547975
20221123,10:00:37,42898.25,75,1547975
20221123,10:00:39,42895.45,25,1547975
20221123,10:00:43,42895.55,50,1547975
20221123,10:00:45,42896.80,275,1547975
20221123,10:00:47,42900.00,75,1547975
20221123,10:00:50,42899.05,225,1547975
20221123,10:00:51,42899.15,25,1547975
20221123,10:00:53,42897.05,25,1547975
20221123,10:00:54,42899.15,50,1547975
20221123,10:00:56,42900.00,50,1547975
20221123,10:00:57,42900.00,25,1547975
20221123,10:01:00,42898.75,50,1547975
20221123,10:01:02,42899.35,200,1547975
20221123,10:01:03,42895.55,50,1547975
20221123,10:01:05,42899.65,50,1547975
20221123,10:01:06,42899.15,75,1547975
20221123,10:01:08,42899.90,75,1547975
20221123,10:01:09,42899.00,25,1547975
20221123,10:01:11,42898.00,1125,1547975
20221123,10:01:13,42899.90,1850,1547975
20221123,10:01:14,42899.90,50,1547975
20221123,10:01:16,42899.90,500,1547975
20221123,10:01:17,42899.90,100,1547975
20221123,10:01:19,42899.90,100,1547975
20221123,10:01:20,42900.00,800,1547975
20221123,10:01:22,42902.00,350,1547975
20221123,10:01:23,42899.95,1000,1547975
20221123,10:01:25,42904.00,775,1547975
20221123,10:01:26,42901.35,50,1547975
20221123,10:01:28,42900.60,150,1547975
20221123,10:01:29,42901.00,75,1547975
20221123,10:01:31,42900.05,125,1547975
20221123,10:01:32,42903.45,25,1547975
20221123,10:01:34,42903.45,550,1547975
20221123,10:01:36,42900.00,100,1547975
20221123,10:01:37,42900.50,150,1547975
20221123,10:01:39,42896.90,75,1547975
20221123,10:01:40,42900.75,25,1547975
20221123,10:01:43,42900.65,100,1547975
20221123,10:01:45,42899.95,50,1547975
20221123,10:01:46,42900.60,175,1547975
20221123,10:01:48,42900.60,25,1547975
20221123,10:01:50,42896.00,50,1547975
20221123,10:01:51,42900.65,50,1547975
20221123,10:01:53,42895.00,125,1547975
20221123,10:01:54,42900.30,25,1547975
20221123,10:01:58,42894.25,25,1547975
20221123,10:01:59,42896.70,25,1547975
20221123,10:02:01,42900.30,25,1547975
20221123,10:02:04,42896.10,25,1547975
20221123,10:02:07,42900.65,50,1547975
20221123,10:02:09,42900.65,25,1547975
20221123,10:02:10,42897.50,50,1547975
20221123,10:02:15,42899.30,50,1547975
20221123,10:02:18,42899.35,25,1547975
20221123,10:02:20,42898.60,75,1547975
20221123,10:02:23,42898.90,25,1547975
20221123,10:02:25,42896.05,100,1547975
20221123,10:02:26,42900.00,25,1547975
20221123,10:02:39,42897.05,75,1547975
20221123,10:02:40,42896.75,25,1547975
20221123,10:02:42,42899.45,100,1547975
20221123,10:02:44,42898.90,100,1547975
20221123,10:02:45,42899.25,350,1556550
20221123,10:02:47,42899.30,100,1556550
20221123,10:02:49,42897.75,300,1556550
20221123,10:02:50,42898.25,775,1556550
20221123,10:02:52,42897.85,475,1556550
20221123,10:02:53,42897.45,25,1556550
20221123,10:02:55,42896.75,100,1556550
20221123,10:02:58,42896.85,650,1556550
20221123,10:03:00,42897.05,400,1556550
20221123,10:03:01,42897.05,250,1556550
20221123,10:03:03,42898.30,100,1556550
20221123,10:03:05,42898.45,175,1556550
20221123,10:03:06,42898.00,400,1556550
20221123,10:03:08,42896.85,125,1556550
20221123,10:03:10,42898.00,50,1556550
20221123,10:03:14,42897.50,275,1556550
20221123,10:03:18,42896.85,975,1556550
20221123,10:03:19,42896.00,25,1556550
20221123,10:03:21,42896.90,500,1556550
20221123,10:03:22,42896.25,250,1556550
20221123,10:03:24,42896.90,25,1556550
20221123,10:03:26,42898.05,50,1556550
20221123,10:03:27,42897.30,25,1556550
20221123,10:03:29,42897.15,25,1556550
20221123,10:03:30,42897.90,125,1556550
20221123,10:03:32,42901.10,850,1556550
20221123,10:03:34,42900.40,75,1556550
20221123,10:03:35,42900.00,100,1556550
20221123,10:03:37,42900.85,300,1556550
20221123,10:03:39,42898.60,150,1556550
20221123,10:03:40,42898.00,25,1556550
20221123,10:03:43,42899.10,225,1556550
20221123,10:03:45,42899.90,75,1556550
20221123,10:03:50,42900.00,100,1556550
20221123,10:03:52,42900.00,50,1556550
20221123,10:03:53,42900.00,50,1556550
20221123,10:03:55,42899.85,200,1556550
20221123,10:03:56,42899.45,125,1556550
20221123,10:03:58,42898.95,75,1556550
20221123,10:04:00,42898.65,25,1556550
20221123,10:04:01,42899.95,100,1556550
20221123,10:04:04,42899.05,50,1556550
20221123,10:04:06,42899.30,75,1556550
20221123,10:04:08,42899.40,125,1556550
20221123,10:04:09,42897.00,50,1556550
20221123,10:04:11,42900.55,375,1556550
20221123,10:04:13,42901.05,25,1556550
20221123,10:04:14,42901.05,75,1556550
20221123,10:04:17,42901.90,50,1556550
20221123,10:04:19,42902.30,75,1556550
20221123,10:04:20,42903.00,350,1556550
20221123,10:04:22,42902.95,100,1556550
20221123,10:04:24,42903.80,225,1556550
20221123,10:04:25,42903.75,75,1556550
20221123,10:04:27,42903.35,225,1556550
20221123,10:04:28,42904.10,100,1556550
20221123,10:04:30,42903.35,50,1556550
20221123,10:04:32,42904.75,175,1556550
20221123,10:04:33,42905.00,400,1556550
20221123,10:04:35,42905.00,50,1556550
20221123,10:04:36,42904.90,325,1556550
20221123,10:04:38,42903.15,50,1556550
20221123,10:04:40,42900.85,550,1556550
20221123,10:04:41,42901.60,50,1556550
20221123,10:04:45,42901.60,75,1556550
20221123,10:04:48,42903.20,25,1556550
20221123,10:04:53,42903.00,25,1556550
20221123,10:04:54,42903.00,75,1556550
20221123,10:04:56,42902.65,25,1556550
20221123,10:04:58,42901.10,25,1556550
20221123,10:05:01,42900.85,25,1556550
20221123,10:05:03,42901.20,75,1556550
20221123,10:05:04,42900.00,125,1556550
20221123,10:05:11,42900.05,25,1556550
20221123,10:05:12,42900.00,150,1556550
20221123,10:05:14,42900.00,225,1556550
20221123,10:05:16,42903.00,50,1556550
20221123,10:05:17,42900.40,25,1556550
20221123,10:05:19,42901.00,25,1556550
20221123,10:05:21,42903.50,25,1556550
20221123,10:05:22,42903.25,150,1556550
20221123,10:05:24,42903.00,25,1556550
20221123,10:05:25,42901.20,25,1556550
20221123,10:05:27,42900.10,50,1556550
20221123,10:05:30,42904.15,25,1556550
20221123,10:05:33,42902.90,50,1556550
20221123,10:05:35,42903.70,100,1556550
20221123,10:05:37,42900.05,100,1556550
20221123,10:05:40,42904.15,100,1556550
20221123,10:05:42,42904.15,75,1556550
20221123,10:05:45,42900.05,25,1556550
20221123,10:05:49,42902.85,25,1566475
20221123,10:05:51,42902.80,25,1566475
20221123,10:05:52,42902.45,150,1566475
20221123,10:05:54,42902.65,25,1566475
20221123,10:05:55,42902.65,250,1566475
20221123,10:05:58,42901.85,50,1566475
20221123,10:06:00,42902.00,25,1566475
20221123,10:06:01,42902.00,25,1566475
20221123,10:06:03,42903.00,50,1566475
20221123,10:06:04,42903.90,50,1566475
20221123,10:06:06,42903.65,25,1566475
20221123,10:06:08,42904.20,50,1566475
20221123,10:06:09,42904.05,25,1566475
20221123,10:06:11,42903.30,25,1566475
20221123,10:06:12,42903.70,25,1566475
20221123,10:06:14,42903.75,25,1566475
20221123,10:06:20,42902.75,50,1566475
20221123,10:06:25,42901.00,25,1566475
20221123,10:06:28,42900.05,25,1566475
20221123,10:06:30,42900.00,100,1566475
20221123,10:06:31,42900.00,25,1566475
20221123,10:06:33,42901.00,25,1566475
20221123,10:06:36,42900.05,25,1566475
20221123,10:06:43,42900.05,25,1566475
20221123,10:06:44,42902.60,100,1566475
20221123,10:06:49,42900.05,50,1566475
20221123,10:06:51,42901.50,175,1566475
20221123,10:06:52,42901.65,50,1566475
20221123,10:06:54,42902.15,25,1566475
20221123,10:06:59,42901.25,25,1566475
20221123,10:07:04,42902.60,75,1566475
20221123,10:07:07,42901.90,50,1566475
20221123,10:07:10,42902.00,50,1566475
20221123,10:07:13,42900.85,125,1566475
20221123,10:07:15,42901.10,725,1566475
20221123,10:07:16,42901.20,50,1566475
20221123,10:07:18,42901.20,75,1566475
20221123,10:07:19,42901.20,100,1566475
20221123,10:07:21,42901.20,50,1566475
20221123,10:07:22,42901.20,225,1566475
20221123,10:07:24,42901.20,25,1566475
20221123,10:07:25,42901.20,25,1566475
20221123,10:07:26,42901.20,250,1566475
20221123,10:07:28,42901.20,25,1566475
20221123,10:07:32,42896.95,125,1566475
20221123,10:07:34,42900.00,25,1566475
20221123,10:07:35,42896.75,25,1566475
20221123,10:07:37,42900.00,25,1566475
20221123,10:07:38,42895.80,25,1566475
20221123,10:07:40,42895.80,100,1566475
20221123,10:07:44,42899.50,325,1566475
20221123,10:07:46,42894.65,75,1566475
20221123,10:07:56,42899.60,200,1566475
20221123,10:08:04,42892.85,125,1566475
20221123,10:08:06,42899.35,200,1566475
20221123,10:08:07,42895.00,150,1566475
20221123,10:08:18,42892.95,325,1566475
20221123,10:08:19,42893.10,50,1566475
20221123,10:08:20,42894.80,25,1566475
20221123,10:08:23,42895.50,100,1566475
20221123,10:08:31,42896.00,125,1566475
20221123,10:08:32,42896.00,50,1566475
20221123,10:08:34,42895.50,25,1566475
20221123,10:08:37,42894.40,150,1566475
20221123,10:08:42,42895.90,50,1566475
20221123,10:08:44,42895.90,50,1566475
20221123,10:08:47,42895.90,50,1570825
20221123,10:08:54,42895.90,125,1570825
20221123,10:08:55,42893.15,25,1570825
20221123,10:08:58,42895.90,25,1570825
20221123,10:09:01,42895.90,75,1570825
20221123,10:09:03,42896.00,50,1570825
20221123,10:09:04,42895.85,100,1570825
20221123,10:09:06,42895.85,75,1570825
20221123,10:09:10,42895.00,25,1570825
20221123,10:09:12,42895.00,75,1570825
20221123,10:09:14,42895.65,25,1570825
20221123,10:09:16,42895.85,50,1570825
20221123,10:09:17,42895.70,25,1570825
20221123,10:09:20,42895.85,100,1570825
20221123,10:09:21,42895.85,25,1570825
20221123,10:09:23,42895.40,25,1570825
20221123,10:09:26,42896.00,300,1570825
20221123,10:09:29,42895.65,75,1570825
20221123,10:09:30,42893.35,50,1570825
20221123,10:09:35,42895.90,25,1570825
20221123,10:09:42,42894.00,25,1570825
20221123,10:09:46,42892.15,100,1570825
20221123,10:09:49,42895.90,25,1570825
20221123,10:09:55,42896.00,375,1570825
20221123,10:09:57,42898.90,25,1570825
20221123,10:10:04,42899.00,150,1570825
20221123,10:10:07,42899.70,75,1570825
20221123,10:10:11,42900.00,25,1570825
20221123,10:10:12,42900.00,25,1570825
20221123,10:10:14,42900.00,125,1570825
20221123,10:10:16,42900.00,150,1570825
20221123,10:10:17,42900.00,225,1570825
20221123,10:10:19,42900.00,50,1570825
20221123,10:10:22,42900.00,150,1570825
20221123,10:10:23,42900.15,25,1570825
20221123,10:10:25,42901.70,625,1570825
20221123,10:10:27,42901.40,75,1570825
20221123,10:10:28,42901.05,25,1570825
20221123,10:10:31,42899.40,150,1570825
20221123,10:10:33,42903.55,25,1570825
20221123,10:10:34,42902.00,75,1570825
20221123,10:10:36,42901.05,50,1570825
20221123,10:10:38,42900.35,150,1570825
20221123,10:10:39,42900.55,50,1570825
20221123,10:10:40,42900.55,50,1570825
20221123,10:10:42,42900.30,225,1570825
20221123,10:10:43,42901.15,50,1570825
20221123,10:10:46,42901.10,50,1570825
20221123,10:10:51,42903.25,75,1570825
20221123,10:10:52,42898.90,25,1570825
20221123,10:10:59,42900.15,25,1570825
20221123,10:11:03,42900.10,25,1570825
20221123,10:11:05,42900.15,25,1570825
20221123,10:11:11,42898.90,350,1570825
20221123,10:11:12,42898.90,25,1570825
20221123,10:11:15,42898.90,25,1570825
20221123,10:11:17,42898.90,25,1570825
20221123,10:11:20,42898.90,25,1570825
20221123,10:11:21,42896.10,25,1570825
20221123,10:11:23,42896.05,50,1570825
20221123,10:11:29,42898.90,25,1570825
20221123,10:11:30,42895.05,25,1570825
20221123,10:11:31,42895.00,25,1570825
20221123,10:11:34,42894.00,25,1570825
20221123,10:11:37,42896.05,25,1570825
20221123,10:11:39,42896.20,25,1570825
20221123,10:11:51,42897.85,25,1574225
20221123,10:11:53,42898.40,200,1574225
20221123,10:11:55,42897.30,100,1574225
20221123,10:11:56,42899.90,50,1574225
20221123,10:11:58,42899.95,50,1574225
20221123,10:11:59,42898.15,25,1574225
20221123,10:12:02,42899.95,50,1574225
20221123,10:12:04,42900.00,50,1574225
20221123,10:12:05,42898.70,75,1574225
20221123,10:12:06,42900.00,150,1574225
20221123,10:12:08,42900.15,25,1574225
20221123,10:12:11,42900.15,75,1574225
20221123,10:12:13,42900.00,25,1574225
20221123,10:12:14,42900.15,50,1574225
20221123,10:12:16,42902.00,25,1574225
20221123,10:12:20,42900.05,25,1574225
20221123,10:12:29,42900.00,50,1574225
20221123,10:12:30,42903.75,25,1574225
20221123,10:12:32,42903.50,25,1574225
20221123,10:12:44,42895.20,125,1574225
20221123,10:12:55,42900.00,25,1574225
20221123,10:13:01,42895.55,25,1574225
20221123,10:13:06,42896.30,25,1574225
20221123,10:13:12,42900.00,25,1574225
20221123,10:13:16,42900.00,125,1574225
20221123,10:13:21,42900.00,50,1574225
20221123,10:13:26,42900.00,25,1574225
20221123,10:13:29,42896.80,25,1574225
20221123,10:13:30,42896.80,25,1574225
20221123,10:13:32,42903.00,50,1574225
20221123,10:13:34,42903.00,300,1574225
20221123,10:13:40,42899.85,25,1574225
20221123,10:13:42,42897.05,25,1574225
20221123,10:13:47,42903.45,200,1574225
20221123,10:13:50,42903.30,25,1574225
20221123,10:13:51,42903.30,25,1574225
20221123,10:14:00,42897.05,50,1574225
20221123,10:14:05,42895.95,25,1574225
20221123,10:14:07,42900.00,75,1574225
20221123,10:14:08,42900.00,25,1574225
20221123,10:14:13,42900.00,25,1574225
20221123,10:14:14,42902.50,175,1574225
20221123,10:14:16,42900.00,100,1574225
20221123,10:14:18,42896.95,150,1574225
20221123,10:14:20,42902.35,25,1574225
20221123,10:14:23,42896.85,25,1574225
20221123,10:14:26,42896.90,50,1574225
20221123,10:14:29,42902.00,75,1574225
20221123,10:14:35,42899.25,50,1574225
20221123,10:14:37,42900.20,75,1574225
20221123,10:14:38,42902.50,50,1574225
20221123,10:14:40,42903.00,25,1574225
20221123,10:14:43,42905.00,25,1574225
20221123,10:14:45,42903.00,75,1574225
20221123,10:14:46,42905.00,100,1574225
20221123,10:14:48,42904.95,25,1576325
20221123,10:14:54,42904.95,25,1576325
20221123,10:14:57,42902.00,75,1576325
20221123,10:14:59,42901.05,100,1576325
20221123,10:15:00,42901.95,50,1576325
20221123,10:15:02,42902.85,100,1576325
20221123,10:15:04,42902.00,25,1576325
20221123,10:15:05,42902.10,25,1576325
20221123,10:15:07,42902.25,150,1576325
20221123,10:15:09,42907.00,325,1576325
20221123,10:15:14,42907.10,400,1576325
20221123,10:15:15,42907.10,250,1576325
20221123,10:15:17,42907.00,100,1576325
20221123,10:15:19,42906.65,75,1576325
20221123,10:15:20,42905.45,50,1576325
20221123,10:15:23,42907.90,75,1576325
20221123,10:15:27,42901.25,100,1576325
20221123,10:15:28,42905.00,50,1576325
20221123,10:15:33,42903.15,25,1576325
20221123,10:15:36,42907.00,175,1576325
20221123,10:15:38,42908.25,175,1576325
20221123,10:15:41,42906.10,325,1576325
20221123,10:15:43,42910.00,100,1576325
20221123,10:15:44,42910.00,25,1576325
20221123,10:15:46,42908.05,25,1576325
20221123,10:15:48,42908.05,25,1576325
20221123,10:15:49,42910.05,25,1576325
20221123,10:15:51,42910.40,175,1576325
20221123,10:15:52,42907.40,375,1576325
20221123,10:15:56,42906.00,50,1576325
20221123,10:16:00,42908.00,25,1576325
20221123,10:16:02,42906.00,100,1576325
20221123,10:16:07,42906.05,350,1576325
20221123,10:16:08,42904.10,275,1576325
20221123,10:16:10,42909.10,75,1576325
20221123,10:16:11,42906.00,100,1576325
20221123,10:16:15,42907.95,25,1576325
20221123,10:16:16,42907.65,75,1576325
20221123,10:16:20,42904.00,75,1576325
20221123,10:16:21,42902.00,75,1576325
20221123,10:16:23,42907.90,375,1576325
20221123,10:16:28,42907.90,225,1576325
20221123,10:16:32,42902.25,100,1576325
20221123,10:16:39,42905.00,25,1576325
20221123,10:16:40,42905.00,50,1576325
20221123,10:16:42,42900.00,50,1576325
20221123,10:16:45,42905.05,50,1576325
20221123,10:16:47,42904.95,50,1576325
20221123,10:16:48,42900.00,25,1576325
20221123,10:16:51,42900.05,25,1576325
20221123,10:16:54,42900.00,75,1576325
20221123,10:16:57,42897.95,25,1576325
20221123,10:17:02,42902.25,25,1576325
20221123,10:17:03,42897.95,50,1576325
20221123,10:17:10,42897.55,125,1576325
20221123,10:17:12,42897.55,225,1576325
20221123,10:17:20,42900.00,50,1576325
20221123,10:17:23,42900.00,100,1576325
20221123,10:17:26,42903.25,525,1576325
20221123,10:17:27,42900.00,25,1576325
20221123,10:17:30,42897.00,25,1576325
20221123,10:17:32,42900.35,25,1576325
20221123,10:17:34,42898.05,50,1576325
20221123,10:17:38,42904.05,50,1576325
20221123,10:17:39,42903.10,25,1576325
20221123,10:17:47,42902.45,50,1576325
20221123,10:17:49,42900.00,75,1582025
20221123,10:17:52,42899.05,525,1582025
20221123,10:17:55,42899.00,25,1582025
20221123,10:17:56,42896.35,25,1582025
20221123,10:18:02,42896.05,25,1582025
20221123,10:18:05,42899.00,100,1582025
20221123,10:18:10,42899.00,25,1582025
20221123,10:18:15,42899.00,50,1582025
20221123,10:18:18,42895.75,25,1582025
20221123,10:18:19,42895.75,125,1582025
20221123,10:18:21,42895.75,175,1582025
20221123,10:18:24,42899.00,25,1582025
20221123,10:18:25,42899.00,75,1582025
20221123,10:18:27,42899.05,25,1582025
20221123,10:18:30,42899.00,25,1582025
20221123,10:18:32,42899.00,25,1582025
20221123,10:18:33,42900.00,25,1582025
20221123,10:18:35,42900.00,50,1582025
20221123,10:18:48,42899.00,25,1582025
20221123,10:18:50,42898.00,25,1582025
20221123,10:18:56,42897.15,25,1582025
20221123,10:18:57,42897.25,25,1582025
20221123,10:19:02,42895.85,50,1582025
20221123,10:19:03,42897.15,25,1582025
20221123,10:19:11,42895.35,125,1582025
20221123,10:19:13,42895.00,175,1582025
20221123,10:19:16,42895.00,25,1582025
20221123,10:19:17,42894.20,1100,1582025
20221123,10:19:19,42895.00,125,1582025
20221123,10:19:20,42895.00,750,1582025
20221123,10:19:22,42895.00,825,1582025
20221123,10:19:23,42894.85,50,1582025
20221123,10:19:25,42894.85,150,1582025
20221123,10:19:26,42894.85,50,1582025
20221123,10:19:28,42894.85,950,1582025
20221123,10:19:32,42895.35,950,1582025
20221123,10:19:33,42895.35,25,1582025
20221123,10:19:36,42895.35,25,1582025
20221123,10:19:38,42895.35,25,1582025
20221123,10:19:39,42895.35,75,1582025
20221123,10:19:47,42895.40,75,1582025
20221123,10:19:54,42897.00,25,1582025
20221123,10:19:56,42895.35,150,1582025
20221123,10:20:02,42895.35,75,1582025
20221123,10:20:04,42895.35,100,1582025
20221123,10:20:11,42895.35,650,1582025
20221123,10:20:12,42895.30,200,1582025
20221123,10:20:16,42895.35,25,1582025
20221123,10:20:17,42897.15,25,1582025
20221123,10:20:20,42898.00,25,1582025
20221123,10:20:21,42898.00,50,1582025
20221123,10:20:29,42896.00,50,1582025
20221123,10:20:30,42896.00,25,1582025
20221123,10:20:32,42895.30,50,1582025
20221123,10:20:35,42895.35,25,1582025
20221123,10:20:36,42895.35,50,1582025
20221123,10:20:39,42895.05,25,1582025
20221123,10:20:49,42895.00,125,1582025
20221123,10:20:50,42895.00,25,1589025
20221123,10:20:53,42894.90,25,1589025
20221123,10:21:01,42895.00,25,1589025
20221123,10:21:07,42894.90,25,1589025
20221123,10:21:08,42894.95,25,1589025
20221123,10:21:13,42896.00,75,1589025
20221123,10:21:16,42894.90,25,1589025
20221123,10:21:18,42894.90,225,1589025
20221123,10:21:24,42895.15,50,1589025
20221123,10:21:28,42896.00,25,1589025
20221123,10:21:29,42895.65,150,1589025
20221123,10:21:31,42895.95,50,1589025
20221123,10:21:32,42898.55,500,1589025
20221123,10:21:36,42900.00,25,1589025
20221123,10:21:43,42900.00,300,1589025
20221123,10:21:47,42900.05,25,1589025
20221123,10:21:48,42900.00,600,1589025
20221123,10:21:51,42900.00,25,1589025
20221123,10:21:53,42896.45,125,1589025
20221123,10:21:58,42900.00,100,1589025
20221123,10:22:01,42900.00,25,1589025
20221123,10:22:02,42896.10,25,1589025
20221123,10:22:04,42896.00,100,1589025
20221123,10:22:06,42900.00,25,1589025
20221123,10:22:07,42896.60,25,1589025
20221123,10:22:09,42900.00,50,1589025
20221123,10:22:13,42896.85,50,1589025
20221123,10:22:15,42900.00,50,1589025
20221123,10:22:16,42900.00,50,1589025
20221123,10:22:20,42898.00,325,1589025
20221123,10:22:21,42897.50,75,1589025
20221123,10:22:23,42900.00,325,1589025
20221123,10:22:24,42900.00,25,1589025
20221123,10:22:29,42900.00,25,1589025
20221123,10:22:32,42901.00,75,1589025
20221123,10:22:34,42903.30,100,1589025
20221123,10:22:38,42897.90,25,1589025
20221123,10:22:43,42902.00,75,1589025
20221123,10:22:44,42902.00,25,1589025
20221123,10:22:47,42897.70,25,1589025
20221123,10:22:50,42897.70,25,1589025
20221123,10:22:54,42895.75,25,1589025
20221123,10:22:57,42895.75,25,1589025
20221123,10:22:59,42895.65,225,1589025
20221123,10:23:00,42898.20,25,1589025
20221123,10:23:02,42901.00,75,1589025
20221123,10:23:05,42900.00,25,1589025
20221123,10:23:06,42900.35,50,1589025
20221123,10:23:08,42900.40,25,1589025
20221123,10:23:12,42895.00,75,1589025
20221123,10:23:13,42895.00,75,1589025
20221123,10:23:15,42894.95,200,1589025
20221123,10:23:21,42894.85,125,1589025
20221123,10:23:22,42894.85,25,1589025
20221123,10:23:24,42894.35,25,1589025
20221123,10:23:30,42894.35,25,1589025
20221123,10:23:36,42894.35,225,1589025
20221123,10:23:37,42890.75,75,1589025
20221123,10:23:43,42892.15,100,1589025
20221123,10:23:47,42891.60,25,1589025
20221123,10:23:48,42891.05,100,1589025
20221123,10:23:50,42899.00,75,1589025
20221123,10:23:54,42899.25,25,1591675
20221123,10:24:07,42899.35,25,1591675
20221123,10:24:08,42899.00,50,1591675
20221123,10:24:09,42899.25,25,1591675
20221123,10:24:11,42899.35,25,1591675
20221123,10:24:17,42894.50,75,1591675
20221123,10:24:19,42895.00,75,1591675
20221123,10:24:21,42895.50,50,1591675
20221123,10:24:27,42894.25,200,1591675
20221123,10:24:28,42900.00,50,1591675
20221123,10:24:30,42895.55,75,1591675
20221123,10:24:32,42896.25,50,1591675
20221123,10:24:34,42895.60,50,1591675
20221123,10:24:35,42902.00,75,1591675
20221123,10:24:38,42900.95,25,1591675
20221123,10:24:46,42900.00,25,1591675
20221123,10:24:47,42900.80,50,1591675
20221123,10:24:50,42900.75,25,1591675
20221123,10:24:53,42900.00,25,1591675
20221123,10:24:56,42900.00,25,1591675
20221123,10:24:59,42899.95,25,1591675
20221123,10:25:10,42894.45,50,1591675
20221123,10:25:14,42899.00,25,1591675
20221123,10:25:20,42895.00,25,1591675
20221123,10:25:25,42899.00,25,1591675
20221123,10:25:32,42899.00,25,1591675
20221123,10:25:33,42899.00,25,1591675
20221123,10:25:38,42894.50,25,1591675
20221123,10:25:39,42894.50,75,1591675
20221123,10:25:42,42894.60,25,1591675
20221123,10:25:44,42894.50,100,1591675
20221123,10:25:53,42894.45,25,1591675
20221123,10:25:55,42891.00,25,1591675
20221123,10:26:00,42891.10,25,1591675
20221123,10:26:01,42891.05,25,1591675
20221123,10:26:09,42891.00,25,1591675
20221123,10:26:12,42891.00,50,1591675
20221123,10:26:13,42891.00,50,1591675
20221123,10:26:16,42890.10,50,1591675
20221123,10:26:17,42890.05,25,1591675
20221123,10:26:19,42891.00,25,1591675
20221123,10:26:22,42888.00,150,1591675
20221123,10:26:26,42886.80,25,1591675
20221123,10:26:28,42888.05,25,1591675
20221123,10:26:32,42888.00,25,1591675
20221123,10:26:35,42888.00,25,1591675
20221123,10:26:37,42890.00,25,1591675
20221123,10:26:43,42889.50,50,1591675
20221123,10:26:45,42889.50,50,1591675
20221123,10:26:48,42890.00,25,1591675
20221123,10:26:51,42890.05,125,1592875
20221123,10:26:53,42890.00,25,1592875
20221123,10:26:54,42890.00,50,1592875
20221123,10:26:59,42890.05,150,1592875
20221123,10:27:02,42890.10,25,1592875
20221123,10:27:05,42890.05,75,1592875
20221123,10:27:06,42890.05,100,1592875
20221123,10:27:08,42890.05,25,1592875
20221123,10:27:11,42890.05,25,1592875
20221123,10:27:12,42890.05,150,1592875
20221123,10:27:17,42888.00,25,1592875
20221123,10:27:18,42887.50,50,1592875
20221123,10:27:24,42886.85,50,1592875
20221123,10:27:26,42886.85,25,1592875
20221123,10:27:32,42887.10,25,1592875
20221123,10:27:33,42887.15,25,1592875
20221123,10:27:35,42887.50,75,1592875
20221123,10:27:36,42888.05,25,1592875
20221123,10:27:41,42888.05,50,1592875
20221123,10:27:44,42890.00,250,1592875
20221123,10:27:47,42890.05,325,1592875
20221123,10:27:49,42890.05,50,1592875
20221123,10:27:52,42890.00,25,1592875
20221123,10:27:56,42890.00,75,1592875
20221123,10:27:58,42888.80,50,1592875
20221123,10:27:59,42890.05,500,1592875
20221123,10:28:06,42890.05,75,1592875
20221123,10:28:10,42890.00,25,1592875
20221123,10:28:11,42888.80,100,1592875
20221123,10:28:14,42890.05,325,1592875
20221123,10:28:20,42892.50,25,1592875
20221123,10:28:29,42892.50,25,1592875
20221123,10:28:32,42890.95,50,1592875
20221123,10:28:33,42890.95,75,1592875
20221123,10:28:35,42890.90,100,1592875
20221123,10:28:38,42890.90,25,1592875
20221123,10:28:46,42891.10,25,1592875
20221123,10:28:47,42891.05,25,1592875
20221123,10:28:49,42891.05,25,1592875
20221123,10:28:55,42891.20,25,1592875
20221123,10:28:57,42894.00,25,1592875
20221123,10:29:02,42891.65,50,1592875
20221123,10:29:14,42895.00,75,1592875
20221123,10:29:24,42895.05,125,1592875
20221123,10:29:26,42899.00,25,1592875
20221123,10:29:29,42899.00,100,1592875
20221123,10:29:34,42899.70,50,1592875
20221123,10:29:36,42900.25,325,1592875
20221123,10:29:37,42900.00,150,1592875
20221123,10:29:39,42900.05,75,1592875
20221123,10:29:40,42900.05,25,1592875
20221123,10:29:42,42900.05,200,1592875
20221123,10:29:43,42899.00,25,1592875
20221123,10:29:46,42898.05,25,1592875
20221123,10:29:52,42898.10,25,1595750
20221123,10:29:54,42894.35,75,1595750
20221123,10:29:57,42898.05,100,1595750
20221123,10:29:58,42898.05,50,1595750
20221123,10:29:59,42898.05,25,1595750
20221123,10:30:01,42898.05,25,1595750
20221123,10:30:02,42898.05,75,1595750
20221123,10:30:04,42898.10,100,1595750
20221123,10:30:05,42900.05,550,1595750
20221123,10:30:06,42902.60,325,1595750
20221123,10:30:13,42900.80,25,1595750
20221123,10:30:21,42898.05,50,1595750
20221123,10:30:23,42898.05,75,1595750
20221123,10:30:24,42898.05,50,1595750
20221123,10:30:28,42902.50,25,1595750
20221123,10:30:30,42902.60,25,1595750
20221123,10:30:32,42895.05,25,1595750
20221123,10:30:35,42900.00,25,1595750
20221123,10:30:39,42903.35,50,1595750
20221123,10:30:47,42901.40,25,1595750
20221123,10:30:51,42903.75,25,1595750
20221123,10:30:53,42903.75,25,1595750
20221123,10:31:06,42896.55,25,1595750
20221123,10:31:07,42903.20,75,1595750
20221123,10:31:16,42896.00,75,1595750
20221123,10:31:19,42896.00,75,1595750
20221123,10:31:21,42894.80,25,1595750
20221123,10:31:24,42894.85,50,1595750
20221123,10:31:30,42900.05,25,1595750
20221123,10:31:34,42894.90,75,1595750
20221123,10:31:39,42894.95,75,1595750
20221123,10:31:41,42894.65,25,1595750
20221123,10:31:42,42894.70,25,1595750
20221123,10:31:45,42895.20,50,1595750
20221123,10:31:47,42895.20,50,1595750
20221123,10:31:50,42895.50,50,1595750
20221123,10:31:53,42895.60,200,1595750
20221123,10:31:54,42899.00,50,1595750
20221123,10:31:58,42899.00,25,1595750
20221123,10:32:02,42899.00,25,1595750
20221123,10:32:06,42899.75,75,1595750
20221123,10:32:07,42896.60,25,1595750
20221123,10:32:09,42900.00,25,1595750
20221123,10:32:10,42892.05,825,1595750
20221123,10:32:14,42901.00,25,1595750
20221123,10:32:20,42896.00,25,1595750
20221123,10:32:25,42895.35,50,1595750
20221123,10:32:29,42900.90,25,1595750
20221123,10:32:32,42901.05,25,1595750
20221123,10:32:34,42903.00,200,1595750
20221123,10:32:37,42903.75,25,1595750
20221123,10:32:40,42900.00,350,1595750
20221123,10:32:43,42900.00,50,1595750
20221123,10:32:51,42901.50,200,1597375
20221123,10:32:53,42903.45,125,1597375
20221123,10:32:54,42903.55,25,1597375
20221123,10:32:56,42897.70,50,1597375
20221123,10:32:59,42903.75,25,1597375
20221123,10:33:04,42903.70,50,1597375
20221123,10:33:05,42903.75,25,1597375
20221123,10:33:10,42898.70,75,1597375
20221123,10:33:15,42900.00,25,1597375
20221123,10:33:16,42902.00,25,1597375
20221123,10:33:18,42897.65,25,1597375
20221123,10:33:19,42902.00,25,1597375
20221123,10:33:21,42903.75,25,1597375
20221123,10:33:24,42899.15,150,1597375
20221123,10:33:25,42899.00,25,1597375
20221123,10:33:30,42900.05,25,1597375
20221123,10:33:36,42900.05,25,1597375
20221123,10:33:39,42903.10,700,1597375
20221123,10:33:42,42900.05,50,1597375
20221123,10:33:45,42900.00,50,1597375
20221123,10:33:47,42900.05,25,1597375
20221123,10:33:52,42900.05,25,1597375
20221123,10:34:00,42900.05,25,1597375
20221123,10:34:01,42899.05,25,1597375
20221123,10:34:06,42899.05,25,1597375
20221123,10:34:07,42899.00,50,1597375
20221123,10:34:09,42900.00,25,1597375
20221123,10:34:10,42900.00,25,1597375
20221123,10:34:12,42900.00,25,1597375
20221123,10:34:15,42900.00,25,1597375
20221123,10:34:16,42899.00,75,1597375
20221123,10:34:18,42899.00,50,1597375
20221123,10:34:19,42899.00,25,1597375
20221123,10:34:21,42899.00,25,1597375
20221123,10:34:24,42899.00,25,1597375
20221123,10:34:25,42899.00,25,1597375
20221123,10:34:32,42897.55,25,1597375
20221123,10:34:35,42897.50,25,1597375
20221123,10:34:41,42895.00,50,1597375
20221123,10:34:42,42896.05,275,1597375
20221123,10:34:48,42896.10,25,1597375
20221123,10:34:49,42896.05,200,1597375
20221123,10:34:55,42896.05,25,1597375
20221123,10:34:59,42896.10,25,1597375
20221123,10:35:00,42896.05,50,1597375
20221123,10:35:02,42896.05,50,1597375
20221123,10:35:04,42895.00,50,1597375
20221123,10:35:06,42895.00,75,1597375
20221123,10:35:08,42895.00,25,1597375
20221123,10:35:10,42895.00,75,1597375
20221123,10:35:11,42894.85,25,1597375
20221123,10:35:12,42895.00,25,1597375
20221123,10:35:15,42895.00,25,1597375
20221123,10:35:17,42894.00,50,1597375
20221123,10:35:19,42893.80,75,1597375
20221123,10:35:21,42893.95,75,1597375
20221123,10:35:27,42893.95,50,1597375
20221123,10:35:28,42893.80,25,1597375
20221123,10:35:33,42893.95,100,1597375
20221123,10:35:34,42894.05,50,1597375
20221123,10:35:40,42895.00,350,1597375
20221123,10:35:42,42893.25,25,1597375
20221123,10:35:48,42893.20,50,1597375
20221123,10:35:50,42893.05,75,1597375
20221123,10:35:52,42892.85,75,1597375
20221123,10:35:54,42893.80,25,1599650
20221123,10:35:56,42893.80,25,1599650
20221123,10:36:00,42893.90,25,1599650
20221123,10:36:01,42893.70,50,1599650
20221123,10:36:03,42894.30,175,1599650
20221123,10:36:04,42894.35,50,1599650
20221123,10:36:05,42894.35,25,1599650
20221123,10:36:07,42893.55,75,1599650
20221123,10:36:09,42893.65,75,1599650
20221123,10:36:10,42892.60,75,1599650
20221123,10:36:12,42893.30,125,1599650
20221123,10:36:21,42893.95,25,1599650
20221123,10:36:22,42893.10,75,1599650
20221123,10:36:24,42891.20,100,1599650
20221123,10:36:28,42891.10,50,1599650
20221123,10:36:32,42891.10,75,1599650
20221123,10:36:39,42891.45,250,1599650
20221123,10:36:40,42891.30,25,1599650
20221123,10:36:43,42891.85,100,1599650
20221123,10:36:45,42891.35,25,1599650
20221123,10:36:46,42897.50,50,1599650
20221123,10:36:49,42893.50,50,1599650
20221123,10:36:52,42893.20,25,1599650
20221123,10:36:54,42893.35,25,1599650
20221123,10:36:57,42893.65,25,1599650
20221123,10:36:58,42893.60,75,1599650
20221123,10:37:00,42893.60,275,1599650
20221123,10:37:06,42892.15,75,1599650
20221123,10:37:07,42893.65,50,1599650
20221123,10:37:09,42893.60,25,1599650
20221123,10:37:12,42891.15,50,1599650
20221123,10:37:23,42899.75,25,1599650
20221123,10:37:26,42892.45,50,1599650
20221123,10:37:36,42892.45,100,1599650
20221123,10:37:39,42900.00,150,1599650
20221123,10:37:40,42894.05,50,1599650
20221123,10:37:44,42894.00,25,1599650
20221123,10:37:46,42895.00,50,1599650
20221123,10:37:49,42899.60,25,1599650
20221123,10:37:53,42893.05,75,1599650
20221123,10:37:56,42899.65,25,1599650
20221123,10:37:58,42894.10,125,1599650
20221123,10:38:01,42900.00,25,1599650
20221123,10:38:03,42900.05,125,1599650
20221123,10:38:04,42899.45,200,1599650
20221123,10:38:06,42905.00,500,1599650
20221123,10:38:08,42904.10,500,1599650
20221123,10:38:09,42907.30,50,1599650
20221123,10:38:14,42901.40,150,1599650
20221123,10:38:25,42906.00,75,1599650
20221123,10:38:27,42907.00,25,1599650
20221123,10:38:28,42905.00,25,1599650
20221123,10:38:30,42906.05,350,1599650
20221123,10:38:31,42907.80,350,1599650
20221123,10:38:33,42907.90,75,1599650
20221123,10:38:35,42900.85,50,1599650
20221123,10:38:36,42901.05,75,1599650
20221123,10:38:38,42900.85,150,1599650
20221123,10:38:44,42900.85,25,1599650
20221123,10:38:46,42905.40,650,1599650
20221123,10:38:52,42896.85,50,1600175
20221123,10:38:57,42900.00,75,1600175
20221123,10:39:00,42897.25,25,1600175
20221123,10:39:04,42898.10,25,1600175
20221123,10:39:05,42897.10,25,1600175
20221123,10:39:07,42903.70,25,1600175
20221123,10:39:08,42896.75,75,1600175
20221123,10:39:12,42897.00,50,1600175
20221123,10:39:15,42896.00,75,1600175
20221123,10:39:16,42901.65,75,1600175
20221123,10:39:24,42893.50,25,1600175
20221123,10:39:26,42901.70,250,1600175
20221123,10:39:27,42901.55,25,1600175
20221123,10:39:33,42894.15,100,1600175
20221123,10:39:35,42900.00,25,1600175
20221123,10:39:41,42895.05,25,1600175
20221123,10:39:44,42894.00,100,1600175
20221123,10:39:47,42893.05,550,1600175
20221123,10:39:52,42901.20,25,1600175
20221123,10:40:02,42901.90,50,1600175
20221123,10:40:03,42894.40,75,1600175
20221123,10:40:05,42895.05,200,1600175
20221123,10:40:06,42895.10,175,1600175
20221123,10:40:08,42902.35,25,1600175
20221123,10:40:13,42899.90,175,1600175
20221123,10:40:14,42896.15,50,1600175
20221123,10:40:17,42899.90,25,1600175
20221123,10:40:20,42894.00,400,1600175
20221123,10:40:22,42893.45,175,1600175
20221123,10:40:24,42893.00,50,1600175
20221123,10:40:25,42893.00,100,1600175
20221123,10:40:27,42893.20,25,1600175
20221123,10:40:28,42893.10,100,1600175
20221123,10:40:30,42892.00,150,1600175
20221123,10:40:31,42892.00,100,1600175
20221123,10:40:33,42899.10,50,1600175
20221123,10:40:34,42893.00,300,1600175
20221123,10:40:36,42893.00,25,1600175
20221123,10:40:39,42893.00,100,1600175
20221123,10:40:41,42893.05,25,1600175
20221123,10:40:42,42899.75,25,1600175
20221123,10:40:44,42892.10,50,1600175
20221123,10:40:48,42890.05,325,1600175
20221123,10:40:50,42898.35,50,1600175
20221123,10:40:55,42891.85,400,1600175
20221123,10:40:58,42891.40,75,1600175
20221123,10:41:04,42892.30,25,1600175
20221123,10:41:08,42898.00,50,1600175
20221123,10:41:10,42892.30,125,1600175
20221123,10:41:13,42897.90,25,1600175
20221123,10:41:14,42897.95,50,1600175
20221123,10:41:17,42898.00,50,1600175
20221123,10:41:23,42898.00,50,1600175
20221123,10:41:26,42898.00,25,1600175
20221123,10:41:29,42898.00,75,1600175
20221123,10:41:33,42892.80,250,1600175
20221123,10:41:36,42892.45,200,1600175
20221123,10:41:41,42894.00,50,1600175
20221123,10:41:42,42894.00,25,1600175
20221123,10:41:45,42894.00,25,1600175
20221123,10:41:50,42894.00,50,1600175
20221123,10:42:01,42894.00,250,1600150
20221123,10:42:04,42894.00,25,1600150
20221123,10:42:09,42894.00,25,1600150
20221123,10:42:11,42895.00,25,1600150
20221123,10:42:18,42895.00,50,1600150
20221123,10:42:19,42897.80,25,1600150
20221123,10:42:28,42898.00,50,1600150
20221123,10:42:30,42898.70,50,1600150
20221123,10:42:36,42892.45,175,1600150
20221123,10:42:38,42898.70,25,1600150
20221123,10:42:40,42899.95,25,1600150
20221123,10:42:47,42899.85,225,1600150
20221123,10:43:00,42892.25,125,1600150
20221123,10:43:04,42892.25,100,1600150
20221123,10:43:07,42891.85,50,1600150
20221123,10:43:12,42892.00,50,1600150
20221123,10:43:19,42897.95,50,1600150
20221123,10:43:26,42890.00,50,1600150
20221123,10:43:27,42889.00,550,1600150
20221123,10:43:28,42888.75,75,1600150
20221123,10:43:44,42894.00,25,1600150
20221123,10:43:56,42892.00,250,1600150
20221123,10:44:00,42894.00,50,1600150
20221123,10:44:03,42889.25,75,1600150
20221123,10:44:04,42894.00,25,1600150
20221123,10:44:06,42894.00,50,1600150
20221123,10:44:12,42894.00,100,1600150
20221123,10:44:17,42896.85,225,1600150
20221123,10:44:20,42896.85,25,1600150
20221123,10:44:25,42890.00,50,1600150
20221123,10:44:35,42894.00,25,1600150
20221123,10:44:38,42890.00,50,1600150
20221123,10:44:44,42894.00,75,1600150
20221123,10:44:46,42894.00,25,1600150
20221123,10:44:49,42894.00,100,1600150
20221123,10:44:51,42894.00,50,1600150
20221123,10:44:52,42896.00,25,1600150
20221123,10:44:56,42896.00,75,1600875
20221123,10:45:03,42893.65,50,1600875
20221123,10:45:05,42897.00,50,1600875
20221123,10:45:06,42897.90,225,1600875
20221123,10:45:10,42899.00,550,1600875
20221123,10:45:13,42900.00,25,1600875
20221123,10:45:14,42900.00,25,1600875
20221123,10:45:16,42900.00,50,1600875
20221123,10:45:19,42900.00,25,1600875
20221123,10:45:22,42897.55,25,1600875
20221123,10:45:27,42900.00,25,1600875
20221123,10:45:37,42899.30,25,1600875
20221123,10:45:39,42900.00,25,1600875
20221123,10:45:42,42900.85,25,1600875
20221123,10:45:49,42900.00,25,1600875
20221123,10:45:53,42901.00,25,1600875
20221123,10:45:57,42901.00,25,1600875
20221123,10:46:03,42900.35,25,1600875
20221123,10:46:06,42900.40,150,1600875
20221123,10:46:12,42899.90,25,1600875
20221123,10:46:14,42899.90,50,1600875
20221123,10:46:16,42899.95,100,1600875
20221123,10:46:20,42899.90,50,1600875
20221123,10:46:23,42899.95,25,1600875
20221123,10:46:25,42899.95,25,1600875
20221123,10:46:30,42899.95,150,1600875
20221123,10:46:31,42899.95,25,1600875
20221123,10:46:34,42899.00,50,1600875
20221123,10:46:41,42898.00,25,1600875
20221123,10:47:05,42898.00,25,1600875
20221123,10:47:06,42897.95,175,1600875
20221123,10:47:08,42898.00,25,1600875
20221123,10:47:09,42898.00,25,1600875
20221123,10:47:11,42898.60,50,1600875
20221123,10:47:13,42899.90,275,1600875
20221123,10:47:14,42899.95,50,1600875
20221123,10:47:17,42900.15,25,1600875
20221123,10:47:19,42904.90,75,1600875
20221123,10:47:22,42905.00,25,1600875
20221123,10:47:24,42905.00,25,1600875
20221123,10:47:27,42905.00,25,1600875
20221123,10:47:29,42903.90,675,1600875
20221123,10:47:31,42902.90,350,1600875
20221123,10:47:34,42903.90,25,1600875
20221123,10:47:38,42904.65,50,1600875
20221123,10:47:43,42904.65,25,1600875
20221123,10:47:52,42904.65,150,1600875
20221123,10:47:57,42904.65,25,1603000
20221123,10:48:03,42904.65,300,1603000
20221123,10:48:04,42905.95,750,1603000
20221123,10:48:06,42904.70,25,1603000
20221123,10:48:09,42906.00,25,1603000
20221123,10:48:11,42906.85,25,1603000
20221123,10:48:12,42906.85,25,1603000
20221123,10:48:17,42906.70,50,1603000
20221123,10:48:18,42900.00,125,1603000
20221123,10:48:20,42896.95,25,1603000
20221123,10:48:21,42903.95,300,1603000
20221123,10:48:24,42903.95,25,1603000
20221123,10:48:26,42895.65,525,1603000
20221123,10:48:28,42895.65,25,1603000
20221123,10:48:34,42904.85,25,1603000
20221123,10:48:35,42904.85,125,1603000
20221123,10:48:40,42904.85,25,1603000
20221123,10:48:49,42903.00,25,1603000
20221123,10:48:51,42904.75,50,1603000
20221123,10:48:56,42905.00,175,1603000
20221123,10:48:57,42906.00,25,1603000
20221123,10:49:02,42905.00,50,1603000
20221123,10:49:03,42905.00,50,1603000
20221123,10:49:05,42905.00,50,1603000
20221123,10:49:06,42905.80,50,1603000
20221123,10:49:08,42906.00,25,1603000
20221123,10:49:11,42905.00,175,1603000
20221123,10:49:14,42905.00,25,1603000
20221123,10:49:19,42906.00,25,1603000
20221123,10:49:21,42903.00,50,1603000
20221123,10:49:25,42903.00,25,1603000
20221123,10:49:30,42903.00,25,1603000
20221123,10:49:31,42904.95,125,1603000
20221123,10:49:36,42905.00,25,1603000
20221123,10:49:37,42906.00,25,1603000
20221123,10:49:39,42906.00,25,1603000
20221123,10:49:40,42906.65,50,1603000
20221123,10:49:42,42900.00,50,1603000
20221123,10:49:49,42899.05,25,1603000
20221123,10:49:51,42899.10,25,1603000
20221123,10:49:57,42906.60,50,1603000
20221123,10:50:04,42906.65,25,1603000
20221123,10:50:10,42907.30,25,1603000
