20221123,09:15:00,42555.55,1,1912075
20221123,09:15:00,42662.25,1,1912075
20221123,09:15:00,42630.95,500,1912075
20221123,09:15:01,42599.30,2600,1912075
20221123,09:15:02,42611.40,525,1912075
20221123,09:15:03,42614.05,225,1912075
20221123,09:15:04,42599.40,1200,1912075
20221123,09:15:06,42590.00,1100,1912075
20221123,09:15:07,42587.00,11225,1912075
20221123,09:15:08,42579.10,875,1912075
20221123,09:15:10,42564.80,1825,1912075
20221123,09:15:11,42556.65,825,1912075
20221123,09:15:12,42552.60,1375,1912075
20221123,09:15:14,42552.40,1250,1912075
20221123,09:15:15,42582.30,1725,1912075
20221123,09:15:17,42567.60,1075,1912075
20221123,09:15:18,42583.70,550,1912075
20221123,09:15:20,42591.90,1325,1912075
20221123,09:15:21,42599.90,500,1912075
20221123,09:15:23,42594.20,4300,1912075
20221123,09:15:24,42604.00,1700,1912075
20221123,09:15:26,42604.10,650,1912075
20221123,09:15:27,42603.55,1250,1912075
20221123,09:15:29,42597.00,1275,1912075
20221123,09:15:30,42596.00,425,1912075
20221123,09:15:32,42600.00,150,1912075
20221123,09:15:33,42595.05,300,1912075
20221123,09:15:35,42589.70,1400,1912075
20221123,09:15:36,42594.70,700,1912075
20221123,09:15:38,42591.55,1100,1912075
20221123,09:15:39,42591.95,175,1912075
20221123,09:15:41,42592.00,150,1912075
20221123,09:15:42,42595.00,450,1912075
20221123,09:15:44,42593.45,325,1912075
20221123,09:15:45,42599.90,1225,1912075
20221123,09:15:47,42592.65,1800,1912075
20221123,09:15:49,42600.00,850,1912075
20221123,09:15:50,42595.05,300,1912075
20221123,09:15:52,42595.45,1275,1912075
20221123,09:15:53,42596.70,475,1912075
20221123,09:15:55,42600.00,425,1912075
20221123,09:15:56,42595.00,600,1912075
20221123,09:15:58,42595.00,300,1912075
20221123,09:15:59,42593.45,75,1912075
20221123,09:16:01,42596.45,200,1912075
20221123,09:16:03,42603.75,875,1912075
20221123,09:16:04,42605.00,1475,1912075
20221123,09:16:06,42605.45,1575,1912075
20221123,09:16:08,42602.75,350,1912075
20221123,09:16:09,42600.00,450,1912075
20221123,09:16:11,42600.85,400,1912075
20221123,09:16:12,42612.10,500,1912075
20221123,09:16:14,42605.50,225,1912075
20221123,09:16:15,42604.55,325,1912075
20221123,09:16:17,42608.80,125,1912075
20221123,09:16:18,42608.85,200,1912075
20221123,09:16:20,42608.80,300,1912075
20221123,09:16:21,42606.15,550,1912075
20221123,09:16:23,42610.40,275,1912075
20221123,09:16:24,42606.15,1125,1912075
20221123,09:16:26,42614.45,350,1912075
20221123,09:16:27,42612.50,425,1912075
20221123,09:16:29,42612.00,425,1912075
20221123,09:16:31,42615.00,100,1912075
20221123,09:16:32,42617.00,550,1912075
20221123,09:16:34,42618.75,400,1912075
20221123,09:16:35,42616.20,350,1912075
20221123,09:16:37,42615.65,1575,1912075
20221123,09:16:38,42614.25,275,1912075
20221123,09:16:40,42612.00,150,1912075
20221123,09:16:42,42615.30,600,1912075
20221123,09:16:43,42618.80,750,1912075
20221123,09:16:45,42617.70,600,1912075
20221123,09:16:46,42614.70,350,1912075
20221123,09:16:48,42615.00,275,1912075
20221123,09:16:49,42606.55,425,1912075
20221123,09:16:51,42606.00,625,1912075
20221123,09:16:52,42605.00,1425,1912075
20221123,09:16:54,42604.75,525,1912075
20221123,09:16:55,42605.70,725,1912075
20221123,09:16:57,42610.00,225,1912075
20221123,09:16:58,42608.00,125,1912075
20221123,09:17:00,42602.75,175,1912075
20221123,09:17:01,42608.00,125,1912075
20221123,09:17:03,42610.00,75,1912075
20221123,09:17:04,42614.95,275,1912075
20221123,09:17:06,42609.95,825,1912075
20221123,09:17:07,42615.00,400,1912075
20221123,09:17:09,42610.95,400,1912075
20221123,09:17:11,42609.00,100,1912075
20221123,09:17:12,42614.90,600,1912075
20221123,09:17:14,42614.95,150,1912075
20221123,09:17:15,42606.00,275,1912075
20221123,09:17:17,42603.30,150,1912075
20221123,09:17:18,42603.75,50,1912075
20221123,09:17:20,42610.00,25,1912075
20221123,09:17:21,42607.80,125,1912075
20221123,09:17:23,42602.00,275,1912075
20221123,09:17:24,42600.05,600,1912075
20221123,09:17:26,42604.90,250,1912075
20221123,09:17:27,42600.00,50,1912075
20221123,09:17:29,42597.05,50,1918975
20221123,09:17:30,42596.45,1375,1918975
20221123,09:17:32,42598.40,525,1918975
20221123,09:17:33,42600.40,1050,1918975
20221123,09:17:34,42599.45,500,1918975
20221123,09:17:36,42600.05,300,1918975
20221123,09:17:37,42603.65,125,1918975
20221123,09:17:39,42600.00,325,1918975
20221123,09:17:40,42600.05,125,1918975
20221123,09:17:42,42600.60,275,1918975
20221123,09:17:43,42605.00,850,1918975
20221123,09:17:44,42600.20,375,1918975
20221123,09:17:46,42600.10,175,1918975
20221123,09:17:47,42604.95,1050,1918975
20221123,09:17:49,42600.00,150,1918975
20221123,09:17:50,42597.05,200,1918975
20221123,09:17:52,42605.00,825,1918975
20221123,09:17:53,42605.00,250,1918975
20221123,09:17:55,42605.00,1350,1918975
20221123,09:17:56,42605.00,25,1918975
20221123,09:17:58,42600.65,700,1918975
20221123,09:17:59,42605.00,125,1918975
20221123,09:18:01,42602.35,200,1918975
20221123,09:18:02,42607.10,375,1918975
20221123,09:18:04,42603.50,200,1918975
20221123,09:18:05,42603.15,400,1918975
20221123,09:18:07,42605.00,75,1918975
20221123,09:18:08,42608.95,200,1918975
20221123,09:18:10,42610.00,1300,1918975
20221123,09:18:11,42600.55,75,1918975
20221123,09:18:12,42604.70,75,1918975
20221123,09:18:14,42604.30,150,1918975
20221123,09:18:15,42603.40,100,1918975
20221123,09:18:17,42603.50,125,1918975
20221123,09:18:19,42608.95,75,1918975
20221123,09:18:20,42608.10,125,1918975
20221123,09:18:22,42603.25,100,1918975
20221123,09:18:23,42603.60,650,1918975
20221123,09:18:25,42603.20,975,1918975
20221123,09:18:26,42603.15,275,1918975
20221123,09:18:27,42605.00,1325,1918975
20221123,09:18:29,42605.35,3400,1918975
20221123,09:18:30,42606.30,275,1918975
20221123,09:18:32,42605.00,300,1918975
20221123,09:18:33,42610.00,225,1918975
20221123,09:18:35,42602.10,75,1918975
20221123,09:18:37,42602.60,75,1918975
20221123,09:18:38,42605.30,1550,1918975
20221123,09:18:40,42605.45,125,1918975
20221123,09:18:41,42610.00,1050,1918975
20221123,09:18:43,42610.00,600,1918975
20221123,09:18:44,42610.00,325,1918975
20221123,09:18:46,42609.00,25,1918975
20221123,09:18:48,42611.00,225,1918975
20221123,09:18:49,42610.00,75,1918975
20221123,09:18:51,42614.65,400,1918975
20221123,09:18:52,42607.05,100,1918975
20221123,09:18:54,42614.45,50,1918975
20221123,09:18:56,42605.70,200,1918975
20221123,09:18:57,42604.50,100,1918975
20221123,09:18:59,42603.95,625,1918975
20221123,09:19:01,42610.00,150,1918975
20221123,09:19:02,42611.95,350,1918975
20221123,09:19:04,42610.65,625,1918975
20221123,09:19:05,42605.05,2975,1918975
20221123,09:19:07,42610.00,300,1918975
20221123,09:19:09,42615.00,150,1918975
20221123,09:19:10,42614.25,225,1918975
20221123,09:19:12,42615.00,175,1918975
20221123,09:19:13,42615.05,550,1918975
20221123,09:19:15,42619.00,175,1918975
20221123,09:19:17,42619.65,825,1918975
20221123,09:19:18,42617.85,150,1918975
20221123,09:19:20,42619.25,650,1918975
20221123,09:19:21,42619.85,975,1918975
20221123,09:19:23,42619.85,125,1918975
20221123,09:19:25,42620.00,950,1918975
20221123,09:19:26,42619.05,750,1918975
20221123,09:19:28,42619.00,100,1918975
20221123,09:19:29,42619.50,175,1918975
20221123,09:19:31,42617.90,25,1918975
20221123,09:19:33,42616.85,75,1918975
20221123,09:19:34,42618.60,250,1918975
20221123,09:19:37,42612.00,1000,1918975
20221123,09:19:39,42615.00,50,1918975
20221123,09:19:41,42613.50,250,1918975
20221123,09:19:42,42618.85,50,1918975
20221123,09:19:44,42614.75,50,1918975
20221123,09:19:45,42614.40,50,1918975
20221123,09:19:49,42614.75,650,1918975
20221123,09:19:50,42615.05,75,1918975
20221123,09:19:52,42615.00,1050,1918975
20221123,09:19:54,42613.25,250,1918975
20221123,09:19:55,42614.90,950,1918975
20221123,09:19:57,42614.15,525,1918975
20221123,09:19:58,42614.10,300,1918975
20221123,09:20:00,42620.00,2425,1918975
20221123,09:20:02,42620.00,900,1918975
20221123,09:20:03,42620.00,400,1918975
20221123,09:20:05,42620.00,1850,1918975
20221123,09:20:07,42627.75,2650,1918975
20221123,09:20:08,42620.20,1100,1918975
20221123,09:20:10,42629.40,2025,1918975
20221123,09:20:12,42621.70,400,1918975
20221123,09:20:13,42620.85,975,1918975
20221123,09:20:15,42626.85,700,1918975
20221123,09:20:16,42620.20,350,1918975
20221123,09:20:18,42620.20,1225,1918975
20221123,09:20:20,42620.85,125,1918975
20221123,09:20:21,42624.45,525,1918975
20221123,09:20:23,42624.65,125,1918975
20221123,09:20:24,42620.00,100,1918975
20221123,09:20:26,42622.60,75,1918975
20221123,09:20:28,42615.00,325,1918975
20221123,09:20:29,42613.65,950,1915475
20221123,09:20:31,42614.25,75,1915475
20221123,09:20:33,42620.00,1075,1915475
20221123,09:20:35,42616.00,350,1915475
20221123,09:20:38,42612.35,1200,1915475
20221123,09:20:39,42614.95,325,1915475
20221123,09:20:41,42618.00,150,1915475
20221123,09:20:42,42613.00,225,1915475
20221123,09:20:44,42613.00,100,1915475
20221123,09:20:46,42612.00,125,1915475
20221123,09:20:47,42612.00,875,1915475
20221123,09:20:49,42610.30,200,1915475
20221123,09:20:50,42610.90,150,1915475
20221123,09:20:52,42612.00,50,1915475
20221123,09:20:53,42610.30,50,1915475
20221123,09:20:55,42611.00,25,1915475
20221123,09:20:57,42608.00,125,1915475
20221123,09:20:58,42609.45,275,1915475
20221123,09:21:00,42609.65,50,1915475
20221123,09:21:01,42612.45,225,1915475
20221123,09:21:03,42611.40,100,1915475
20221123,09:21:04,42611.25,75,1915475
20221123,09:21:06,42615.00,100,1915475
20221123,09:21:08,42611.25,75,1915475
20221123,09:21:09,42607.45,150,1915475
20221123,09:21:11,42611.25,875,1915475
20221123,09:21:12,42605.90,375,1915475
20221123,09:21:14,42612.45,550,1915475
20221123,09:21:16,42605.10,475,1915475
20221123,09:21:17,42605.90,675,1915475
20221123,09:21:19,42611.00,150,1915475
20221123,09:21:20,42606.45,125,1915475
20221123,09:21:22,42611.70,1425,1915475
20221123,09:21:24,42606.05,100,1915475
20221123,09:21:25,42606.20,125,1915475
20221123,09:21:27,42612.20,75,1915475
20221123,09:21:28,42615.00,300,1915475
20221123,09:21:30,42615.00,150,1915475
20221123,09:21:31,42614.95,175,1915475
20221123,09:21:33,42615.00,150,1915475
20221123,09:21:34,42610.75,150,1915475
20221123,09:21:36,42609.40,125,1915475
20221123,09:21:38,42611.20,50,1915475
20221123,09:21:43,42611.90,50,1915475
20221123,09:21:44,42611.85,1100,1915475
20221123,09:21:46,42612.20,100,1915475
20221123,09:21:47,42613.35,25,1915475
20221123,09:21:49,42613.35,200,1915475
20221123,09:21:51,42612.05,175,1915475
20221123,09:21:52,42613.35,175,1915475
20221123,09:21:55,42613.85,600,1915475
20221123,09:21:57,42613.35,100,1915475
20221123,09:21:59,42611.90,200,1915475
20221123,09:22:00,42611.75,25,1915475
20221123,09:22:02,42618.55,175,1915475
20221123,09:22:04,42613.60,125,1915475
20221123,09:22:07,42619.00,175,1915475
20221123,09:22:09,42619.70,325,1915475
20221123,09:22:10,42620.00,100,1915475
20221123,09:22:12,42619.55,125,1915475
20221123,09:22:13,42612.35,75,1915475
20221123,09:22:15,42617.95,125,1915475
20221123,09:22:17,42614.90,225,1915475
20221123,09:22:18,42613.95,3325,1915475
20221123,09:22:20,42617.65,25,1915475
20221123,09:22:22,42622.00,100,1915475
20221123,09:22:23,42620.00,75,1915475
20221123,09:22:25,42618.85,125,1915475
20221123,09:22:27,42621.85,25,1915475
20221123,09:22:28,42623.00,75,1915475
20221123,09:22:30,42620.35,275,1915475
20221123,09:22:31,42624.80,25,1915475
20221123,09:22:33,42620.00,100,1915475
20221123,09:22:36,42625.00,550,1915475
20221123,09:22:38,42620.00,50,1915475
20221123,09:22:39,42619.25,100,1915475
20221123,09:22:41,42619.20,100,1915475
20221123,09:22:43,42624.50,25,1915475
20221123,09:22:45,42624.40,25,1915475
20221123,09:22:46,42624.30,100,1915475
20221123,09:22:48,42619.00,100,1915475
20221123,09:22:50,42621.95,50,1915475
20221123,09:22:51,42621.50,50,1915475
20221123,09:22:53,42621.50,325,1915475
20221123,09:22:55,42618.00,1275,1915475
20221123,09:22:56,42622.75,575,1915475
20221123,09:22:58,42620.00,600,1915475
20221123,09:22:59,42620.00,375,1915475
20221123,09:23:01,42620.00,25,1915475
20221123,09:23:03,42614.15,475,1915475
20221123,09:23:04,42621.50,500,1915475
20221123,09:23:06,42619.35,175,1915475
20221123,09:23:08,42613.65,350,1915475
20221123,09:23:09,42612.20,600,1915475
20221123,09:23:11,42615.00,25,1915475
20221123,09:23:12,42617.85,525,1915475
20221123,09:23:14,42612.45,25,1915475
20221123,09:23:16,42615.00,150,1915475
20221123,09:23:17,42615.00,100,1915475
20221123,09:23:19,42613.05,725,1915475
20221123,09:23:21,42614.45,175,1915475
20221123,09:23:22,42614.70,825,1915475
20221123,09:23:24,42614.85,1225,1915475
20221123,09:23:25,42619.95,1025,1915475
20221123,09:23:27,42616.10,100,1915475
20221123,09:23:29,42619.95,50,1915475
20221123,09:23:30,42615.95,100,1910975
20221123,09:23:33,42619.95,75,1910975
20221123,09:23:35,42620.00,50,1910975
20221123,09:23:36,42621.05,175,1910975
20221123,09:23:38,42625.00,250,1910975
20221123,09:23:40,42625.00,225,1910975
20221123,09:23:41,42625.00,450,1910975
20221123,09:23:43,42624.95,225,1910975
20221123,09:23:45,42625.00,150,1910975
20221123,09:23:46,42622.00,150,1910975
20221123,09:23:48,42625.00,75,1910975
20221123,09:23:50,42625.00,75,1910975
20221123,09:23:51,42627.40,275,1910975
20221123,09:23:53,42625.00,175,1910975
20221123,09:23:55,42622.95,1850,1910975
20221123,09:23:56,42628.25,100,1910975
20221123,09:23:58,42626.10,425,1910975
20221123,09:24:00,42631.10,1300,1910975
20221123,09:24:01,42630.15,1200,1910975
20221123,09:24:03,42627.40,2500,1910975
20221123,09:24:04,42630.00,775,1910975
20221123,09:24:06,42630.00,100,1910975
20221123,09:24:08,42633.00,350,1910975
20221123,09:24:09,42633.00,1375,1910975
20221123,09:24:11,42632.55,125,1910975
20221123,09:24:13,42633.65,475,1910975
20221123,09:24:14,42633.90,1550,1910975
20221123,09:24:16,42637.85,100,1910975
20221123,09:24:18,42637.85,500,1910975
20221123,09:24:19,42638.25,1100,1910975
20221123,09:24:21,42638.85,200,1910975
20221123,09:24:23,42641.30,3725,1910975
20221123,09:24:24,42641.95,100,1910975
20221123,09:24:26,42638.15,575,1910975
20221123,09:24:27,42642.90,300,1910975
20221123,09:24:29,42643.70,800,1910975
20221123,09:24:31,42638.40,525,1910975
20221123,09:24:32,42641.60,850,1910975
20221123,09:24:34,42641.95,1975,1910975
20221123,09:24:36,42640.00,900,1910975
20221123,09:24:37,42640.00,700,1910975
20221123,09:24:39,42641.90,325,1910975
20221123,09:24:41,42642.00,975,1910975
20221123,09:24:42,42643.35,975,1910975
20221123,09:24:44,42643.70,250,1910975
20221123,09:24:46,42643.70,625,1910975
20221123,09:24:47,42642.60,1025,1910975
20221123,09:24:49,42638.05,1300,1910975
20221123,09:24:51,42639.30,550,1910975
20221123,09:24:52,42640.05,250,1910975
20221123,09:24:54,42639.60,125,1910975
20221123,09:24:56,42639.90,125,1910975
20221123,09:24:57,42634.30,75,1910975
20221123,09:24:59,42635.60,250,1910975
20221123,09:25:01,42637.90,825,1910975
20221123,09:25:02,42636.00,425,1910975
20221123,09:25:04,42635.00,450,1910975
20221123,09:25:06,42639.90,400,1910975
20221123,09:25:07,42635.00,200,1910975
20221123,09:25:09,42640.00,200,1910975
20221123,09:25:11,42636.00,25,1910975
20221123,09:25:12,42642.25,175,1910975
20221123,09:25:14,42639.70,100,1910975
20221123,09:25:15,42637.90,250,1910975
20221123,09:25:17,42636.80,300,1910975
20221123,09:25:19,42631.00,100,1910975
20221123,09:25:20,42640.00,275,1910975
20221123,09:25:22,42640.75,150,1910975
20221123,09:25:24,42639.30,450,1910975
20221123,09:25:25,42642.05,275,1910975
20221123,09:25:27,42642.35,250,1910975
20221123,09:25:29,42640.95,100,1910975
20221123,09:25:30,42644.75,300,1910975
20221123,09:25:32,42645.00,400,1910975
20221123,09:25:34,42647.55,1125,1910975
20221123,09:25:35,42648.35,400,1910975
20221123,09:25:37,42648.20,525,1910975
20221123,09:25:38,42650.00,1950,1910975
20221123,09:25:40,42650.00,150,1910975
20221123,09:25:42,42650.00,1075,1910975
20221123,09:25:43,42650.00,450,1910975
20221123,09:25:45,42650.00,25,1910975
20221123,09:25:46,42650.00,250,1910975
20221123,09:25:48,42648.35,300,1910975
20221123,09:25:50,42646.05,300,1910975
20221123,09:25:51,42645.30,375,1910975
20221123,09:25:53,42645.80,1375,1910975
20221123,09:25:54,42643.95,175,1910975
20221123,09:25:56,42643.95,1475,1910975
20221123,09:25:57,42643.95,175,1910975
20221123,09:25:59,42643.95,1875,1910975
20221123,09:26:01,42643.95,125,1910975
20221123,09:26:02,42643.95,600,1910975
20221123,09:26:04,42643.55,75,1910975
20221123,09:26:05,42643.95,200,1910975
20221123,09:26:07,42645.00,1400,1910975
20221123,09:26:09,42638.30,1225,1910975
20221123,09:26:10,42643.60,25,1910975
20221123,09:26:12,42643.75,25,1910975
20221123,09:26:13,42643.45,25,1910975
20221123,09:26:15,42643.85,1375,1910975
20221123,09:26:16,42641.00,450,1910975
20221123,09:26:18,42642.00,225,1910975
20221123,09:26:19,42647.30,500,1910975
20221123,09:26:21,42646.85,175,1910975
20221123,09:26:23,42647.95,25,1910975
20221123,09:26:26,42645.80,75,1910975
20221123,09:26:27,42647.95,125,1910975
20221123,09:26:29,42647.90,50,1910975
20221123,09:26:30,42648.00,225,1922775
20221123,09:26:32,42649.95,250,1922775
20221123,09:26:34,42647.90,1000,1922775
20221123,09:26:35,42650.00,1325,1922775
20221123,09:26:37,42647.95,400,1922775
20221123,09:26:38,42650.00,125,1922775
20221123,09:26:40,42650.00,550,1922775
20221123,09:26:42,42650.00,400,1922775
20221123,09:26:43,42650.00,50,1922775
20221123,09:26:45,42649.00,75,1922775
20221123,09:26:46,42649.90,100,1922775
20221123,09:26:48,42649.95,225,1922775
20221123,09:26:50,42650.00,175,1922775
20221123,09:26:51,42644.20,100,1922775
20221123,09:26:53,42644.20,125,1922775
20221123,09:26:55,42649.95,200,1922775
20221123,09:26:56,42650.00,400,1922775
20221123,09:26:58,42650.00,275,1922775
20221123,09:26:59,42650.00,2550,1922775
20221123,09:27:01,42650.00,550,1922775
20221123,09:27:03,42652.95,250,1922775
20221123,09:27:04,42652.50,100,1922775
20221123,09:27:06,42650.00,100,1922775
20221123,09:27:08,42651.10,75,1922775
20221123,09:27:09,42652.05,250,1922775
20221123,09:27:11,42650.05,50,1922775
20221123,09:27:12,42650.00,1025,1922775
20221123,09:27:14,42652.70,225,1922775
20221123,09:27:16,42649.00,200,1922775
20221123,09:27:17,42650.00,25,1922775
20221123,09:27:19,42650.95,25,1922775
20221123,09:27:20,42651.45,200,1922775
20221123,09:27:22,42651.00,425,1922775
20221123,09:27:24,42651.00,50,1922775
20221123,09:27:25,42651.70,450,1922775
20221123,09:27:27,42650.00,50,1922775
20221123,09:27:28,42650.00,100,1922775
20221123,09:27:30,42650.00,100,1922775
20221123,09:27:32,42645.40,25,1922775
20221123,09:27:33,42650.00,200,1922775
20221123,09:27:35,42649.95,50,1922775
20221123,09:27:36,42650.00,200,1922775
20221123,09:27:38,42651.00,50,1922775
20221123,09:27:39,42650.00,125,1922775
20221123,09:27:41,42651.00,25,1922775
20221123,09:27:43,42651.05,300,1922775
20221123,09:27:44,42653.70,175,1922775
20221123,09:27:46,42652.95,325,1922775
20221123,09:27:47,42655.00,75,1922775
20221123,09:27:49,42652.95,300,1922775
20221123,09:27:51,42658.00,100,1922775
20221123,09:27:52,42655.00,275,1922775
20221123,09:27:54,42680.00,27850,1922775
20221123,09:27:56,42672.05,1500,1922775
20221123,09:27:57,42675.55,3975,1922775
20221123,09:27:59,42675.55,175,1922775
20221123,09:28:01,42671.15,2300,1922775
20221123,09:28:02,42663.50,1125,1922775
20221123,09:28:04,42668.75,1075,1922775
20221123,09:28:05,42665.75,1075,1922775
20221123,09:28:07,42669.95,225,1922775
20221123,09:28:09,42669.15,400,1922775
20221123,09:28:10,42669.15,1250,1922775
20221123,09:28:12,42671.25,600,1922775
20221123,09:28:14,42670.00,500,1922775
20221123,09:28:15,42665.00,1500,1922775
20221123,09:28:17,42663.00,725,1922775
20221123,09:28:19,42670.40,175,1922775
20221123,09:28:20,42669.90,225,1922775
20221123,09:28:22,42666.60,150,1922775
20221123,09:28:23,42670.00,400,1922775
20221123,09:28:25,42670.00,125,1922775
20221123,09:28:27,42670.00,100,1922775
20221123,09:28:28,42670.00,550,1922775
20221123,09:28:30,42668.95,375,1922775
20221123,09:28:31,42668.10,850,1922775
20221123,09:28:33,42661.10,150,1922775
20221123,09:28:35,42660.65,650,1922775
20221123,09:28:36,42661.00,225,1922775
20221123,09:28:38,42661.00,225,1922775
20221123,09:28:40,42665.00,25,1922775
20221123,09:28:41,42665.05,100,1922775
20221123,09:28:43,42665.40,25,1922775
20221123,09:28:45,42664.45,500,1922775
20221123,09:28:46,42664.70,100,1922775
20221123,09:28:48,42662.05,50,1922775
20221123,09:28:49,42662.00,275,1922775
20221123,09:28:51,42661.00,100,1922775
20221123,09:28:53,42662.05,375,1922775
20221123,09:28:54,42662.05,100,1922775
20221123,09:28:56,42664.25,50,1922775
20221123,09:28:57,42665.00,175,1922775
20221123,09:28:59,42665.35,100,1922775
20221123,09:29:01,42665.35,50,1922775
20221123,09:29:02,42668.90,100,1922775
20221123,09:29:04,42668.45,200,1922775
20221123,09:29:06,42665.00,475,1922775
20221123,09:29:07,42668.30,200,1922775
20221123,09:29:09,42665.00,950,1922775
20221123,09:29:11,42665.00,125,1922775
20221123,09:29:14,42667.85,750,1922775
20221123,09:29:16,42666.10,150,1922775
20221123,09:29:17,42666.05,100,1922775
20221123,09:29:19,42662.35,625,1922775
20221123,09:29:21,42663.55,125,1922775
20221123,09:29:22,42661.60,275,1922775
20221123,09:29:24,42661.60,25,1922775
20221123,09:29:26,42663.50,300,1922775
20221123,09:29:27,42662.35,150,1922775
20221123,09:29:29,42661.60,550,1922775
20221123,09:29:31,42665.30,175,1922775
20221123,09:29:32,42665.35,50,1941675
20221123,09:29:34,42665.40,375,1941675
20221123,09:29:36,42665.00,275,1941675
20221123,09:29:37,42665.00,150,1941675
20221123,09:29:39,42665.30,75,1941675
20221123,09:29:40,42665.00,125,1941675
20221123,09:29:42,42667.75,100,1941675
20221123,09:29:43,42665.05,50,1941675
20221123,09:29:45,42665.00,100,1941675
20221123,09:29:47,42666.10,25,1941675
20221123,09:29:48,42661.85,350,1941675
20221123,09:29:51,42666.10,25,1941675
20221123,09:29:54,42667.00,100,1941675
20221123,09:29:56,42667.00,25,1941675
20221123,09:29:57,42665.00,175,1941675
20221123,09:29:59,42666.00,50,1941675
20221123,09:30:01,42671.00,500,1941675
20221123,09:30:02,42672.90,1000,1941675
20221123,09:30:04,42671.45,375,1941675
20221123,09:30:05,42671.05,750,1941675
20221123,09:30:07,42671.10,1225,1941675
20221123,09:30:08,42664.90,425,1941675
20221123,09:30:10,42665.00,325,1941675
20221123,09:30:11,42660.25,350,1941675
20221123,09:30:13,42665.00,50,1941675
20221123,09:30:14,42665.85,250,1941675
20221123,09:30:16,42665.00,200,1941675
20221123,09:30:19,42664.40,125,1941675
20221123,09:30:21,42664.25,75,1941675
20221123,09:30:22,42660.05,300,1941675
20221123,09:30:24,42660.00,25,1941675
20221123,09:30:25,42661.85,325,1941675
20221123,09:30:27,42660.55,150,1941675
20221123,09:30:28,42661.80,175,1941675
20221123,09:30:30,42660.00,75,1941675
20221123,09:30:31,42655.60,250,1941675
20221123,09:30:33,42660.00,75,1941675
20221123,09:30:34,42656.95,250,1941675
20221123,09:30:36,42657.80,175,1941675
20221123,09:30:38,42656.20,150,1941675
20221123,09:30:39,42661.15,175,1941675
20221123,09:30:41,42661.15,275,1941675
20221123,09:30:43,42665.00,150,1941675
20221123,09:30:44,42661.15,50,1941675
20221123,09:30:46,42666.90,75,1941675
20221123,09:30:48,42667.65,25,1941675
20221123,09:30:49,42666.10,350,1941675
20221123,09:30:51,42666.50,125,1941675
20221123,09:30:53,42660.40,25,1941675
20221123,09:30:54,42661.15,75,1941675
20221123,09:30:58,42660.05,1350,1941675
20221123,09:30:59,42657.90,125,1941675
20221123,09:31:01,42661.85,200,1941675
20221123,09:31:03,42659.65,250,1941675
20221123,09:31:04,42656.50,1150,1941675
20221123,09:31:06,42656.55,100,1941675
20221123,09:31:07,42654.15,300,1941675
20221123,09:31:09,42652.10,625,1941675
20221123,09:31:11,42652.25,200,1941675
20221123,09:31:12,42654.05,125,1941675
20221123,09:31:14,42653.20,300,1941675
20221123,09:31:16,42652.85,50,1941675
20221123,09:31:17,42660.00,100,1941675
20221123,09:31:19,42660.00,150,1941675
20221123,09:31:21,42660.00,325,1941675
20221123,09:31:22,42655.00,275,1941675
20221123,09:31:26,42655.45,50,1941675
20221123,09:31:28,42656.20,50,1941675
20221123,09:31:29,42658.80,25,1941675
20221123,09:31:31,42655.45,100,1941675
20221123,09:31:33,42659.85,150,1941675
20221123,09:31:34,42655.00,250,1941675
20221123,09:31:37,42655.10,125,1941675
20221123,09:31:39,42655.10,175,1941675
20221123,09:31:41,42660.00,150,1941675
20221123,09:31:42,42655.15,50,1941675
20221123,09:31:44,42659.70,300,1941675
20221123,09:31:45,42659.70,75,1941675
20221123,09:31:47,42659.85,25,1941675
20221123,09:31:49,42659.00,50,1941675
20221123,09:31:50,42659.85,50,1941675
20221123,09:31:52,42660.30,275,1941675
20221123,09:31:54,42660.30,575,1941675
20221123,09:31:55,42659.95,350,1941675
20221123,09:31:57,42660.30,250,1941675
20221123,09:31:58,42665.00,50,1941675
20221123,09:32:00,42663.65,150,1941675
20221123,09:32:02,42663.00,500,1941675
20221123,09:32:03,42660.30,100,1941675
20221123,09:32:05,42663.00,375,1941675
20221123,09:32:07,42662.90,100,1941675
20221123,09:32:08,42661.00,100,1941675
20221123,09:32:10,42662.75,125,1941675
20221123,09:32:11,42661.00,125,1941675
20221123,09:32:13,42660.50,100,1941675
20221123,09:32:15,42655.30,1150,1941675
20221123,09:32:16,42655.15,25,1941675
20221123,09:32:20,42655.65,125,1941675
20221123,09:32:21,42661.95,175,1941675
20221123,09:32:23,42663.05,300,1941675
20221123,09:32:25,42661.00,50,1941675
20221123,09:32:26,42655.55,750,1941675
20221123,09:32:28,42663.00,275,1941675
20221123,09:32:31,42657.30,25,1941675
20221123,09:32:33,42660.00,250,1941125
20221123,09:32:34,42657.50,25,1941125
20221123,09:32:36,42660.00,25,1941125
20221123,09:32:38,42657.50,75,1941125
20221123,09:32:39,42660.00,275,1941125
20221123,09:32:41,42658.50,75,1941125
20221123,09:32:43,42660.00,25,1941125
20221123,09:32:44,42662.95,100,1941125
20221123,09:32:47,42662.95,25,1941125
20221123,09:32:51,42658.30,650,1941125
20221123,09:32:54,42660.00,75,1941125
20221123,09:32:56,42662.75,100,1941125
20221123,09:32:57,42662.00,225,1941125
20221123,09:32:59,42663.00,100,1941125
20221123,09:33:00,42658.15,125,1941125
20221123,09:33:02,42658.10,375,1941125
20221123,09:33:03,42656.70,1475,1941125
20221123,09:33:05,42657.15,500,1941125
20221123,09:33:07,42657.15,25,1941125
20221123,09:33:08,42657.65,600,1941125
20221123,09:33:10,42657.20,50,1941125
20221123,09:33:11,42657.35,50,1941125
20221123,09:33:13,42657.15,75,1941125
20221123,09:33:14,42658.60,125,1941125
20221123,09:33:16,42658.60,25,1941125
20221123,09:33:18,42657.25,75,1941125
20221123,09:33:19,42660.00,50,1941125
20221123,09:33:22,42660.00,50,1941125
20221123,09:33:24,42662.90,225,1941125
20221123,09:33:26,42660.00,475,1941125
20221123,09:33:27,42663.00,225,1941125
20221123,09:33:29,42663.00,25,1941125
20221123,09:33:31,42663.00,100,1941125
20221123,09:33:32,42663.00,525,1941125
20221123,09:33:34,42661.10,75,1941125
20221123,09:33:35,42661.15,25,1941125
20221123,09:33:37,42662.10,75,1941125
20221123,09:33:39,42663.00,50,1941125
20221123,09:33:40,42661.10,100,1941125
20221123,09:33:44,42660.50,250,1941125
20221123,09:33:45,42663.00,125,1941125
20221123,09:33:47,42666.15,350,1941125
20221123,09:33:48,42668.50,150,1941125
20221123,09:33:50,42667.30,975,1941125
20221123,09:33:52,42672.00,150,1941125
20221123,09:33:53,42668.90,25,1941125
20221123,09:33:55,42668.85,200,1941125
20221123,09:33:57,42671.55,25,1941125
20221123,09:33:58,42665.25,50,1941125
20221123,09:34:00,42667.35,75,1941125
20221123,09:34:01,42665.95,175,1941125
20221123,09:34:03,42663.30,575,1941125
20221123,09:34:05,42663.30,75,1941125
20221123,09:34:06,42667.55,50,1941125
20221123,09:34:08,42667.55,50,1941125
20221123,09:34:09,42666.40,900,1941125
20221123,09:34:11,42666.75,50,1941125
20221123,09:34:13,42666.50,75,1941125
20221123,09:34:14,42669.65,775,1941125
20221123,09:34:16,42668.90,50,1941125
20221123,09:34:17,42670.40,175,1941125
20221123,09:34:19,42665.00,25,1941125
20221123,09:34:21,42671.40,175,1941125
20221123,09:34:22,42669.90,100,1941125
20221123,09:34:24,42671.00,150,1941125
20221123,09:34:25,42668.85,75,1941125
20221123,09:34:27,42670.00,150,1941125
20221123,09:34:29,42669.95,50,1941125
20221123,09:34:30,42669.95,50,1941125
20221123,09:34:32,42665.95,75,1941125
20221123,09:34:34,42665.15,25,1941125
20221123,09:34:35,42670.00,25,1941125
20221123,09:34:39,42671.00,450,1941125
20221123,09:34:40,42672.00,325,1941125
20221123,09:34:42,42678.00,950,1941125
20221123,09:34:43,42676.90,150,1941125
20221123,09:34:45,42679.00,350,1941125
20221123,09:34:47,42679.00,200,1941125
20221123,09:34:48,42675.60,175,1941125
20221123,09:34:50,42676.90,550,1941125
20221123,09:34:52,42679.35,150,1941125
20221123,09:34:53,42678.10,175,1941125
20221123,09:34:55,42679.10,150,1941125
20221123,09:34:57,42678.00,600,1941125
20221123,09:34:58,42677.80,550,1941125
20221123,09:35:00,42675.00,250,1941125
20221123,09:35:02,42678.95,475,1941125
20221123,09:35:03,42679.35,6625,1941125
20221123,09:35:05,42681.65,6125,1941125
20221123,09:35:07,42675.05,725,1941125
20221123,09:35:08,42679.85,250,1941125
20221123,09:35:10,42678.95,200,1941125
20221123,09:35:12,42678.80,100,1941125
20221123,09:35:13,42677.80,75,1941125
20221123,09:35:15,42675.00,425,1941125
20221123,09:35:16,42675.00,25,1941125
20221123,09:35:18,42674.70,1075,1941125
20221123,09:35:19,42675.00,600,1941125
20221123,09:35:21,42675.00,575,1941125
20221123,09:35:23,42675.00,125,1941125
20221123,09:35:24,42675.00,50,1941125
20221123,09:35:26,42672.25,50,1941125
20221123,09:35:27,42672.00,700,1941125
20221123,09:35:29,42672.00,375,1941125
20221123,09:35:31,42670.00,75,1941125
20221123,09:35:32,42672.95,75,1956750
20221123,09:35:34,42670.00,575,1956750
20221123,09:35:35,42671.90,150,1956750
20221123,09:35:37,42670.00,75,1956750
20221123,09:35:39,42674.10,50,1956750
20221123,09:35:40,42674.30,75,1956750
20221123,09:35:42,42675.00,175,1956750
20221123,09:35:44,42675.10,675,1956750
20221123,09:35:47,42675.10,25,1956750
20221123,09:35:49,42675.00,550,1956750
20221123,09:35:50,42674.50,150,1956750
20221123,09:35:54,42675.00,50,1956750
20221123,09:35:55,42674.50,25,1956750
20221123,09:35:57,42674.30,50,1956750
20221123,09:35:59,42675.00,150,1956750
20221123,09:36:00,42675.00,75,1956750
20221123,09:36:02,42675.00,125,1956750
20221123,09:36:04,42679.00,125,1956750
20221123,09:36:05,42677.00,100,1956750
20221123,09:36:07,42677.65,25,1956750
20221123,09:36:08,42677.45,75,1956750
20221123,09:36:10,42674.30,250,1956750
20221123,09:36:12,42674.10,100,1956750
20221123,09:36:13,42674.00,25,1956750
20221123,09:36:15,42675.00,125,1956750
20221123,09:36:17,42676.25,75,1956750
20221123,09:36:20,42672.00,175,1956750
20221123,09:36:22,42678.00,25,1956750
20221123,09:36:23,42675.00,25,1956750
20221123,09:36:25,42675.00,375,1956750
20221123,09:36:26,42675.00,50,1956750
20221123,09:36:28,42675.00,100,1956750
20221123,09:36:31,42675.00,50,1956750
20221123,09:36:33,42677.30,75,1956750
20221123,09:36:35,42678.95,25,1956750
20221123,09:36:38,42675.00,150,1956750
20221123,09:36:40,42675.00,200,1956750
20221123,09:36:41,42675.00,250,1956750
20221123,09:36:43,42674.80,100,1956750
20221123,09:36:45,42677.00,300,1956750
20221123,09:36:46,42675.00,550,1956750
20221123,09:36:48,42675.00,500,1956750
20221123,09:36:49,42672.00,25,1956750
20221123,09:36:51,42671.95,275,1956750
20221123,09:36:53,42676.10,50,1956750
20221123,09:36:54,42675.95,25,1956750
20221123,09:36:56,42670.75,150,1956750
20221123,09:36:59,42675.00,25,1956750
20221123,09:37:01,42670.35,150,1956750
20221123,09:37:02,42670.35,50,1956750
20221123,09:37:04,42675.00,125,1956750
20221123,09:37:06,42670.00,200,1956750
20221123,09:37:07,42670.00,25,1956750
20221123,09:37:09,42670.00,150,1956750
20221123,09:37:11,42674.60,500,1956750
20221123,09:37:12,42670.45,100,1956750
20221123,09:37:14,42670.45,25,1956750
20221123,09:37:16,42670.00,50,1956750
20221123,09:37:19,42672.90,100,1956750
20221123,09:37:21,42674.30,525,1956750
20221123,09:37:22,42670.00,75,1956750
20221123,09:37:24,42670.00,125,1956750
20221123,09:37:26,42670.00,100,1956750
20221123,09:37:27,42669.55,175,1956750
20221123,09:37:29,42667.20,50,1956750
20221123,09:37:30,42666.75,25,1956750
20221123,09:37:32,42665.15,100,1956750
20221123,09:37:34,42665.35,50,1956750
20221123,09:37:35,42665.00,425,1956750
20221123,09:37:37,42661.50,225,1956750
20221123,09:37:38,42661.00,75,1956750
20221123,09:37:40,42659.10,400,1956750
20221123,09:37:42,42660.05,25,1956750
20221123,09:37:43,42660.05,50,1956750
20221123,09:37:45,42665.00,250,1956750
20221123,09:37:47,42664.70,225,1956750
20221123,09:37:48,42664.30,350,1956750
20221123,09:37:50,42660.10,75,1956750
20221123,09:37:52,42664.35,25,1956750
20221123,09:37:55,42664.35,250,1956750
20221123,09:37:56,42660.30,25,1956750
20221123,09:37:58,42660.20,75,1956750
20221123,09:38:00,42664.55,175,1956750
20221123,09:38:01,42665.05,525,1956750
20221123,09:38:03,42664.05,175,1956750
20221123,09:38:05,42670.00,275,1956750
20221123,09:38:06,42670.00,25,1956750
20221123,09:38:10,42665.00,25,1956750
20221123,09:38:12,42669.00,75,1956750
20221123,09:38:15,42669.80,150,1956750
20221123,09:38:17,42669.15,825,1956750
20221123,09:38:18,42668.65,25,1956750
20221123,09:38:25,42668.65,25,1956750
20221123,09:38:28,42668.65,50,1956750
20221123,09:38:30,42663.70,150,1956750
20221123,09:38:31,42663.95,25,1956750
20221123,09:38:33,42666.20,300,1956750
20221123,09:38:34,42666.20,25,1957150
20221123,09:38:36,42665.90,25,1957150
20221123,09:38:38,42665.90,25,1957150
20221123,09:38:41,42664.35,150,1957150
20221123,09:38:44,42669.80,400,1957150
20221123,09:38:46,42665.90,75,1957150
20221123,09:38:47,42665.90,125,1957150
20221123,09:38:49,42665.90,50,1957150
20221123,09:38:50,42663.10,75,1957150
20221123,09:38:52,42663.55,75,1957150
20221123,09:38:55,42668.55,525,1957150
20221123,09:38:57,42662.75,50,1957150
20221123,09:38:58,42669.60,425,1957150
20221123,09:39:00,42663.35,75,1957150
20221123,09:39:03,42663.15,25,1957150
20221123,09:39:05,42667.60,25,1957150
20221123,09:39:06,42669.60,250,1957150
20221123,09:39:09,42669.45,225,1957150
20221123,09:39:11,42667.60,100,1957150
20221123,09:39:12,42662.75,1500,1957150
20221123,09:39:14,42666.75,150,1957150
20221123,09:39:16,42660.00,350,1957150
20221123,09:39:17,42665.95,50,1957150
20221123,09:39:19,42667.30,825,1957150
20221123,09:39:20,42664.30,50,1957150
20221123,09:39:22,42668.35,225,1957150
20221123,09:39:24,42664.30,175,1957150
20221123,09:39:25,42668.10,400,1957150
20221123,09:39:27,42664.30,425,1957150
20221123,09:39:28,42667.50,400,1957150
20221123,09:39:30,42667.65,125,1957150
20221123,09:39:32,42668.15,125,1957150
20221123,09:39:33,42664.40,25,1957150
20221123,09:39:35,42669.00,75,1957150
20221123,09:39:36,42668.65,25,1957150
20221123,09:39:38,42668.65,25,1957150
20221123,09:39:40,42667.60,75,1957150
20221123,09:39:41,42665.20,175,1957150
20221123,09:39:43,42664.35,50,1957150
20221123,09:39:46,42664.35,100,1957150
20221123,09:39:48,42664.30,25,1957150
20221123,09:39:49,42663.55,100,1957150
20221123,09:39:51,42664.35,100,1957150
20221123,09:39:53,42664.35,25,1957150
20221123,09:39:54,42668.00,375,1957150
20221123,09:39:56,42667.90,750,1957150
20221123,09:39:57,42667.80,125,1957150
20221123,09:39:59,42662.00,100,1957150
20221123,09:40:01,42664.00,50,1957150
20221123,09:40:02,42667.40,125,1957150
20221123,09:40:04,42661.85,250,1957150
20221123,09:40:05,42664.00,25,1957150
20221123,09:40:07,42661.00,25,1957150
20221123,09:40:09,42662.00,400,1957150
20221123,09:40:10,42661.00,100,1957150
20221123,09:40:12,42660.00,100,1957150
20221123,09:40:13,42661.00,875,1957150
20221123,09:40:15,42660.95,350,1957150
20221123,09:40:17,42661.85,25,1957150
20221123,09:40:18,42661.85,125,1957150
20221123,09:40:20,42661.85,125,1957150
20221123,09:40:21,42660.00,25,1957150
20221123,09:40:23,42657.50,250,1957150
20221123,09:40:25,42658.85,625,1957150
20221123,09:40:26,42656.70,550,1957150
20221123,09:40:28,42656.15,425,1957150
20221123,09:40:29,42656.10,1025,1957150
20221123,09:40:31,42656.10,200,1957150
20221123,09:40:33,42657.05,125,1957150
20221123,09:40:34,42660.00,150,1957150
20221123,09:40:38,42659.00,225,1957150
20221123,09:40:39,42656.65,100,1957150
20221123,09:40:41,42659.00,150,1957150
20221123,09:40:42,42659.00,375,1957150
20221123,09:40:44,42660.80,250,1957150
20221123,09:40:46,42656.30,125,1957150
20221123,09:40:47,42656.75,350,1957150
20221123,09:40:49,42662.85,75,1957150
20221123,09:40:50,42656.65,300,1957150
20221123,09:40:52,42656.65,300,1957150
20221123,09:40:54,42660.00,75,1957150
20221123,09:40:55,42660.00,50,1957150
20221123,09:40:57,42660.00,25,1957150
20221123,09:40:58,42659.90,250,1957150
20221123,09:41:00,42656.65,125,1957150
20221123,09:41:02,42655.45,325,1957150
20221123,09:41:03,42652.20,1125,1957150
20221123,09:41:05,42652.15,1275,1957150
20221123,09:41:07,42652.95,725,1957150
20221123,09:41:08,42652.75,500,1957150
20221123,09:41:10,42658.00,500,1957150
20221123,09:41:12,42654.20,625,1957150
20221123,09:41:13,42660.00,125,1957150
20221123,09:41:15,42660.00,175,1957150
20221123,09:41:16,42656.55,300,1957150
20221123,09:41:18,42658.95,925,1957150
20221123,09:41:19,42656.35,275,1957150
20221123,09:41:21,42653.30,575,1957150
20221123,09:41:23,42658.90,225,1957150
20221123,09:41:24,42658.95,25,1957150
20221123,09:41:26,42655.00,75,1957150
20221123,09:41:28,42655.00,475,1957150
20221123,09:41:29,42655.15,275,1957150
20221123,09:41:31,42660.00,50,1957150
20221123,09:41:32,42653.90,150,1957150
20221123,09:41:34,42654.70,75,1964350
20221123,09:41:35,42660.00,125,1964350
20221123,09:41:37,42655.10,50,1964350
20221123,09:41:39,42655.00,300,1964350
20221123,09:41:40,42655.90,50,1964350
20221123,09:41:42,42656.30,100,1964350
20221123,09:41:44,42655.00,25,1964350
20221123,09:41:45,42655.00,150,1964350
20221123,09:41:47,42655.00,300,1964350
20221123,09:41:48,42655.00,175,1964350
20221123,09:41:50,42655.00,125,1964350
20221123,09:41:52,42655.00,125,1964350
20221123,09:41:53,42658.60,25,1964350
20221123,09:41:55,42655.00,75,1964350
20221123,09:41:56,42657.10,700,1964350
20221123,09:41:58,42658.45,75,1964350
20221123,09:42:00,42651.90,650,1964350
20221123,09:42:01,42656.45,50,1964350
20221123,09:42:03,42660.00,150,1964350
20221123,09:42:04,42652.65,350,1964350
20221123,09:42:06,42654.00,825,1964350
20221123,09:42:08,42654.10,350,1964350
20221123,09:42:09,42653.80,300,1964350
20221123,09:42:11,42653.45,225,1964350
20221123,09:42:12,42654.95,200,1964350
20221123,09:42:14,42655.75,75,1964350
20221123,09:42:16,42658.00,75,1964350
20221123,09:42:17,42654.90,650,1964350
20221123,09:42:19,42657.95,1050,1964350
20221123,09:42:21,42658.25,50,1964350
20221123,09:42:22,42655.10,750,1964350
20221123,09:42:24,42659.70,125,1964350
20221123,09:42:25,42660.00,50,1964350
20221123,09:42:27,42658.60,50,1964350
20221123,09:42:29,42658.00,175,1964350
20221123,09:42:30,42659.50,725,1964350
20221123,09:42:32,42659.50,25,1964350
20221123,09:42:33,42660.00,2400,1964350
20221123,09:42:35,42660.05,100,1964350
20221123,09:42:36,42663.80,975,1964350
20221123,09:42:38,42665.00,125,1964350
20221123,09:42:40,42660.10,75,1964350
20221123,09:42:41,42659.75,625,1964350
20221123,09:42:44,42659.00,900,1964350
20221123,09:42:46,42659.75,50,1964350
20221123,09:42:47,42659.75,500,1964350
20221123,09:42:49,42663.70,25,1964350
20221123,09:42:52,42661.40,150,1964350
20221123,09:42:54,42660.00,25,1964350
20221123,09:42:57,42661.55,775,1964350
20221123,09:43:00,42656.35,25,1964350
20221123,09:43:01,42658.80,25,1964350
20221123,09:43:03,42655.10,575,1964350
20221123,09:43:04,42655.10,25,1964350
20221123,09:43:06,42655.00,75,1964350
20221123,09:43:07,42652.15,1100,1964350
20221123,09:43:09,42651.55,50,1964350
20221123,09:43:11,42654.00,1150,1964350
20221123,09:43:12,42652.00,25,1964350
20221123,09:43:14,42654.80,600,1964350
20221123,09:43:15,42651.60,25,1964350
20221123,09:43:17,42650.30,575,1964350
20221123,09:43:18,42651.55,200,1964350
20221123,09:43:20,42653.80,350,1964350
20221123,09:43:22,42652.10,100,1964350
20221123,09:43:23,42653.35,125,1964350
20221123,09:43:25,42651.60,50,1964350
20221123,09:43:28,42652.35,50,1964350
20221123,09:43:29,42653.15,1375,1964350
20221123,09:43:31,42654.10,1200,1964350
20221123,09:43:33,42655.85,750,1964350
20221123,09:43:34,42659.00,50,1964350
20221123,09:43:36,42654.55,150,1964350
20221123,09:43:37,42660.10,650,1964350
20221123,09:43:41,42661.00,50,1964350
20221123,09:43:42,42660.00,300,1964350
20221123,09:43:44,42661.50,25,1964350
20221123,09:43:46,42662.95,100,1964350
20221123,09:43:47,42657.60,300,1964350
20221123,09:43:49,42658.85,100,1964350
20221123,09:43:52,42657.25,25,1964350
20221123,09:43:54,42658.85,75,1964350
20221123,09:43:57,42658.80,100,1964350
20221123,09:43:58,42658.80,50,1964350
20221123,09:44:00,42657.75,300,1964350
20221123,09:44:02,42660.00,50,1964350
20221123,09:44:03,42659.70,275,1964350
20221123,09:44:05,42658.85,50,1964350
20221123,09:44:07,42656.05,300,1964350
20221123,09:44:08,42663.85,500,1964350
20221123,09:44:10,42658.80,25,1964350
20221123,09:44:11,42660.00,100,1964350
20221123,09:44:13,42664.15,200,1964350
20221123,09:44:14,42660.00,425,1964350
20221123,09:44:16,42660.00,25,1964350
20221123,09:44:17,42665.00,275,1964350
20221123,09:44:19,42665.80,25,1964350
20221123,09:44:21,42666.10,175,1964350
20221123,09:44:22,42666.65,25,1964350
20221123,09:44:24,42665.00,50,1964350
20221123,09:44:25,42667.00,50,1964350
20221123,09:44:27,42667.95,50,1964350
20221123,09:44:28,42667.95,650,1964350
20221123,09:44:30,42665.00,275,1964350
20221123,09:44:32,42666.95,1000,1964350
20221123,09:44:33,42667.35,25,1964350
20221123,09:44:35,42666.75,50,1965600
20221123,09:44:36,42665.00,100,1965600
20221123,09:44:38,42664.35,125,1965600
20221123,09:44:41,42660.00,100,1965600
20221123,09:44:44,42661.95,50,1965600
20221123,09:44:46,42662.75,75,1965600
20221123,09:44:47,42661.00,275,1965600
20221123,09:44:49,42661.90,75,1965600
20221123,09:44:51,42661.95,100,1965600
20221123,09:44:52,42658.05,125,1965600
20221123,09:44:54,42658.00,50,1965600
20221123,09:44:56,42662.65,50,1965600
20221123,09:44:57,42660.00,475,1965600
20221123,09:44:59,42659.45,25,1965600
20221123,09:45:00,42661.05,50,1965600
20221123,09:45:02,42664.20,100,1965600
20221123,09:45:04,42665.00,25,1965600
20221123,09:45:05,42666.00,50,1965600
20221123,09:45:07,42657.75,425,1965600
20221123,09:45:09,42661.90,150,1965600
20221123,09:45:10,42659.15,175,1965600
20221123,09:45:12,42655.00,200,1965600
20221123,09:45:13,42653.15,50,1965600
20221123,09:45:15,42658.15,150,1965600
20221123,09:45:17,42659.15,150,1965600
20221123,09:45:18,42657.00,625,1965600
20221123,09:45:20,42652.00,150,1965600
20221123,09:45:22,42654.30,300,1965600
20221123,09:45:23,42651.55,75,1965600
20221123,09:45:25,42654.55,200,1965600
20221123,09:45:26,42651.00,300,1965600
20221123,09:45:28,42658.00,275,1965600
20221123,09:45:30,42658.00,50,1965600
20221123,09:45:31,42658.95,350,1965600
20221123,09:45:33,42659.00,25,1965600
20221123,09:45:34,42656.35,50,1965600
20221123,09:45:38,42651.00,75,1965600
20221123,09:45:39,42651.55,100,1965600
20221123,09:45:41,42653.00,425,1965600
20221123,09:45:42,42651.40,400,1965600
20221123,09:45:44,42651.00,375,1965600
20221123,09:45:46,42651.05,125,1965600
20221123,09:45:47,42657.80,150,1965600
20221123,09:45:49,42655.15,375,1965600
20221123,09:45:50,42651.75,225,1965600
20221123,09:45:52,42653.35,175,1965600
20221123,09:45:54,42652.25,75,1965600
20221123,09:45:55,42655.80,200,1965600
20221123,09:45:57,42655.10,125,1965600
20221123,09:45:58,42657.00,125,1965600
20221123,09:46:00,42655.75,50,1965600
20221123,09:46:02,42657.00,375,1965600
20221123,09:46:03,42658.70,50,1965600
20221123,09:46:05,42657.70,50,1965600
20221123,09:46:08,42657.00,75,1965600
20221123,09:46:09,42653.85,75,1965600
20221123,09:46:13,42654.95,125,1965600
20221123,09:46:14,42658.70,325,1965600
20221123,09:46:16,42657.30,75,1965600
20221123,09:46:19,42657.00,25,1965600
20221123,09:46:20,42657.05,25,1965600
20221123,09:46:22,42652.95,50,1965600
20221123,09:46:25,42651.60,475,1965600
20221123,09:46:27,42653.60,25,1965600
20221123,09:46:28,42653.60,100,1965600
20221123,09:46:30,42653.25,225,1965600
20221123,09:46:31,42653.35,75,1965600
20221123,09:46:33,42656.15,200,1965600
20221123,09:46:34,42655.15,125,1965600
20221123,09:46:36,42654.00,150,1965600
20221123,09:46:37,42652.05,50,1965600
20221123,09:46:39,42654.95,25,1965600
20221123,09:46:40,42653.45,150,1965600
20221123,09:46:42,42655.70,175,1965600
20221123,09:46:44,42655.00,225,1965600
20221123,09:46:45,42655.45,50,1965600
20221123,09:46:47,42655.00,275,1965600
20221123,09:46:50,42658.30,75,1965600
20221123,09:46:52,42655.00,325,1965600
20221123,09:46:55,42656.10,25,1965600
20221123,09:46:57,42655.00,250,1965600
20221123,09:46:58,42653.00,100,1965600
20221123,09:47:00,42653.45,100,1965600
20221123,09:47:02,42653.95,50,1965600
20221123,09:47:03,42655.00,100,1965600
20221123,09:47:05,42653.65,50,1965600
20221123,09:47:06,42654.75,50,1965600
20221123,09:47:08,42652.40,250,1965600
20221123,09:47:10,42651.90,25,1965600
20221123,09:47:13,42651.00,550,1965600
20221123,09:47:15,42651.25,325,1965600
20221123,09:47:16,42652.00,100,1965600
20221123,09:47:18,42655.00,25,1965600
20221123,09:47:19,42652.45,25,1965600
20221123,09:47:21,42652.00,25,1965600
20221123,09:47:23,42655.00,175,1965600
20221123,09:47:24,42652.60,25,1965600
20221123,09:47:26,42652.80,475,1965600
20221123,09:47:27,42655.00,275,1965600
20221123,09:47:29,42651.75,100,1965600
20221123,09:47:30,42651.70,25,1965600
20221123,09:47:32,42655.65,50,1965600
20221123,09:47:33,42652.00,75,1965600
20221123,09:47:35,42651.10,50,1959775
20221123,09:47:37,42651.00,25,1959775
20221123,09:47:38,42652.05,50,1959775
20221123,09:47:40,42651.45,125,1959775
20221123,09:47:41,42654.40,25,1959775
20221123,09:47:45,42651.10,50,1959775
20221123,09:47:46,42650.20,600,1959775
20221123,09:47:48,42653.15,250,1959775
20221123,09:47:50,42653.20,25,1959775
20221123,09:47:51,42650.00,25,1959775
20221123,09:47:53,42650.00,175,1959775
20221123,09:47:54,42650.00,75,1959775
20221123,09:47:56,42650.00,50,1959775
20221123,09:47:58,42650.00,25,1959775
20221123,09:47:59,42650.00,150,1959775
20221123,09:48:01,42650.15,650,1959775
20221123,09:48:03,42650.10,1050,1959775
20221123,09:48:04,42650.00,375,1959775
20221123,09:48:06,42650.00,825,1959775
20221123,09:48:07,42651.50,100,1959775
20221123,09:48:09,42652.00,75,1959775
20221123,09:48:11,42653.85,100,1959775
20221123,09:48:14,42654.90,400,1959775
20221123,09:48:16,42654.00,25,1959775
20221123,09:48:17,42653.00,750,1959775
20221123,09:48:21,42653.75,625,1959775
20221123,09:48:22,42659.00,175,1959775
20221123,09:48:24,42659.00,100,1959775
20221123,09:48:25,42658.95,700,1959775
20221123,09:48:29,42654.70,50,1959775
20221123,09:48:30,42654.05,100,1959775
20221123,09:48:32,42658.95,75,1959775
20221123,09:48:33,42655.80,350,1959775
20221123,09:48:37,42659.00,125,1959775
20221123,09:48:42,42659.00,625,1959775
20221123,09:48:43,42659.00,50,1959775
20221123,09:48:47,42658.90,75,1959775
20221123,09:48:50,42658.65,3025,1959775
20221123,09:48:53,42667.60,300,1959775
20221123,09:48:55,42667.95,125,1959775
20221123,09:48:57,42665.15,25,1959775
20221123,09:48:58,42667.70,125,1959775
20221123,09:49:00,42667.65,50,1959775
20221123,09:49:02,42661.35,25,1959775
20221123,09:49:03,42667.15,875,1959775
20221123,09:49:05,42667.95,225,1959775
20221123,09:49:07,42667.15,275,1959775
20221123,09:49:08,42662.45,25,1959775
20221123,09:49:10,42665.80,125,1959775
20221123,09:49:11,42665.85,125,1959775
20221123,09:49:13,42668.00,50,1959775
20221123,09:49:15,42663.45,25,1959775
20221123,09:49:18,42662.05,50,1959775
20221123,09:49:20,42662.10,25,1959775
20221123,09:49:21,42662.10,125,1959775
20221123,09:49:23,42662.10,25,1959775
20221123,09:49:25,42662.10,25,1959775
20221123,09:49:28,42662.10,150,1959775
20221123,09:49:30,42665.00,50,1959775
20221123,09:49:31,42660.45,50,1959775
20221123,09:49:33,42665.00,125,1959775
20221123,09:49:38,42660.00,75,1959775
20221123,09:49:39,42658.00,50,1959775
20221123,09:49:41,42658.45,50,1959775
20221123,09:49:43,42665.00,150,1959775
20221123,09:49:44,42660.55,50,1959775
20221123,09:49:46,42665.00,200,1959775
20221123,09:49:51,42660.05,25,1959775
20221123,09:49:54,42661.00,50,1959775
20221123,09:49:57,42660.20,175,1959775
20221123,09:49:59,42660.20,25,1959775
20221123,09:50:00,42665.00,75,1959775
20221123,09:50:02,42665.00,225,1959775
20221123,09:50:04,42667.95,50,1959775
20221123,09:50:05,42662.00,25,1959775
20221123,09:50:07,42661.90,25,1959775
20221123,09:50:09,42668.00,50,1959775
20221123,09:50:10,42668.00,500,1959775
20221123,09:50:13,42665.00,50,1959775
20221123,09:50:15,42663.55,50,1959775
20221123,09:50:17,42668.00,600,1959775
20221123,09:50:18,42667.25,50,1959775
20221123,09:50:20,42667.25,50,1959775
20221123,09:50:21,42669.00,50,1959775
20221123,09:50:23,42670.00,325,1959775
20221123,09:50:25,42670.00,75,1959775
20221123,09:50:28,42670.00,75,1959775
20221123,09:50:29,42673.55,1275,1959775
20221123,09:50:31,42673.55,50,1959775
20221123,09:50:33,42673.35,50,1959775
20221123,09:50:34,42672.00,100,1949725
20221123,09:50:36,42672.00,50,1949725
20221123,09:50:38,42672.75,50,1949725
20221123,09:50:39,42672.85,50,1949725
20221123,09:50:41,42673.00,25,1949725
20221123,09:50:42,42665.80,25,1949725
20221123,09:50:44,42665.80,50,1949725
20221123,09:50:46,42665.80,25,1949725
20221123,09:50:47,42665.00,125,1949725
20221123,09:50:49,42672.00,50,1949725
20221123,09:50:50,42669.90,75,1949725
20221123,09:50:52,42666.00,50,1949725
20221123,09:50:54,42670.00,100,1949725
20221123,09:50:55,42670.00,25,1949725
20221123,09:50:57,42669.90,25,1949725
20221123,09:50:58,42670.00,75,1949725
20221123,09:51:00,42666.00,75,1949725
20221123,09:51:01,42670.00,25,1949725
20221123,09:51:03,42670.00,50,1949725
20221123,09:51:05,42670.00,75,1949725
20221123,09:51:06,42672.75,50,1949725
20221123,09:51:08,42673.95,50,1949725
20221123,09:51:10,42673.80,50,1949725
20221123,09:51:11,42670.65,75,1949725
20221123,09:51:13,42670.00,75,1949725
20221123,09:51:14,42673.90,100,1949725
20221123,09:51:18,42673.85,125,1949725
20221123,09:51:19,42671.50,25,1949725
20221123,09:51:21,42673.90,100,1949725
20221123,09:51:23,42670.00,425,1949725
20221123,09:51:24,42673.05,400,1949725
20221123,09:51:26,42674.00,75,1949725
20221123,09:51:28,42674.00,400,1949725
20221123,09:51:31,42674.00,600,1949725
20221123,09:51:32,42674.95,25,1949725
20221123,09:51:34,42674.95,50,1949725
20221123,09:51:37,42675.30,325,1949725
20221123,09:51:39,42675.25,50,1949725
20221123,09:51:40,42675.00,50,1949725
20221123,09:51:42,42676.00,375,1949725
20221123,09:51:44,42676.00,25,1949725
20221123,09:51:45,42676.00,25,1949725
20221123,09:51:47,42676.00,25,1949725
20221123,09:51:49,42676.00,100,1949725
20221123,09:51:50,42678.95,75,1949725
20221123,09:51:52,42679.80,400,1949725
20221123,09:51:54,42679.85,400,1949725
20221123,09:51:55,42680.00,475,1949725
20221123,09:51:57,42684.80,4125,1949725
20221123,09:51:59,42689.90,2450,1949725
20221123,09:52:00,42695.00,3275,1949725
20221123,09:52:02,42695.00,1000,1949725
20221123,09:52:04,42694.70,600,1949725
20221123,09:52:05,42692.35,725,1949725
20221123,09:52:07,42692.70,425,1949725
20221123,09:52:09,42693.75,1125,1949725
20221123,09:52:10,42693.00,375,1949725
20221123,09:52:12,42692.40,225,1949725
20221123,09:52:14,42693.75,525,1949725
20221123,09:52:15,42687.45,200,1949725
20221123,09:52:17,42686.45,25,1949725
20221123,09:52:18,42692.70,450,1949725
20221123,09:52:20,42686.00,275,1949725
20221123,09:52:22,42686.00,500,1949725
20221123,09:52:23,42685.00,350,1949725
20221123,09:52:25,42688.95,225,1949725
20221123,09:52:27,42685.00,100,1949725
20221123,09:52:28,42684.95,650,1949725
20221123,09:52:30,42682.00,250,1949725
20221123,09:52:32,42683.05,75,1949725
20221123,09:52:33,42686.55,250,1949725
20221123,09:52:35,42685.00,50,1949725
20221123,09:52:36,42682.05,750,1949725
20221123,09:52:38,42685.50,150,1949725
20221123,09:52:40,42682.00,325,1949725
20221123,09:52:41,42681.35,250,1949725
20221123,09:52:43,42679.05,600,1949725
20221123,09:52:44,42681.35,125,1949725
20221123,09:52:46,42681.35,50,1949725
20221123,09:52:48,42681.35,175,1949725
20221123,09:52:49,42681.35,25,1949725
20221123,09:52:51,42680.00,25,1949725
20221123,09:52:54,42680.00,25,1949725
20221123,09:52:56,42681.35,125,1949725
20221123,09:52:57,42681.35,400,1949725
20221123,09:52:59,42678.00,175,1949725
20221123,09:53:02,42683.05,100,1949725
20221123,09:53:04,42680.15,675,1949725
20221123,09:53:07,42679.95,100,1949725
20221123,09:53:09,42679.95,25,1949725
20221123,09:53:10,42680.00,50,1949725
20221123,09:53:12,42680.00,75,1949725
20221123,09:53:13,42680.00,75,1949725
20221123,09:53:16,42678.95,175,1949725
20221123,09:53:18,42679.20,125,1949725
20221123,09:53:20,42679.95,75,1949725
20221123,09:53:21,42679.55,25,1949725
20221123,09:53:23,42678.00,75,1949725
20221123,09:53:25,42680.00,150,1949725
20221123,09:53:26,42674.05,150,1949725
20221123,09:53:28,42675.10,25,1949725
20221123,09:53:29,42681.95,75,1949725
20221123,09:53:31,42678.00,25,1949725
20221123,09:53:33,42675.00,50,1949725
20221123,09:53:34,42675.00,75,1949725
20221123,09:53:37,42675.00,25,1956900
20221123,09:53:39,42680.00,100,1956900
20221123,09:53:41,42680.00,50,1956900
20221123,09:53:42,42681.90,350,1956900
20221123,09:53:44,42682.15,125,1956900
20221123,09:53:45,42680.00,350,1956900
20221123,09:53:50,42682.00,150,1956900
20221123,09:53:52,42682.00,25,1956900
20221123,09:53:54,42683.30,25,1956900
20221123,09:53:55,42683.80,125,1956900
20221123,09:53:57,42677.30,50,1956900
20221123,09:53:59,42680.00,175,1956900
20221123,09:54:00,42679.80,50,1956900
20221123,09:54:02,42684.05,200,1956900
20221123,09:54:03,42686.95,1000,1956900
20221123,09:54:05,42687.20,850,1956900
20221123,09:54:07,42687.55,600,1956900
20221123,09:54:08,42687.55,225,1956900
20221123,09:54:10,42687.00,100,1956900
20221123,09:54:12,42684.90,300,1956900
20221123,09:54:13,42684.35,200,1956900
20221123,09:54:15,42684.65,625,1956900
20221123,09:54:16,42677.70,100,1956900
20221123,09:54:20,42684.40,575,1956900
20221123,09:54:21,42676.35,25,1956900
20221123,09:54:23,42675.00,425,1956900
20221123,09:54:24,42680.80,75,1956900
20221123,09:54:26,42679.25,25,1956900
20221123,09:54:27,42681.20,50,1956900
20221123,09:54:29,42675.00,325,1956900
20221123,09:54:32,42674.05,50,1956900
20221123,09:54:34,42671.35,325,1956900
20221123,09:54:35,42672.25,325,1956900
20221123,09:54:37,42676.50,150,1956900
20221123,09:54:39,42677.45,50,1956900
20221123,09:54:40,42677.95,100,1956900
20221123,09:54:42,42671.05,100,1956900
20221123,09:54:43,42669.70,325,1956900
20221123,09:54:45,42668.10,125,1956900
20221123,09:54:47,42668.50,75,1956900
20221123,09:54:50,42668.70,25,1956900
20221123,09:54:51,42668.50,150,1956900
20221123,09:54:53,42666.00,50,1956900
20221123,09:54:55,42667.80,600,1956900
20221123,09:54:56,42664.35,175,1956900
20221123,09:54:58,42664.30,150,1956900
20221123,09:55:00,42668.70,375,1956900
20221123,09:55:01,42665.00,75,1956900
20221123,09:55:03,42664.35,125,1956900
20221123,09:55:04,42665.00,100,1956900
20221123,09:55:06,42664.75,450,1956900
20221123,09:55:08,42665.85,225,1956900
20221123,09:55:09,42666.00,200,1956900
20221123,09:55:11,42665.05,250,1956900
20221123,09:55:12,42664.90,50,1956900
20221123,09:55:14,42663.80,225,1956900
20221123,09:55:16,42664.00,650,1956900
20221123,09:55:17,42664.15,150,1956900
20221123,09:55:19,42664.15,850,1956900
20221123,09:55:20,42663.00,775,1956900
20221123,09:55:22,42662.55,500,1956900
20221123,09:55:24,42663.00,200,1956900
20221123,09:55:25,42660.50,300,1956900
20221123,09:55:27,42659.95,475,1956900
20221123,09:55:29,42660.40,225,1956900
20221123,09:55:30,42661.05,250,1956900
20221123,09:55:32,42662.30,150,1956900
20221123,09:55:34,42660.00,725,1956900
20221123,09:55:35,42659.00,1075,1956900
20221123,09:55:37,42658.25,150,1956900
20221123,09:55:39,42658.45,150,1956900
20221123,09:55:40,42658.60,375,1956900
20221123,09:55:42,42658.00,175,1956900
20221123,09:55:44,42658.60,150,1956900
20221123,09:55:45,42658.60,25,1956900
20221123,09:55:47,42658.10,125,1956900
20221123,09:55:48,42656.85,75,1956900
20221123,09:55:50,42656.95,300,1956900
20221123,09:55:52,42660.85,750,1956900
20221123,09:55:54,42660.75,225,1956900
20221123,09:55:55,42660.35,50,1956900
20221123,09:55:57,42660.25,375,1956900
20221123,09:55:58,42661.25,125,1956900
20221123,09:56:00,42665.00,775,1956900
20221123,09:56:02,42662.55,150,1956900
20221123,09:56:03,42662.95,50,1956900
20221123,09:56:05,42662.90,125,1956900
20221123,09:56:06,42662.90,175,1956900
20221123,09:56:08,42661.10,50,1956900
20221123,09:56:10,42660.10,575,1956900
20221123,09:56:11,42661.25,150,1956900
20221123,09:56:13,42660.80,125,1956900
20221123,09:56:14,42661.75,125,1956900
20221123,09:56:17,42661.75,125,1956900
20221123,09:56:19,42661.20,125,1956900
20221123,09:56:21,42661.50,300,1956900
20221123,09:56:22,42663.00,100,1956900
20221123,09:56:24,42660.60,100,1956900
20221123,09:56:25,42660.55,50,1956900
20221123,09:56:27,42660.75,150,1956900
20221123,09:56:28,42659.60,125,1956900
20221123,09:56:30,42658.60,75,1956900
20221123,09:56:32,42658.15,375,1956900
20221123,09:56:33,42658.00,50,1956900
20221123,09:56:35,42657.95,325,1956900
20221123,09:56:36,42657.20,25,1956825
20221123,09:56:38,42658.10,475,1956825
20221123,09:56:40,42658.55,75,1956825
20221123,09:56:41,42656.95,200,1956825
20221123,09:56:43,42656.60,175,1956825
20221123,09:56:44,42656.30,375,1956825
20221123,09:56:46,42656.55,75,1956825
20221123,09:56:47,42656.15,350,1956825
20221123,09:56:49,42656.10,300,1956825
20221123,09:56:51,42655.75,750,1956825
20221123,09:56:52,42655.70,700,1956825
20221123,09:56:54,42655.35,150,1956825
20221123,09:56:55,42655.95,125,1956825
20221123,09:56:57,42658.05,125,1956825
20221123,09:56:59,42657.15,175,1956825
20221123,09:57:00,42657.00,250,1956825
20221123,09:57:02,42655.80,125,1956825
20221123,09:57:03,42656.70,350,1956825
20221123,09:57:07,42658.10,125,1956825
20221123,09:57:08,42660.45,225,1956825
20221123,09:57:10,42661.45,850,1956825
20221123,09:57:11,42662.70,1325,1956825
20221123,09:57:13,42662.40,25,1956825
20221123,09:57:15,42661.90,575,1956825
20221123,09:57:16,42662.65,25,1956825
20221123,09:57:18,42662.70,50,1956825
20221123,09:57:20,42662.60,125,1956825
20221123,09:57:21,42663.45,500,1956825
20221123,09:57:23,42663.35,25,1956825
20221123,09:57:24,42662.60,75,1956825
20221123,09:57:26,42661.75,100,1956825
20221123,09:57:27,42664.65,50,1956825
20221123,09:57:29,42663.50,75,1956825
20221123,09:57:31,42662.35,50,1956825
20221123,09:57:32,42662.15,75,1956825
20221123,09:57:35,42662.40,25,1956825
20221123,09:57:37,42662.80,125,1956825
20221123,09:57:42,42663.80,25,1956825
20221123,09:57:43,42663.80,25,1956825
20221123,09:57:45,42664.65,500,1956825
20221123,09:57:46,42662.70,50,1956825
20221123,09:57:48,42663.75,25,1956825
20221123,09:57:49,42662.65,25,1956825
20221123,09:57:51,42659.95,700,1956825
20221123,09:57:53,42659.40,50,1956825
20221123,09:57:54,42659.90,25,1956825
20221123,09:57:56,42659.40,100,1956825
20221123,09:57:57,42659.95,100,1956825
20221123,09:57:59,42659.60,100,1956825
20221123,09:58:00,42660.00,550,1956825
20221123,09:58:02,42660.00,450,1956825
20221123,09:58:03,42660.00,850,1956825
20221123,09:58:05,42660.30,800,1956825
20221123,09:58:06,42659.95,125,1956825
20221123,09:58:08,42660.45,900,1956825
20221123,09:58:10,42660.55,300,1956825
20221123,09:58:13,42659.80,50,1956825
20221123,09:58:14,42661.80,675,1956825
20221123,09:58:16,42659.05,75,1956825
20221123,09:58:17,42659.05,100,1956825
20221123,09:58:19,42659.45,25,1956825
20221123,09:58:20,42662.10,600,1956825
20221123,09:58:22,42665.00,25,1956825
20221123,09:58:24,42662.50,100,1956825
20221123,09:58:25,42661.70,75,1956825
20221123,09:58:27,42661.60,25,1956825
20221123,09:58:30,42662.60,150,1956825
20221123,09:58:31,42661.15,50,1956825
20221123,09:58:33,42662.75,900,1956825
20221123,09:58:34,42663.60,50,1956825
20221123,09:58:36,42663.55,100,1956825
20221123,09:58:38,42663.50,650,1956825
20221123,09:58:39,42663.35,25,1956825
20221123,09:58:41,42662.90,300,1956825
20221123,09:58:42,42663.65,50,1956825
20221123,09:58:44,42663.65,350,1956825
20221123,09:58:45,42665.00,625,1956825
20221123,09:58:47,42664.95,150,1956825
20221123,09:58:49,42665.10,150,1956825
20221123,09:58:50,42666.35,175,1956825
20221123,09:58:53,42666.25,275,1956825
20221123,09:58:55,42666.30,75,1956825
20221123,09:58:56,42665.25,25,1956825
20221123,09:58:58,42665.15,50,1956825
20221123,09:59:01,42667.90,550,1956825
20221123,09:59:02,42667.05,100,1956825
20221123,09:59:04,42670.00,325,1956825
20221123,09:59:06,42667.15,75,1956825
20221123,09:59:07,42670.00,650,1956825
20221123,09:59:09,42667.90,50,1956825
20221123,09:59:10,42670.00,50,1956825
20221123,09:59:12,42668.45,300,1956825
20221123,09:59:13,42672.70,100,1956825
20221123,09:59:15,42671.30,300,1956825
20221123,09:59:17,42671.15,1375,1956825
20221123,09:59:18,42669.35,125,1956825
20221123,09:59:20,42670.00,25,1956825
20221123,09:59:21,42671.05,125,1956825
20221123,09:59:23,42670.85,500,1956825
20221123,09:59:25,42669.85,150,1956825
20221123,09:59:26,42665.70,50,1956825
20221123,09:59:29,42662.65,150,1956825
20221123,09:59:31,42665.95,275,1956825
20221123,09:59:33,42665.95,600,1956825
20221123,09:59:34,42662.30,900,1956825
20221123,09:59:36,42663.05,25,1956825
20221123,09:59:38,42667.60,75,1953775
20221123,09:59:39,42667.60,250,1953775
20221123,09:59:41,42662.20,675,1953775
20221123,09:59:44,42663.00,150,1953775
20221123,09:59:46,42665.70,50,1953775
20221123,09:59:51,42661.80,25,1953775
20221123,09:59:54,42659.00,175,1953775
20221123,09:59:56,42658.40,100,1953775
20221123,09:59:57,42660.15,25,1953775
20221123,09:59:59,42657.20,25,1953775
20221123,10:00:00,42660.90,750,1953775
20221123,10:00:02,42666.85,1175,1953775
20221123,10:00:04,42661.55,350,1953775
20221123,10:00:05,42665.60,25,1953775
20221123,10:00:07,42665.65,50,1953775
20221123,10:00:08,42665.65,25,1953775
20221123,10:00:10,42665.00,50,1953775
20221123,10:00:12,42661.90,75,1953775
20221123,10:00:13,42659.65,175,1953775
20221123,10:00:15,42663.60,725,1953775
20221123,10:00:17,42663.00,150,1953775
20221123,10:00:18,42661.85,175,1953775
20221123,10:00:20,42664.35,50,1953775
20221123,10:00:22,42661.75,125,1953775
20221123,10:00:23,42661.90,700,1953775
20221123,10:00:26,42662.90,50,1953775
20221123,10:00:28,42662.10,475,1953775
20221123,10:00:29,42663.25,25,1953775
20221123,10:00:31,42663.40,50,1953775
20221123,10:00:32,42663.40,25,1953775
20221123,10:00:34,42663.85,625,1953775
20221123,10:00:35,42665.00,50,1953775
20221123,10:00:37,42666.85,75,1953775
20221123,10:00:39,42663.45,100,1953775
20221123,10:00:40,42666.75,50,1953775
20221123,10:00:43,42663.90,75,1953775
20221123,10:00:45,42664.55,275,1953775
20221123,10:00:47,42663.60,25,1953775
20221123,10:00:51,42665.00,25,1953775
20221123,10:00:56,42664.40,25,1953775
20221123,10:00:57,42664.40,75,1953775
20221123,10:00:59,42667.00,25,1953775
20221123,10:01:00,42667.10,50,1953775
20221123,10:01:02,42665.00,275,1953775
20221123,10:01:03,42663.55,225,1953775
20221123,10:01:05,42663.65,25,1953775
20221123,10:01:06,42663.65,50,1953775
20221123,10:01:09,42667.00,25,1953775
20221123,10:01:11,42665.00,1125,1953775
20221123,10:01:12,42664.95,25,1953775
20221123,10:01:14,42667.85,50,1953775
20221123,10:01:16,42666.90,100,1953775
20221123,10:01:17,42667.90,100,1953775
20221123,10:01:19,42667.90,100,1953775
20221123,10:01:20,42668.00,700,1953775
20221123,10:01:22,42668.15,375,1953775
20221123,10:01:23,42668.15,1125,1953775
20221123,10:01:25,42668.90,750,1953775
20221123,10:01:28,42668.60,200,1953775
20221123,10:01:29,42669.00,75,1953775
20221123,10:01:31,42669.80,150,1953775
20221123,10:01:34,42669.15,550,1953775
20221123,10:01:35,42669.00,50,1953775
20221123,10:01:39,42666.90,75,1953775
20221123,10:01:40,42666.90,75,1953775
20221123,10:01:45,42666.20,350,1953775
20221123,10:01:46,42666.95,400,1953775
20221123,10:01:50,42670.60,550,1953775
20221123,10:01:51,42670.30,50,1953775
20221123,10:01:53,42669.65,125,1953775
20221123,10:01:58,42668.10,25,1953775
20221123,10:01:59,42668.70,50,1953775
20221123,10:02:01,42668.20,50,1953775
20221123,10:02:02,42663.65,75,1953775
20221123,10:02:04,42664.10,50,1953775
20221123,10:02:07,42668.30,25,1953775
20221123,10:02:09,42668.65,75,1953775
20221123,10:02:10,42669.60,100,1953775
20221123,10:02:12,42665.00,25,1953775
20221123,10:02:13,42665.00,25,1953775
20221123,10:02:15,42664.40,250,1953775
20221123,10:02:18,42667.30,25,1953775
20221123,10:02:21,42665.00,75,1953775
20221123,10:02:23,42665.00,75,1953775
20221123,10:02:25,42665.00,425,1953775
20221123,10:02:26,42665.00,25,1953775
20221123,10:02:31,42664.70,50,1953775
20221123,10:02:32,42665.05,125,1953775
20221123,10:02:34,42665.00,25,1953775
20221123,10:02:36,42665.05,100,1953775
20221123,10:02:39,42665.10,75,1950325
20221123,10:02:40,42666.95,75,1950325
20221123,10:02:42,42664.65,75,1950325
20221123,10:02:44,42663.90,100,1950325
20221123,10:02:45,42664.50,225,1950325
20221123,10:02:47,42663.65,50,1950325
20221123,10:02:49,42662.80,300,1950325
20221123,10:02:50,42662.70,300,1950325
20221123,10:02:52,42663.95,275,1950325
20221123,10:02:53,42661.40,25,1950325
20221123,10:02:55,42661.00,225,1950325
20221123,10:02:58,42661.85,500,1950325
20221123,10:03:00,42662.05,450,1950325
20221123,10:03:01,42662.10,300,1950325
20221123,10:03:03,42663.20,125,1950325
20221123,10:03:05,42663.45,150,1950325
20221123,10:03:06,42663.45,325,1950325
20221123,10:03:08,42662.30,150,1950325
20221123,10:03:10,42661.90,75,1950325
20221123,10:03:11,42662.00,25,1950325
20221123,10:03:14,42661.55,100,1950325
20221123,10:03:18,42661.85,925,1950325
20221123,10:03:19,42661.30,50,1950325
20221123,10:03:21,42661.55,600,1950325
20221123,10:03:22,42661.75,275,1950325
20221123,10:03:24,42661.90,50,1950325
20221123,10:03:26,42662.05,25,1950325
20221123,10:03:27,42662.00,50,1950325
20221123,10:03:29,42662.25,100,1950325
20221123,10:03:30,42662.90,225,1950325
20221123,10:03:32,42665.10,600,1950325
20221123,10:03:34,42665.40,100,1950325
20221123,10:03:35,42665.00,75,1950325
20221123,10:03:37,42665.80,75,1950325
20221123,10:03:39,42669.55,75,1950325
20221123,10:03:40,42662.85,50,1950325
20221123,10:03:42,42662.80,25,1950325
20221123,10:03:43,42664.05,150,1950325
20221123,10:03:45,42664.90,75,1950325
20221123,10:03:48,42665.00,25,1950325
20221123,10:03:50,42665.00,50,1950325
20221123,10:03:52,42665.00,50,1950325
20221123,10:03:53,42665.00,50,1950325
20221123,10:03:55,42664.75,175,1950325
20221123,10:03:56,42662.95,100,1950325
20221123,10:03:58,42664.70,25,1950325
20221123,10:04:00,42663.20,200,1950325
20221123,10:04:01,42663.80,75,1950325
20221123,10:04:03,42663.75,50,1950325
20221123,10:04:04,42664.05,25,1950325
20221123,10:04:06,42663.15,50,1950325
20221123,10:04:08,42663.60,100,1950325
20221123,10:04:09,42663.80,50,1950325
20221123,10:04:11,42665.25,300,1950325
20221123,10:04:13,42665.45,25,1950325
20221123,10:04:14,42665.25,50,1950325
20221123,10:04:16,42665.30,100,1950325
20221123,10:04:17,42666.90,50,1950325
20221123,10:04:19,42667.30,100,1950325
20221123,10:04:20,42668.00,25,1950325
20221123,10:04:22,42667.05,75,1950325
20221123,10:04:24,42668.45,75,1950325
20221123,10:04:25,42668.75,75,1950325
20221123,10:04:27,42668.35,300,1950325
20221123,10:04:28,42669.10,100,1950325
20221123,10:04:30,42668.75,50,1950325
20221123,10:04:31,42669.75,125,1950325
20221123,10:04:33,42670.00,425,1950325
20221123,10:04:35,42670.00,75,1950325
20221123,10:04:36,42670.00,75,1950325
20221123,10:04:38,42668.15,50,1950325
20221123,10:04:40,42665.85,100,1950325
20221123,10:04:41,42666.60,50,1950325
20221123,10:04:45,42665.60,100,1950325
20221123,10:04:46,42668.20,75,1950325
20221123,10:04:48,42668.20,25,1950325
20221123,10:04:51,42666.85,25,1950325
20221123,10:04:53,42666.20,325,1950325
20221123,10:04:54,42666.20,75,1950325
20221123,10:04:56,42667.65,25,1950325
20221123,10:04:59,42665.25,50,1950325
20221123,10:05:01,42665.00,125,1950325
20221123,10:05:03,42666.15,25,1950325
20221123,10:05:04,42666.20,150,1950325
20221123,10:05:06,42664.55,125,1950325
20221123,10:05:07,42665.55,450,1950325
20221123,10:05:12,42665.00,150,1950325
20221123,10:05:14,42666.70,425,1950325
20221123,10:05:16,42666.80,125,1950325
20221123,10:05:19,42666.00,250,1950325
20221123,10:05:21,42666.85,100,1950325
20221123,10:05:22,42668.25,150,1950325
20221123,10:05:24,42668.00,75,1950325
20221123,10:05:25,42666.20,50,1950325
20221123,10:05:27,42667.10,25,1950325
20221123,10:05:30,42669.15,25,1950325
20221123,10:05:32,42668.00,25,1950325
20221123,10:05:33,42671.55,600,1950325
20221123,10:05:35,42670.70,25,1950325
20221123,10:05:40,42671.15,50,1949950
20221123,10:05:42,42671.15,75,1949950
20221123,10:05:52,42664.60,75,1949950
20221123,10:05:55,42668.70,350,1949950
20221123,10:05:58,42665.05,25,1949950
20221123,10:06:00,42668.95,25,1949950
20221123,10:06:01,42668.05,50,1949950
20221123,10:06:03,42670.75,75,1949950
20221123,10:06:04,42670.00,125,1949950
20221123,10:06:08,42668.20,25,1949950
20221123,10:06:09,42671.05,25,1949950
20221123,10:06:11,42670.30,25,1949950
20221123,10:06:14,42670.75,50,1949950
20221123,10:06:22,42668.00,25,1949950
20221123,10:06:25,42668.00,25,1949950
20221123,10:06:28,42668.90,250,1949950
20221123,10:06:30,42669.85,75,1949950
20221123,10:06:33,42666.00,50,1949950
20221123,10:06:36,42666.00,25,1949950
20221123,10:06:38,42665.50,75,1949950
20221123,10:06:39,42667.70,25,1949950
20221123,10:06:41,42665.40,25,1949950
20221123,10:06:43,42669.30,125,1949950
20221123,10:06:44,42665.35,100,1949950
20221123,10:06:46,42666.95,25,1949950
20221123,10:06:49,42667.00,100,1949950
20221123,10:06:51,42667.95,100,1949950
20221123,10:06:54,42667.85,25,1949950
20221123,10:06:56,42665.70,50,1949950
20221123,10:06:57,42665.50,50,1949950
20221123,10:07:00,42665.85,75,1949950
20221123,10:07:02,42665.95,75,1949950
20221123,10:07:04,42668.90,150,1949950
20221123,10:07:05,42665.45,150,1949950
20221123,10:07:07,42667.35,100,1949950
20221123,10:07:08,42664.95,225,1949950
20221123,10:07:10,42666.65,25,1949950
20221123,10:07:11,42664.35,50,1949950
20221123,10:07:13,42663.65,25,1949950
20221123,10:07:15,42664.30,50,1949950
20221123,10:07:18,42663.95,25,1949950
20221123,10:07:21,42663.65,100,1949950
20221123,10:07:22,42663.90,250,1949950
20221123,10:07:25,42663.75,25,1949950
20221123,10:07:28,42663.95,25,1949950
20221123,10:07:29,42664.35,50,1949950
20221123,10:07:31,42666.00,100,1949950
20221123,10:07:32,42664.50,75,1949950
20221123,10:07:34,42664.00,175,1949950
20221123,10:07:35,42663.05,50,1949950
20221123,10:07:37,42666.35,100,1949950
20221123,10:07:38,42662.40,125,1949950
20221123,10:07:40,42665.55,50,1949950
20221123,10:07:41,42662.40,75,1949950
20221123,10:07:44,42661.45,325,1949950
20221123,10:07:46,42661.65,400,1949950
20221123,10:07:47,42661.80,50,1949950
20221123,10:07:49,42662.35,150,1949950
20221123,10:07:50,42662.05,25,1949950
20221123,10:07:52,42662.90,25,1949950
20221123,10:07:53,42662.95,25,1949950
20221123,10:07:58,42661.50,225,1949950
20221123,10:08:00,42662.00,100,1949950
20221123,10:08:01,42661.55,25,1949950
20221123,10:08:04,42662.00,250,1949950
20221123,10:08:06,42662.25,200,1949950
20221123,10:08:07,42662.30,350,1949950
20221123,10:08:10,42662.45,50,1949950
20221123,10:08:12,42662.40,25,1949950
20221123,10:08:16,42662.10,25,1949950
20221123,10:08:17,42662.50,50,1949950
20221123,10:08:19,42662.50,25,1949950
20221123,10:08:20,42661.80,50,1949950
20221123,10:08:22,42661.65,150,1949950
20221123,10:08:23,42661.05,175,1949950
20221123,10:08:25,42660.65,100,1949950
20221123,10:08:26,42660.30,100,1949950
20221123,10:08:28,42662.30,25,1949950
20221123,10:08:29,42660.35,50,1949950
20221123,10:08:31,42661.35,125,1949950
20221123,10:08:35,42661.50,50,1949950
20221123,10:08:37,42661.50,75,1949950
20221123,10:08:40,42662.05,25,1946200
20221123,10:08:41,42662.20,25,1946200
20221123,10:08:42,42662.85,75,1946200
20221123,10:08:44,42662.10,150,1946200
20221123,10:08:47,42662.75,100,1946200
20221123,10:08:48,42662.85,25,1946200
20221123,10:08:50,42661.55,75,1946200
20221123,10:08:54,42661.00,100,1946200
20221123,10:08:55,42660.15,25,1946200
20221123,10:08:57,42660.20,75,1946200
20221123,10:08:58,42662.85,25,1946200
20221123,10:09:00,42661.30,75,1946200
20221123,10:09:01,42662.95,175,1946200
20221123,10:09:04,42665.00,650,1946200
20221123,10:09:06,42662.00,500,1946200
20221123,10:09:09,42661.80,125,1946200
20221123,10:09:10,42661.80,225,1946200
20221123,10:09:12,42662.90,175,1946200
20221123,10:09:14,42662.65,50,1946200
20221123,10:09:20,42662.85,125,1946200
20221123,10:09:21,42662.10,75,1946200
20221123,10:09:23,42662.40,25,1946200
20221123,10:09:26,42662.25,175,1946200
20221123,10:09:29,42662.60,100,1946200
20221123,10:09:30,42661.80,50,1946200
20221123,10:09:32,42662.85,50,1946200
20221123,10:09:36,42660.85,25,1946200
20221123,10:09:37,42661.90,100,1946200
20221123,10:09:39,42660.60,100,1946200
20221123,10:09:40,42662.65,75,1946200
20221123,10:09:42,42661.65,75,1946200
20221123,10:09:43,42660.85,100,1946200
20221123,10:09:45,42661.05,100,1946200
20221123,10:09:46,42661.15,25,1946200
20221123,10:09:47,42661.60,75,1946200
20221123,10:09:49,42662.30,25,1946200
20221123,10:09:50,42662.30,25,1946200
20221123,10:09:52,42662.40,50,1946200
20221123,10:09:55,42662.90,675,1946200
20221123,10:09:57,42663.35,150,1946200
20221123,10:09:58,42665.00,150,1946200
20221123,10:10:00,42665.25,50,1946200
20221123,10:10:01,42665.35,50,1946200
20221123,10:10:03,42665.25,50,1946200
20221123,10:10:04,42665.00,150,1946200
20221123,10:10:06,42665.00,175,1946200
20221123,10:10:07,42668.30,200,1946200
20221123,10:10:09,42666.95,50,1946200
20221123,10:10:11,42669.15,225,1946200
20221123,10:10:12,42667.00,125,1946200
20221123,10:10:14,42669.10,250,1946200
20221123,10:10:15,42669.95,125,1946200
20221123,10:10:17,42667.00,25,1946200
20221123,10:10:19,42667.00,50,1946200
20221123,10:10:20,42666.30,100,1946200
20221123,10:10:22,42670.00,125,1946200
20221123,10:10:23,42670.00,50,1946200
20221123,10:10:25,42670.00,375,1946200
20221123,10:10:27,42668.40,100,1946200
20221123,10:10:28,42667.95,25,1946200
20221123,10:10:30,42667.80,25,1946200
20221123,10:10:31,42670.00,175,1946200
20221123,10:10:33,42667.35,200,1946200
20221123,10:10:34,42669.00,25,1946200
20221123,10:10:37,42667.35,200,1946200
20221123,10:10:39,42667.55,50,1946200
20221123,10:10:40,42670.00,175,1946200
20221123,10:10:42,42667.30,375,1946200
20221123,10:10:43,42668.15,25,1946200
20221123,10:10:45,42670.00,50,1946200
20221123,10:10:46,42669.00,25,1946200
20221123,10:10:48,42670.00,25,1946200
20221123,10:10:49,42670.00,325,1946200
20221123,10:10:51,42671.50,125,1946200
20221123,10:10:52,42667.10,25,1946200
20221123,10:10:55,42667.10,25,1946200
20221123,10:10:59,42665.00,150,1946200
20221123,10:11:02,42664.00,25,1946200
20221123,10:11:06,42664.05,100,1946200
20221123,10:11:09,42661.40,50,1946200
20221123,10:11:11,42661.00,25,1946200
20221123,10:11:13,42661.10,175,1946200
20221123,10:11:15,42663.05,25,1946200
20221123,10:11:23,42661.80,100,1946200
20221123,10:11:34,42661.00,25,1946200
20221123,10:11:36,42661.55,125,1946200
20221123,10:11:37,42663.20,350,1946200
20221123,10:11:39,42663.20,25,1941600
20221123,10:11:44,42662.90,25,1941600
20221123,10:11:46,42662.95,25,1941600
20221123,10:11:48,42662.05,50,1941600
20221123,10:11:50,42664.30,50,1941600
20221123,10:11:51,42664.85,25,1941600
20221123,10:11:53,42665.20,200,1941600
20221123,10:11:55,42665.10,225,1941600
20221123,10:11:59,42665.25,25,1941600
20221123,10:12:01,42666.05,25,1941600
20221123,10:12:02,42666.95,75,1941600
20221123,10:12:04,42669.00,325,1941600
20221123,10:12:05,42666.00,50,1941600
20221123,10:12:08,42667.15,25,1941600
20221123,10:12:09,42666.45,25,1941600
20221123,10:12:11,42667.15,50,1941600
20221123,10:12:14,42667.80,50,1941600
20221123,10:12:16,42667.25,100,1941600
20221123,10:12:17,42666.15,50,1941600
20221123,10:12:19,42665.80,25,1941600
20221123,10:12:20,42667.75,25,1941600
20221123,10:12:22,42667.75,25,1941600
20221123,10:12:25,42667.00,25,1941600
20221123,10:12:26,42665.10,75,1941600
20221123,10:12:28,42666.55,75,1941600
20221123,10:12:35,42666.95,25,1941600
20221123,10:12:38,42665.95,50,1941600
20221123,10:12:42,42665.00,25,1941600
20221123,10:12:44,42665.00,25,1941600
20221123,10:12:47,42663.55,175,1941600
20221123,10:12:49,42663.15,100,1941600
20221123,10:12:52,42662.15,225,1941600
20221123,10:12:58,42662.05,25,1941600
20221123,10:12:59,42662.55,100,1941600
20221123,10:13:01,42662.60,75,1941600
20221123,10:13:02,42662.40,50,1941600
20221123,10:13:04,42661.90,375,1941600
20221123,10:13:06,42662.65,250,1941600
20221123,10:13:07,42662.60,50,1941600
20221123,10:13:10,42663.80,450,1941600
20221123,10:13:13,42664.10,75,1941600
20221123,10:13:15,42664.60,25,1941600
20221123,10:13:16,42665.00,150,1941600
20221123,10:13:18,42664.60,100,1941600
20221123,10:13:20,42663.75,25,1941600
20221123,10:13:21,42664.05,50,1941600
20221123,10:13:23,42663.90,25,1941600
20221123,10:13:24,42664.85,25,1941600
20221123,10:13:27,42663.90,25,1941600
20221123,10:13:29,42663.80,25,1941600
20221123,10:13:30,42664.00,50,1941600
20221123,10:13:32,42665.00,325,1941600
20221123,10:13:34,42665.00,300,1941600
20221123,10:13:35,42665.15,25,1941600
20221123,10:13:37,42665.15,25,1941600
20221123,10:13:40,42666.85,25,1941600
20221123,10:13:42,42664.00,200,1941600
20221123,10:13:43,42666.20,25,1941600
20221123,10:13:45,42665.00,50,1941600
20221123,10:13:46,42665.10,25,1941600
20221123,10:13:51,42665.10,25,1941600
20221123,10:14:00,42664.00,175,1941600
20221123,10:14:03,42662.90,125,1941600
20221123,10:14:05,42662.95,25,1941600
20221123,10:14:06,42664.70,25,1941600
20221123,10:14:08,42663.25,25,1941600
20221123,10:14:10,42663.70,300,1941600
20221123,10:14:13,42663.40,25,1941600
20221123,10:14:14,42663.65,25,1941600
20221123,10:14:16,42664.60,125,1941600
20221123,10:14:17,42664.60,50,1941600
20221123,10:14:20,42663.85,75,1941600
20221123,10:14:21,42663.60,25,1941600
20221123,10:14:23,42663.60,100,1941600
20221123,10:14:24,42663.60,100,1941600
20221123,10:14:26,42663.90,50,1941600
20221123,10:14:27,42664.00,75,1941600
20221123,10:14:29,42664.00,50,1941600
20221123,10:14:30,42664.00,25,1941600
20221123,10:14:32,42664.60,50,1941600
20221123,10:14:33,42664.40,75,1941600
20221123,10:14:35,42666.25,100,1941600
20221123,10:14:37,42666.80,50,1941600
20221123,10:14:38,42667.10,25,1941600
20221123,10:14:42,42669.00,25,1934950
20221123,10:14:46,42668.90,25,1934950
20221123,10:14:49,42668.95,25,1934950
20221123,10:14:52,42669.85,50,1934950
20221123,10:14:54,42668.90,25,1934950
20221123,10:14:56,42668.90,50,1934950
20221123,10:14:57,42668.90,50,1934950
20221123,10:14:59,42668.00,25,1934950
20221123,10:15:00,42668.95,50,1934950
20221123,10:15:02,42670.00,225,1934950
20221123,10:15:04,42669.95,50,1934950
20221123,10:15:05,42670.00,50,1934950
20221123,10:15:07,42669.15,75,1934950
20221123,10:15:09,42669.20,100,1934950
20221123,10:15:10,42669.45,25,1934950
20221123,10:15:13,42672.00,1225,1934950
20221123,10:15:15,42672.00,50,1934950
20221123,10:15:17,42672.00,100,1934950
20221123,10:15:18,42673.10,50,1934950
20221123,10:15:20,42670.00,475,1934950
20221123,10:15:22,42670.05,50,1934950
20221123,10:15:25,42671.45,50,1934950
20221123,10:15:26,42671.45,25,1934950
20221123,10:15:30,42671.45,50,1934950
20221123,10:15:31,42670.10,325,1934950
20221123,10:15:33,42671.45,75,1934950
20221123,10:15:34,42671.30,75,1934950
20221123,10:15:36,42674.00,1725,1934950
20221123,10:15:38,42675.25,250,1934950
20221123,10:15:39,42675.00,25,1934950
20221123,10:15:41,42675.60,1775,1934950
20221123,10:15:43,42677.00,175,1934950
20221123,10:15:44,42676.95,50,1934950
20221123,10:15:46,42676.95,25,1934950
20221123,10:15:47,42675.00,50,1934950
20221123,10:15:51,42677.05,25,1934950
20221123,10:15:52,42673.60,125,1934950
20221123,10:15:54,42673.00,175,1934950
20221123,10:15:56,42674.95,100,1934950
20221123,10:15:57,42675.00,25,1934950
20221123,10:16:00,42673.00,75,1934950
20221123,10:16:02,42673.00,75,1934950
20221123,10:16:05,42673.85,25,1934950
20221123,10:16:07,42673.00,400,1934950
20221123,10:16:08,42673.00,175,1934950
20221123,10:16:11,42673.00,75,1934950
20221123,10:16:13,42673.10,25,1934950
20221123,10:16:16,42673.00,75,1934950
20221123,10:16:20,42672.50,225,1934950
20221123,10:16:21,42670.10,50,1934950
20221123,10:16:23,42675.45,625,1934950
20221123,10:16:26,42673.90,25,1934950
20221123,10:16:28,42670.00,450,1934950
20221123,10:16:31,42669.25,25,1934950
20221123,10:16:32,42671.40,100,1934950
20221123,10:16:35,42668.00,25,1934950
20221123,10:16:37,42668.40,25,1934950
20221123,10:16:39,42668.00,25,1934950
20221123,10:16:42,42665.20,100,1934950
20221123,10:16:45,42665.10,25,1934950
20221123,10:16:46,42665.00,50,1934950
20221123,10:16:48,42665.50,50,1934950
20221123,10:16:50,42665.15,75,1934950
20221123,10:16:51,42666.20,100,1934950
20221123,10:16:53,42666.25,25,1934950
20221123,10:16:54,42664.95,250,1934950
20221123,10:16:56,42664.95,100,1934950
20221123,10:16:57,42664.95,25,1934950
20221123,10:17:00,42665.40,25,1934950
20221123,10:17:02,42664.40,1125,1934950
20221123,10:17:03,42664.25,50,1934950
20221123,10:17:05,42665.00,75,1934950
20221123,10:17:08,42663.55,125,1934950
20221123,10:17:10,42664.55,100,1934950
20221123,10:17:12,42664.55,225,1934950
20221123,10:17:15,42664.25,300,1934950
20221123,10:17:16,42664.85,50,1934950
20221123,10:17:18,42664.60,50,1934950
20221123,10:17:21,42663.45,225,1934950
20221123,10:17:23,42663.20,50,1934950
20221123,10:17:24,42664.20,25,1934950
20221123,10:17:26,42663.60,300,1934950
20221123,10:17:27,42663.55,300,1934950
20221123,10:17:29,42663.65,50,1934950
20221123,10:17:30,42664.00,50,1934950
20221123,10:17:32,42664.25,300,1934950
20221123,10:17:33,42665.05,25,1934950
20221123,10:17:35,42665.00,50,1934950
20221123,10:17:38,42664.15,25,1934950
20221123,10:17:39,42664.35,50,1933825
20221123,10:17:41,42663.70,100,1933825
20221123,10:17:45,42664.95,50,1933825
20221123,10:17:50,42665.00,100,1933825
20221123,10:17:52,42663.45,575,1933825
20221123,10:17:53,42664.00,50,1933825
20221123,10:17:55,42663.90,25,1933825
20221123,10:17:56,42663.95,25,1933825
20221123,10:17:57,42663.90,50,1933825
20221123,10:18:02,42662.20,250,1933825
20221123,10:18:03,42663.65,25,1933825
20221123,10:18:05,42662.80,125,1933825
20221123,10:18:07,42663.45,75,1933825
20221123,10:18:08,42664.00,325,1933825
20221123,10:18:10,42664.10,50,1933825
20221123,10:18:12,42665.00,50,1933825
20221123,10:18:13,42664.95,175,1933825
20221123,10:18:15,42662.75,50,1933825
20221123,10:18:19,42662.75,150,1933825
20221123,10:18:21,42662.85,175,1933825
20221123,10:18:25,42662.00,25,1933825
20221123,10:18:29,42662.75,100,1933825
20221123,10:18:30,42662.85,50,1933825
20221123,10:18:32,42663.00,25,1933825
20221123,10:18:33,42664.95,25,1933825
20221123,10:18:34,42662.85,25,1933825
20221123,10:18:39,42664.45,50,1933825
20221123,10:18:44,42662.85,50,1933825
20221123,10:18:50,42661.80,100,1933825
20221123,10:18:53,42662.85,50,1933825
20221123,10:18:56,42664.15,125,1933825
20221123,10:18:57,42664.45,75,1933825
20221123,10:18:59,42664.15,25,1933825
20221123,10:19:00,42664.15,25,1933825
20221123,10:19:02,42664.00,75,1933825
20221123,10:19:03,42664.50,200,1933825
20221123,10:19:05,42663.85,75,1933825
20221123,10:19:06,42663.90,25,1933825
20221123,10:19:08,42664.00,25,1933825
20221123,10:19:11,42664.15,375,1933825
20221123,10:19:12,42665.00,225,1933825
20221123,10:19:14,42661.60,25,1933825
20221123,10:19:16,42662.00,50,1933825
20221123,10:19:17,42661.30,1100,1933825
20221123,10:19:19,42661.90,150,1933825
20221123,10:19:20,42662.05,750,1933825
20221123,10:19:22,42662.80,800,1933825
20221123,10:19:23,42663.00,25,1933825
20221123,10:19:25,42663.60,25,1933825
20221123,10:19:28,42664.85,2200,1933825
20221123,10:19:29,42664.85,175,1933825
20221123,10:19:36,42664.85,50,1933825
20221123,10:19:38,42664.95,75,1933825
20221123,10:19:41,42664.85,100,1933825
20221123,10:19:43,42665.00,325,1933825
20221123,10:19:50,42664.40,100,1933825
20221123,10:19:54,42665.00,75,1933825
20221123,10:20:02,42665.00,25,1933825
20221123,10:20:04,42664.40,25,1933825
20221123,10:20:05,42664.40,50,1933825
20221123,10:20:07,42665.00,475,1933825
20221123,10:20:11,42664.50,525,1933825
20221123,10:20:12,42664.40,50,1933825
20221123,10:20:14,42664.65,25,1933825
20221123,10:20:15,42665.40,25,1933825
20221123,10:20:19,42665.35,25,1933825
20221123,10:20:20,42665.40,25,1933825
20221123,10:20:21,42667.45,50,1933825
20221123,10:20:27,42665.00,75,1933825
20221123,10:20:33,42665.00,50,1933825
20221123,10:20:38,42666.40,25,1933825
20221123,10:20:39,42666.40,25,1933825
20221123,10:20:42,42666.40,450,1930100
20221123,10:20:45,42665.00,75,1930100
20221123,10:20:48,42665.00,50,1930100
20221123,10:21:01,42665.00,75,1930100
20221123,10:21:04,42666.00,200,1930100
20221123,10:21:07,42665.95,100,1930100
20221123,10:21:08,42667.30,25,1930100
20221123,10:21:10,42666.00,25,1930100
20221123,10:21:13,42665.95,50,1930100
20221123,10:21:18,42667.35,250,1930100
20221123,10:21:22,42665.95,25,1930100
20221123,10:21:25,42665.00,100,1930100
20221123,10:21:26,42665.00,25,1930100
20221123,10:21:32,42665.00,100,1930100
20221123,10:21:37,42665.00,200,1930100
20221123,10:21:43,42665.55,25,1930100
20221123,10:21:48,42667.35,25,1930100
20221123,10:21:50,42668.40,250,1930100
20221123,10:21:51,42667.65,50,1930100
20221123,10:21:53,42667.65,100,1930100
20221123,10:21:55,42667.90,25,1930100
20221123,10:21:56,42669.65,25,1930100
20221123,10:22:04,42670.00,100,1930100
20221123,10:22:07,42670.00,75,1930100
20221123,10:22:13,42669.60,100,1930100
20221123,10:22:16,42669.65,125,1930100
20221123,10:22:18,42670.00,225,1930100
20221123,10:22:20,42670.00,25,1930100
20221123,10:22:26,42670.00,25,1930100
20221123,10:22:30,42669.75,25,1930100
20221123,10:22:37,42665.50,50,1930100
20221123,10:22:40,42668.75,25,1930100
20221123,10:22:41,42665.30,25,1930100
20221123,10:22:48,42665.00,25,1930100
20221123,10:22:53,42665.00,25,1930100
20221123,10:22:56,42665.20,100,1930100
20221123,10:22:57,42667.55,50,1930100
20221123,10:23:00,42669.00,200,1930100
20221123,10:23:03,42667.55,50,1930100
20221123,10:23:05,42665.20,500,1930100
20221123,10:23:06,42665.00,25,1930100
20221123,10:23:09,42665.00,25,1930100
20221123,10:23:12,42665.70,25,1930100
20221123,10:23:17,42664.60,1350,1930100
20221123,10:23:18,42664.60,75,1930100
20221123,10:23:21,42664.60,150,1930100
20221123,10:23:22,42664.00,100,1930100
20221123,10:23:25,42666.40,125,1930100
20221123,10:23:27,42663.30,25,1930100
20221123,10:23:33,42663.40,100,1930100
20221123,10:23:34,42663.40,100,1930100
20221123,10:23:37,42663.20,1050,1930100
20221123,10:23:39,42660.00,850,1930100
20221123,10:23:40,42660.05,675,1930100
20221123,10:23:42,42662.50,25,1927425
20221123,10:23:43,42662.50,25,1927425
20221123,10:23:45,42661.85,25,1927425
20221123,10:23:47,42661.20,575,1927425
20221123,10:23:50,42662.75,250,1927425
20221123,10:23:55,42662.70,25,1927425
20221123,10:24:01,42662.75,25,1927425
20221123,10:24:04,42664.35,25,1927425
20221123,10:24:05,42667.00,200,1927425
20221123,10:24:07,42666.20,100,1927425
20221123,10:24:08,42665.50,75,1927425
20221123,10:24:12,42664.20,25,1927425
20221123,10:24:14,42662.75,50,1927425
20221123,10:24:15,42667.00,150,1927425
20221123,10:24:17,42668.25,50,1927425
20221123,10:24:19,42670.00,375,1927425
20221123,10:24:20,42672.85,350,1927425
20221123,10:24:23,42669.50,50,1927425
20221123,10:24:24,42669.10,25,1927425
20221123,10:24:28,42666.20,25,1927425
20221123,10:24:31,42669.95,75,1927425
20221123,10:24:43,42666.75,50,1927425
20221123,10:24:46,42666.90,25,1927425
20221123,10:24:47,42666.75,25,1927425
20221123,10:24:50,42669.55,325,1927425
20221123,10:24:53,42662.60,250,1927425
20221123,10:24:55,42661.90,50,1927425
20221123,10:25:04,42661.35,250,1927425
20221123,10:25:05,42661.05,525,1927425
20221123,10:25:07,42661.25,50,1927425
20221123,10:25:08,42661.50,200,1927425
20221123,10:25:10,42666.70,100,1927425
20221123,10:25:13,42665.70,25,1927425
20221123,10:25:16,42665.55,25,1927425
20221123,10:25:17,42665.35,50,1927425
20221123,10:25:19,42665.15,50,1927425
20221123,10:25:20,42660.85,50,1927425
20221123,10:25:23,42668.35,125,1927425
20221123,10:25:26,42662.75,25,1927425
20221123,10:25:32,42660.50,25,1927425
20221123,10:25:33,42662.70,50,1927425
20221123,10:25:35,42661.75,25,1927425
20221123,10:25:39,42661.00,25,1927425
20221123,10:25:44,42661.00,75,1927425
20221123,10:25:49,42661.00,150,1927425
20221123,10:25:53,42660.00,225,1927425
20221123,10:25:55,42660.00,25,1927425
20221123,10:25:58,42660.00,25,1927425
20221123,10:26:01,42660.50,250,1927425
20221123,10:26:02,42660.50,25,1927425
20221123,10:26:04,42660.00,25,1927425
20221123,10:26:05,42660.00,25,1927425
20221123,10:26:07,42655.00,525,1927425
20221123,10:26:08,42655.00,25,1927425
20221123,10:26:10,42656.00,175,1927425
20221123,10:26:12,42654.45,50,1927425
20221123,10:26:14,42654.55,525,1927425
20221123,10:26:16,42654.90,25,1927425
20221123,10:26:17,42655.00,25,1927425
20221123,10:26:19,42655.45,25,1927425
20221123,10:26:20,42656.30,150,1927425
20221123,10:26:22,42657.00,125,1927425
20221123,10:26:26,42657.00,25,1927425
20221123,10:26:31,42656.95,75,1927425
20221123,10:26:32,42656.55,50,1927425
20221123,10:26:35,42657.85,75,1927425
20221123,10:26:38,42657.10,675,1927425
20221123,10:26:39,42657.25,475,1927425
20221123,10:26:41,42658.45,75,1923900
20221123,10:26:44,42658.45,25,1923900
20221123,10:26:45,42658.45,100,1923900
20221123,10:26:47,42658.45,75,1923900
20221123,10:26:48,42658.45,350,1923900
20221123,10:26:50,42657.25,100,1923900
20221123,10:26:51,42654.65,325,1923900
20221123,10:26:53,42654.80,75,1923900
20221123,10:27:00,42655.40,25,1923900
20221123,10:27:02,42654.95,50,1923900
20221123,10:27:05,42655.00,125,1923900
20221123,10:27:06,42655.00,225,1923900
20221123,10:27:08,42655.00,50,1923900
20221123,10:27:09,42655.00,50,1923900
20221123,10:27:14,42655.00,50,1923900
20221123,10:27:15,42655.00,150,1923900
20221123,10:27:17,42655.05,50,1923900
20221123,10:27:20,42655.00,50,1923900
20221123,10:27:23,42656.20,50,1923900
20221123,10:27:26,42655.00,25,1923900
20221123,10:27:27,42654.35,25,1923900
20221123,10:27:29,42654.60,125,1923900
20221123,10:27:30,42655.40,50,1923900
20221123,10:27:32,42655.20,25,1923900
20221123,10:27:33,42655.75,150,1923900
20221123,10:27:35,42655.75,100,1923900
20221123,10:27:36,42655.45,100,1923900
20221123,10:27:38,42657.30,25,1923900
20221123,10:27:39,42658.90,50,1923900
20221123,10:27:41,42656.70,100,1923900
20221123,10:27:43,42657.15,75,1923900
20221123,10:27:47,42657.25,125,1923900
20221123,10:27:49,42657.45,100,1923900
20221123,10:27:50,42657.50,25,1923900
20221123,10:27:52,42657.15,150,1923900
20221123,10:27:55,42657.40,50,1923900
20221123,10:27:56,42657.40,75,1923900
20221123,10:28:01,42657.40,150,1923900
20221123,10:28:04,42657.60,25,1923900
20221123,10:28:06,42657.70,375,1923900
20221123,10:28:08,42657.35,50,1923900
20221123,10:28:10,42657.50,25,1923900
20221123,10:28:11,42657.60,100,1923900
20221123,10:28:13,42657.45,25,1923900
20221123,10:28:14,42659.20,25,1923900
20221123,10:28:17,42658.55,50,1923900
20221123,10:28:18,42658.50,50,1923900
20221123,10:28:20,42660.00,450,1923900
20221123,10:28:24,42660.00,50,1923900
20221123,10:28:26,42660.00,375,1923900
20221123,10:28:27,42661.00,50,1923900
20221123,10:28:29,42661.00,100,1923900
20221123,10:28:32,42661.00,25,1923900
20221123,10:28:33,42660.05,650,1923900
20221123,10:28:38,42660.95,50,1923900
20221123,10:28:41,42660.65,25,1923900
20221123,10:28:43,42661.00,25,1923900
20221123,10:28:44,42660.45,25,1923900
20221123,10:28:46,42660.75,125,1923900
20221123,10:28:50,42663.00,25,1923900
20221123,10:28:53,42662.65,75,1923900
20221123,10:28:57,42662.65,75,1923900
20221123,10:28:59,42663.00,550,1923900
20221123,10:29:02,42664.60,25,1923900
20221123,10:29:07,42663.00,125,1923900
20221123,10:29:10,42663.00,75,1923900
20221123,10:29:11,42663.00,25,1923900
20221123,10:29:13,42663.00,25,1923900
20221123,10:29:14,42664.55,25,1923900
20221123,10:29:15,42663.00,50,1923900
20221123,10:29:18,42663.95,25,1923900
20221123,10:29:20,42664.00,25,1923900
20221123,10:29:21,42663.00,25,1923900
20221123,10:29:27,42664.55,25,1923900
20221123,10:29:29,42664.60,25,1923900
20221123,10:29:37,42664.95,25,1923900
20221123,10:29:40,42665.90,150,1923900
20221123,10:29:43,42665.55,75,1919400
20221123,10:29:44,42664.55,25,1919400
20221123,10:29:46,42663.00,75,1919400
20221123,10:29:47,42663.00,375,1919400
20221123,10:29:50,42665.60,25,1919400
20221123,10:29:52,42664.95,75,1919400
20221123,10:29:54,42664.95,75,1919400
20221123,10:29:59,42664.95,25,1919400
20221123,10:30:01,42665.00,875,1919400
20221123,10:30:02,42668.00,375,1919400
20221123,10:30:04,42668.95,175,1919400
20221123,10:30:06,42668.90,75,1919400
20221123,10:30:08,42667.50,50,1919400
20221123,10:30:09,42665.00,50,1919400
20221123,10:30:12,42667.80,25,1919400
20221123,10:30:15,42665.00,50,1919400
20221123,10:30:24,42665.00,250,1919400
20221123,10:30:26,42665.00,75,1919400
20221123,10:30:31,42667.80,50,1919400
20221123,10:30:35,42667.95,25,1919400
20221123,10:30:37,42668.95,50,1919400
20221123,10:30:39,42668.95,25,1919400
20221123,10:30:40,42669.00,75,1919400
20221123,10:30:43,42669.00,50,1919400
20221123,10:30:47,42663.45,275,1919400
20221123,10:30:50,42668.95,25,1919400
20221123,10:30:53,42668.95,25,1919400
20221123,10:30:56,42669.00,25,1919400
20221123,10:30:58,42669.00,125,1919400
20221123,10:31:01,42670.00,700,1919400
20221123,10:31:02,42669.95,25,1919400
20221123,10:31:04,42670.70,750,1919400
20221123,10:31:06,42665.00,50,1919400
20221123,10:31:21,42663.05,1300,1919400
20221123,10:31:27,42663.00,25,1919400
20221123,10:31:28,42663.05,25,1919400
20221123,10:31:30,42663.00,50,1919400
20221123,10:31:31,42663.00,50,1919400
20221123,10:31:34,42666.95,275,1919400
20221123,10:31:36,42663.05,50,1919400
20221123,10:31:37,42663.00,375,1919400
20221123,10:31:39,42666.65,100,1919400
20221123,10:31:44,42663.00,25,1919400
20221123,10:31:47,42666.00,50,1919400
20221123,10:31:48,42666.15,25,1919400
20221123,10:32:04,42666.15,25,1919400
20221123,10:32:09,42666.15,50,1919400
20221123,10:32:10,42666.15,50,1919400
20221123,10:32:12,42666.15,25,1919400
20221123,10:32:14,42667.00,25,1919400
20221123,10:32:17,42665.30,50,1919400
20221123,10:32:18,42665.35,50,1919400
20221123,10:32:21,42663.00,25,1919400
20221123,10:32:25,42663.00,25,1919400
20221123,10:32:28,42665.00,75,1919400
20221123,10:32:29,42663.50,25,1919400
20221123,10:32:31,42666.35,25,1919400
20221123,10:32:32,42668.00,200,1919400
20221123,10:32:34,42668.00,75,1919400
20221123,10:32:37,42669.00,150,1919400
20221123,10:32:40,42669.00,275,1919400
20221123,10:32:45,42668.00,25,1919625
20221123,10:32:46,42669.00,25,1919625
20221123,10:32:51,42666.00,300,1919625
20221123,10:32:53,42668.85,325,1919625
20221123,10:32:54,42667.60,25,1919625
20221123,10:32:59,42667.65,50,1919625
20221123,10:33:02,42666.00,25,1919625
20221123,10:33:04,42667.00,50,1919625
20221123,10:33:05,42665.00,25,1919625
20221123,10:33:07,42668.95,75,1919625
20221123,10:33:08,42669.00,25,1919625
20221123,10:33:10,42665.00,75,1919625
20221123,10:33:13,42668.50,25,1919625
20221123,10:33:16,42668.50,25,1919625
20221123,10:33:22,42668.95,75,1919625
20221123,10:33:24,42670.00,50,1919625
20221123,10:33:27,42669.75,25,1919625
20221123,10:33:29,42669.00,25,1919625
20221123,10:33:30,42668.85,200,1919625
20221123,10:33:39,42667.00,75,1919625
20221123,10:33:40,42667.00,125,1919625
20221123,10:33:46,42670.00,700,1919625
20221123,10:33:52,42670.00,25,1919625
20221123,10:33:57,42665.00,150,1919625
20221123,10:33:58,42665.00,50,1919625
20221123,10:34:00,42665.00,25,1919625
20221123,10:34:01,42667.90,25,1919625
20221123,10:34:06,42667.90,25,1919625
20221123,10:34:09,42665.00,25,1919625
20221123,10:34:10,42665.00,75,1919625
20221123,10:34:15,42665.00,25,1919625
20221123,10:34:16,42665.00,25,1919625
20221123,10:34:19,42665.00,25,1919625
20221123,10:34:21,42665.00,25,1919625
20221123,10:34:22,42665.00,25,1919625
20221123,10:34:31,42665.10,25,1919625
20221123,10:34:32,42665.90,25,1919625
20221123,10:34:35,42666.00,75,1919625
20221123,10:34:39,42664.00,725,1919625
20221123,10:34:40,42663.00,275,1919625
20221123,10:34:42,42663.05,25,1919625
20221123,10:34:45,42662.70,50,1919625
20221123,10:34:48,42662.65,25,1919625
20221123,10:34:49,42662.05,225,1919625
20221123,10:34:50,42661.60,50,1919625
20221123,10:34:52,42662.00,175,1919625
20221123,10:34:57,42662.85,25,1919625
20221123,10:35:04,42664.90,25,1919625
20221123,10:35:06,42664.00,25,1919625
20221123,10:35:07,42661.55,50,1919625
20221123,10:35:08,42661.35,50,1919625
20221123,10:35:11,42662.45,50,1919625
20221123,10:35:14,42661.40,50,1919625
20221123,10:35:15,42661.30,50,1919625
20221123,10:35:17,42661.15,75,1919625
20221123,10:35:19,42663.45,25,1919625
20221123,10:35:21,42661.65,25,1919625
20221123,10:35:24,42661.30,25,1919625
20221123,10:35:33,42662.00,100,1919625
20221123,10:35:37,42662.80,100,1919625
20221123,10:35:42,42662.45,75,1919625
20221123,10:35:43,42663.90,125,1919625
20221123,10:35:57,42664.90,100,1916500
20221123,10:35:58,42664.45,100,1916500
20221123,10:36:01,42664.95,50,1916500
20221123,10:36:04,42664.95,50,1916500
20221123,10:36:07,42664.65,25,1916500
20221123,10:36:08,42664.65,50,1916500
20221123,10:36:10,42664.65,50,1916500
20221123,10:36:12,42663.75,200,1916500
20221123,10:36:13,42663.90,25,1916500
20221123,10:36:16,42662.45,25,1916500
20221123,10:36:18,42662.10,125,1916500
20221123,10:36:19,42664.00,25,1916500
20221123,10:36:22,42663.90,50,1916500
20221123,10:36:27,42662.00,25,1916500
20221123,10:36:28,42662.70,25,1916500
20221123,10:36:34,42660.85,100,1916500
20221123,10:36:35,42660.90,25,1916500
20221123,10:36:40,42661.00,25,1916500
20221123,10:36:42,42660.90,125,1916500
20221123,10:36:45,42660.95,75,1916500
20221123,10:36:46,42664.00,1350,1916500
20221123,10:36:48,42664.00,75,1916500
20221123,10:36:51,42660.95,200,1916500
20221123,10:36:54,42662.20,75,1916500
20221123,10:36:57,42662.30,50,1916500
20221123,10:37:00,42662.85,350,1916500
20221123,10:37:01,42664.00,50,1916500
20221123,10:37:06,42664.00,50,1916500
20221123,10:37:12,42661.00,50,1916500
20221123,10:37:13,42664.15,25,1916500
20221123,10:37:17,42664.15,50,1916500
20221123,10:37:19,42664.15,25,1916500
