20221123,09:15:00,18401.05,1,4658600
20221123,09:15:00,18433.00,1,4658600
20221123,09:15:00,18424.20,500,4658600
20221123,09:15:00,18421.40,100,4658600
20221123,09:15:02,18433.30,800,4658600
20221123,09:15:03,18416.30,750,4658600
20221123,09:15:04,18424.05,600,4658600
20221123,09:15:05,18415.70,1300,4658600
20221123,09:15:07,18413.60,4400,4658600
20221123,09:15:08,18406.00,800,4658600
20221123,09:15:09,18406.85,950,4658600
20221123,09:15:10,18409.65,2450,4658600
20221123,09:15:11,18409.15,5000,4658600
20221123,09:15:12,18413.00,1150,4658600
20221123,09:15:13,18413.60,700,4658600
20221123,09:15:14,18410.60,550,4658600
20221123,09:15:15,18407.25,300,4658600
20221123,09:15:16,18412.05,1850,4658600
20221123,09:15:17,18413.35,350,4658600
20221123,09:15:18,18411.85,700,4658600
20221123,09:15:19,18410.00,500,4658600
20221123,09:15:20,18413.60,500,4658600
20221123,09:15:21,18413.40,600,4658600
20221123,09:15:22,18412.30,500,4658600
20221123,09:15:23,18415.00,600,4658600
20221123,09:15:24,18415.30,300,4658600
20221123,09:15:25,18413.30,850,4658600
20221123,09:15:26,18417.10,10900,4658600
20221123,09:15:27,18417.05,8250,4658600
20221123,09:15:28,18414.80,7900,4658600
20221123,09:15:29,18417.10,350,4658600
20221123,09:15:30,18419.55,350,4658600
20221123,09:15:31,18417.75,850,4658600
20221123,09:15:32,18417.70,650,4658600
20221123,09:15:33,18418.90,300,4658600
20221123,09:15:35,18417.75,800,4658600
20221123,09:15:35,18417.70,400,4658600
20221123,09:15:36,18418.10,1000,4658600
20221123,09:15:37,18417.15,900,4658600
20221123,09:15:38,18413.60,1800,4658600
20221123,09:15:39,18414.05,100,4658600
20221123,09:15:40,18413.55,150,4658600
20221123,09:15:41,18412.20,300,4658600
20221123,09:15:42,18415.00,600,4658600
20221123,09:15:43,18411.65,350,4658600
20221123,09:15:44,18411.95,650,4658600
20221123,09:15:46,18412.55,100,4658600
20221123,09:15:46,18413.60,200,4658600
20221123,09:15:47,18413.20,350,4658600
20221123,09:15:49,18414.40,400,4658600
20221123,09:15:50,18414.65,1150,4658600
20221123,09:15:51,18415.10,600,4658600
20221123,09:15:52,18416.50,100,4658600
20221123,09:15:53,18416.50,350,4658600
20221123,09:15:54,18415.40,250,4658600
20221123,09:15:55,18415.40,150,4658600
20221123,09:15:56,18415.65,1300,4658600
20221123,09:15:57,18416.00,100,4658600
20221123,09:15:58,18416.50,250,4658600
20221123,09:15:59,18416.15,450,4658600
20221123,09:16:00,18416.80,100,4658600
20221123,09:16:01,18417.20,1150,4658600
20221123,09:16:02,18418.75,1100,4658600
20221123,09:16:03,18419.75,800,4658600
20221123,09:16:04,18420.35,1600,4658600
20221123,09:16:05,18422.70,600,4658600
20221123,09:16:07,18423.00,350,4658600
20221123,09:16:08,18422.00,400,4658600
20221123,09:16:09,18421.00,650,4658600
20221123,09:16:10,18423.45,50,4658600
20221123,09:16:11,18422.65,500,4658600
20221123,09:16:12,18420.80,100,4658600
20221123,09:16:13,18424.00,400,4658600
20221123,09:16:13,18421.15,550,4658600
20221123,09:16:14,18421.00,550,4658600
20221123,09:16:16,18425.00,1950,4658600
20221123,09:16:17,18422.70,2400,4658600
20221123,09:16:18,18423.05,200,4658600
20221123,09:16:19,18425.05,1100,4658600
20221123,09:16:20,18424.05,500,4658600
20221123,09:16:22,18425.00,50,4658600
20221123,09:16:24,18425.60,50,4658600
20221123,09:16:25,18426.00,300,4658600
20221123,09:16:26,18427.00,250,4658600
20221123,09:16:27,18425.90,350,4658600
20221123,09:16:28,18426.00,400,4658600
20221123,09:16:29,18426.00,150,4658600
20221123,09:16:30,18426.00,250,4658600
20221123,09:16:31,18426.90,1400,4658600
20221123,09:16:32,18426.55,550,4658600
20221123,09:16:32,18425.00,150,4658600
20221123,09:16:33,18425.00,400,4658600
20221123,09:16:34,18425.15,950,4658600
20221123,09:16:35,18424.80,300,4658600
20221123,09:16:37,18423.25,1050,4658600
20221123,09:16:38,18423.15,50,4658600
20221123,09:16:40,18421.00,1000,4658600
20221123,09:16:41,18422.55,150,4658600
20221123,09:16:42,18425.00,700,4658600
20221123,09:16:43,18424.35,1750,4658600
20221123,09:16:44,18422.65,150,4658600
20221123,09:16:45,18423.55,200,4658600
20221123,09:16:46,18423.40,1000,4658600
20221123,09:16:47,18423.65,350,4658600
20221123,09:16:48,18423.55,350,4658600
20221123,09:16:49,18422.80,400,4658600
20221123,09:16:50,18422.35,200,4658600
20221123,09:16:51,18423.15,550,4658600
20221123,09:16:55,18423.15,300,4658600
20221123,09:16:56,18425.00,350,4658600
20221123,09:16:57,18423.15,250,4658600
20221123,09:16:58,18423.15,250,4658600
20221123,09:16:59,18423.15,100,4658600
20221123,09:17:00,18424.00,50,4658600
20221123,09:17:01,18424.25,550,4658600
20221123,09:17:02,18423.15,750,4658600
20221123,09:17:03,18424.40,700,4658600
20221123,09:17:04,18424.50,400,4658600
20221123,09:17:05,18425.00,450,4658600
20221123,09:17:06,18424.55,250,4658600
20221123,09:17:08,18425.00,300,4658600
20221123,09:17:09,18423.25,600,4658600
20221123,09:17:10,18424.80,450,4658600
20221123,09:17:11,18425.00,400,4658600
20221123,09:17:12,18424.50,50,4658600
20221123,09:17:13,18423.80,800,4658600
20221123,09:17:14,18423.90,250,4658600
20221123,09:17:15,18425.00,200,4658600
20221123,09:17:16,18424.40,600,4658600
20221123,09:17:17,18426.00,150,4658600
20221123,09:17:18,18427.00,550,4658600
20221123,09:17:19,18427.00,1900,4658600
20221123,09:17:20,18427.00,400,4658600
20221123,09:17:20,18427.00,200,4658600
20221123,09:17:21,18427.60,850,4658600
20221123,09:17:22,18425.20,300,4658600
20221123,09:17:23,18424.90,100,4658600
20221123,09:17:24,18426.50,100,4658600
20221123,09:17:27,18426.35,400,4658600
20221123,09:17:27,18426.10,200,4658600
20221123,09:17:28,18424.05,100,4658600
20221123,09:17:29,18425.80,300,4658600
20221123,09:17:30,18425.95,100,4658600
20221123,09:17:31,18424.10,250,4658600
20221123,09:17:33,18424.05,100,4658600
20221123,09:17:35,18424.60,1000,4658600
20221123,09:17:36,18423.15,100,4658600
20221123,09:17:37,18424.15,250,4658600
20221123,09:17:38,18423.95,100,4658600
20221123,09:17:39,18423.00,1200,4702400
20221123,09:17:40,18422.50,100,4702400
20221123,09:17:41,18420.15,5150,4702400
20221123,09:17:42,18423.15,150,4702400
20221123,09:17:43,18423.30,400,4702400
20221123,09:17:44,18420.20,400,4702400
20221123,09:17:45,18420.05,100,4702400
20221123,09:17:47,18420.05,100,4702400
20221123,09:17:49,18420.05,250,4702400
20221123,09:17:50,18420.00,450,4702400
20221123,09:17:51,18421.65,250,4702400
20221123,09:17:52,18423.00,800,4702400
20221123,09:17:53,18423.50,250,4702400
20221123,09:17:54,18420.55,150,4702400
20221123,09:17:55,18420.95,150,4702400
20221123,09:17:57,18420.35,850,4702400
20221123,09:17:59,18420.55,50,4702400
20221123,09:18:03,18420.00,250,4702400
20221123,09:18:04,18420.00,50,4702400
20221123,09:18:05,18420.20,50,4702400
20221123,09:18:06,18421.15,1600,4702400
20221123,09:18:07,18422.95,50,4702400
20221123,09:18:08,18420.00,700,4702400
20221123,09:18:09,18420.85,900,4702400
20221123,09:18:10,18420.90,200,4702400
20221123,09:18:11,18419.45,350,4702400
20221123,09:18:12,18421.70,100,4702400
20221123,09:18:13,18421.30,50,4702400
20221123,09:18:14,18422.00,450,4702400
20221123,09:18:15,18420.00,100,4702400
20221123,09:18:17,18421.90,550,4702400
20221123,09:18:19,18420.00,50,4702400
20221123,09:18:20,18419.00,1000,4702400
20221123,09:18:21,18418.05,150,4702400
20221123,09:18:22,18418.00,300,4702400
20221123,09:18:23,18420.00,100,4702400
20221123,09:18:24,18419.75,700,4702400
20221123,09:18:25,18418.00,2350,4702400
20221123,09:18:26,18418.00,50,4702400
20221123,09:18:27,18418.00,550,4702400
20221123,09:18:28,18420.00,250,4702400
20221123,09:18:29,18420.05,550,4702400
20221123,09:18:30,18421.90,350,4702400
20221123,09:18:31,18420.10,700,4702400
20221123,09:18:32,18422.00,400,4702400
20221123,09:18:34,18421.90,500,4702400
20221123,09:18:35,18420.90,1050,4702400
20221123,09:18:38,18420.00,150,4702400
20221123,09:18:39,18422.00,800,4702400
20221123,09:18:40,18420.20,500,4702400
20221123,09:18:41,18420.20,200,4702400
20221123,09:18:42,18420.75,400,4702400
20221123,09:18:43,18422.00,100,4702400
20221123,09:18:44,18420.05,550,4702400
20221123,09:18:45,18420.35,200,4702400
20221123,09:18:46,18422.00,350,4702400
20221123,09:18:47,18424.30,250,4702400
20221123,09:18:48,18424.35,300,4702400
20221123,09:18:49,18421.30,150,4702400
20221123,09:18:51,18424.25,1100,4702400
20221123,09:18:52,18424.95,50,4702400
20221123,09:18:53,18425.00,550,4702400
20221123,09:18:55,18424.60,600,4702400
20221123,09:18:56,18424.15,100,4702400
20221123,09:18:57,18424.25,100,4702400
20221123,09:18:58,18423.90,300,4702400
20221123,09:18:59,18419.25,1000,4702400
20221123,09:19:00,18422.00,50,4702400
20221123,09:19:01,18422.80,50,4702400
20221123,09:19:02,18423.00,250,4702400
20221123,09:19:04,18423.00,50,4702400
20221123,09:19:05,18420.85,250,4702400
20221123,09:19:07,18422.00,250,4702400
20221123,09:19:08,18422.70,100,4702400
20221123,09:19:09,18422.00,450,4702400
20221123,09:19:10,18422.00,50,4702400
20221123,09:19:11,18422.00,150,4702400
20221123,09:19:12,18423.00,50,4702400
20221123,09:19:13,18423.00,150,4702400
20221123,09:19:14,18421.10,450,4702400
20221123,09:19:15,18421.50,50,4702400
20221123,09:19:16,18421.20,50,4702400
20221123,09:19:18,18419.60,250,4702400
20221123,09:19:20,18419.90,50,4702400
20221123,09:19:21,18420.65,150,4702400
20221123,09:19:22,18420.60,1700,4702400
20221123,09:19:23,18423.00,450,4702400
20221123,09:19:24,18421.40,750,4702400
20221123,09:19:28,18423.55,200,4702400
20221123,09:19:29,18422.15,600,4702400
20221123,09:19:30,18425.00,50,4702400
20221123,09:19:31,18424.00,50,4702400
20221123,09:19:32,18424.90,1000,4702400
20221123,09:19:33,18422.00,50,4702400
20221123,09:19:34,18424.90,100,4702400
20221123,09:19:35,18424.95,150,4702400
20221123,09:19:37,18425.00,550,4702400
20221123,09:19:38,18425.50,750,4702400
20221123,09:19:39,18425.75,200,4702400
20221123,09:19:40,18426.00,250,4702400
20221123,09:19:41,18424.00,1000,4702400
20221123,09:19:43,18425.00,200,4702400
20221123,09:19:44,18423.00,100,4702400
20221123,09:19:45,18425.00,600,4702400
20221123,09:19:47,18424.95,150,4702400
20221123,09:19:49,18422.75,250,4702400
20221123,09:19:50,18425.00,150,4702400
20221123,09:19:51,18425.00,200,4702400
20221123,09:19:52,18425.00,100,4702400
20221123,09:19:54,18423.60,300,4702400
20221123,09:19:56,18425.00,200,4702400
20221123,09:19:57,18426.00,350,4702400
20221123,09:19:58,18426.00,400,4702400
20221123,09:19:59,18425.75,50,4702400
20221123,09:20:00,18426.00,2150,4702400
20221123,09:20:01,18426.00,50,4702400
20221123,09:20:02,18426.65,400,4702400
20221123,09:20:03,18426.00,150,4702400
20221123,09:20:04,18426.65,900,4702400
20221123,09:20:05,18427.55,100,4702400
20221123,09:20:06,18426.00,950,4702400
20221123,09:20:08,18428.10,550,4702400
20221123,09:20:10,18428.60,2150,4702400
20221123,09:20:11,18426.00,500,4702400
20221123,09:20:14,18428.15,300,4702400
20221123,09:20:15,18428.70,450,4702400
20221123,09:20:16,18428.20,200,4702400
20221123,09:20:17,18429.20,1350,4702400
20221123,09:20:18,18428.55,250,4702400
20221123,09:20:20,18429.55,250,4702400
20221123,09:20:23,18429.00,300,4702400
20221123,09:20:24,18429.00,100,4702400
20221123,09:20:25,18428.10,150,4702400
20221123,09:20:26,18428.60,200,4702400
20221123,09:20:27,18427.90,450,4702400
20221123,09:20:29,18426.30,150,4702400
20221123,09:20:30,18424.75,100,4702400
20221123,09:20:31,18424.80,50,4702400
20221123,09:20:32,18426.00,500,4702400
20221123,09:20:33,18425.20,200,4702400
20221123,09:20:35,18426.30,50,4702400
20221123,09:20:38,18427.50,300,4702400
20221123,09:20:39,18427.50,250,4702400
20221123,09:20:40,18427.25,250,4728200
20221123,09:20:41,18425.00,400,4728200
20221123,09:20:42,18427.35,50,4728200
20221123,09:20:43,18425.20,100,4728200
20221123,09:20:44,18424.15,500,4728200
20221123,09:20:45,18427.35,100,4728200
20221123,09:20:46,18424.00,50,4728200
20221123,09:20:49,18424.00,50,4728200
20221123,09:20:50,18426.85,550,4728200
20221123,09:20:51,18426.70,50,4728200
20221123,09:20:52,18427.25,800,4728200
20221123,09:20:53,18425.05,150,4728200
20221123,09:20:54,18427.20,100,4728200
20221123,09:20:56,18424.00,50,4728200
20221123,09:20:57,18423.15,50,4728200
20221123,09:20:58,18426.70,50,4728200
20221123,09:20:59,18426.50,150,4728200
20221123,09:21:00,18426.40,150,4728200
20221123,09:21:01,18425.00,50,4728200
20221123,09:21:02,18427.00,200,4728200
20221123,09:21:03,18426.40,350,4728200
20221123,09:21:05,18427.45,100,4728200
20221123,09:21:05,18427.50,100,4728200
20221123,09:21:06,18427.65,700,4728200
20221123,09:21:07,18427.55,100,4728200
20221123,09:21:08,18426.90,150,4728200
20221123,09:21:09,18424.75,50,4728200
20221123,09:21:11,18425.95,450,4728200
20221123,09:21:11,18423.05,50,4728200
20221123,09:21:12,18425.75,1250,4728200
20221123,09:21:14,18425.20,100,4728200
20221123,09:21:15,18425.00,50,4728200
20221123,09:21:17,18424.65,100,4728200
20221123,09:21:18,18422.05,50,4728200
20221123,09:21:19,18422.00,50,4728200
20221123,09:21:20,18422.10,50,4728200
20221123,09:21:21,18422.15,150,4728200
20221123,09:21:23,18422.20,200,4728200
20221123,09:21:23,18422.05,100,4728200
20221123,09:21:26,18422.05,100,4728200
20221123,09:21:27,18424.00,150,4728200
20221123,09:21:30,18424.05,200,4728200
20221123,09:21:31,18424.60,100,4728200
20221123,09:21:32,18422.05,100,4728200
20221123,09:21:33,18424.70,450,4728200
20221123,09:21:34,18421.25,50,4728200
20221123,09:21:36,18424.75,50,4728200
20221123,09:21:40,18425.05,4050,4728200
20221123,09:21:41,18424.80,700,4728200
20221123,09:21:42,18425.75,150,4728200
20221123,09:21:43,18424.80,550,4728200
20221123,09:21:44,18424.85,500,4728200
20221123,09:21:47,18424.85,100,4728200
20221123,09:21:47,18424.90,150,4728200
20221123,09:21:49,18424.00,350,4728200
20221123,09:21:50,18424.85,200,4728200
20221123,09:21:52,18424.40,50,4728200
20221123,09:21:55,18424.40,50,4728200
20221123,09:21:57,18425.00,1050,4728200
20221123,09:21:59,18424.80,50,4728200
20221123,09:22:00,18424.80,100,4728200
20221123,09:22:01,18423.10,500,4728200
20221123,09:22:02,18425.00,300,4728200
20221123,09:22:03,18424.00,350,4728200
20221123,09:22:04,18422.80,200,4728200
20221123,09:22:05,18424.40,50,4728200
20221123,09:22:07,18424.00,50,4728200
20221123,09:22:09,18422.10,100,4728200
20221123,09:22:13,18422.10,600,4728200
20221123,09:22:15,18422.10,550,4728200
20221123,09:22:17,18422.15,150,4728200
20221123,09:22:22,18424.35,50,4728200
20221123,09:22:23,18424.35,100,4728200
20221123,09:22:25,18424.35,50,4728200
20221123,09:22:26,18424.40,100,4728200
20221123,09:22:30,18423.00,300,4728200
20221123,09:22:31,18424.35,100,4728200
20221123,09:22:36,18423.65,50,4728200
20221123,09:22:38,18423.65,50,4728200
20221123,09:22:40,18422.50,250,4728200
20221123,09:22:42,18423.85,150,4728200
20221123,09:22:43,18422.15,200,4728200
20221123,09:22:44,18422.90,50,4728200
20221123,09:22:48,18422.15,50,4728200
20221123,09:22:50,18422.15,200,4728200
20221123,09:22:51,18422.15,100,4728200
20221123,09:22:52,18422.00,50,4728200
20221123,09:22:53,18420.70,400,4728200
20221123,09:22:54,18420.65,100,4728200
20221123,09:22:56,18422.00,150,4728200
20221123,09:22:57,18421.80,850,4728200
20221123,09:22:59,18420.00,300,4728200
20221123,09:23:00,18421.40,1300,4728200
20221123,09:23:01,18420.00,700,4728200
20221123,09:23:03,18420.00,100,4728200
20221123,09:23:04,18420.00,1650,4728200
20221123,09:23:05,18419.80,50,4728200
20221123,09:23:08,18418.00,3750,4728200
20221123,09:23:08,18420.00,50,4728200
20221123,09:23:09,18419.00,50,4728200
20221123,09:23:10,18420.15,100,4728200
20221123,09:23:11,18418.00,1900,4728200
20221123,09:23:13,18419.30,50,4728200
20221123,09:23:14,18419.10,50,4728200
20221123,09:23:15,18418.70,1150,4728200
20221123,09:23:16,18418.00,1950,4728200
20221123,09:23:17,18418.00,100,4728200
20221123,09:23:19,18420.00,50,4728200
20221123,09:23:20,18418.00,1350,4728200
20221123,09:23:21,18420.00,350,4728200
20221123,09:23:22,18420.00,600,4728200
20221123,09:23:23,18419.00,1150,4728200
20221123,09:23:25,18419.00,1000,4728200
20221123,09:23:26,18420.00,100,4728200
20221123,09:23:27,18420.40,250,4728200
20221123,09:23:28,18420.40,400,4728200
20221123,09:23:29,18420.00,50,4728200
20221123,09:23:30,18420.00,100,4728200
20221123,09:23:32,18421.30,3050,4728200
20221123,09:23:34,18420.40,50,4728200
20221123,09:23:35,18420.40,50,4728200
20221123,09:23:36,18420.50,50,4728200
20221123,09:23:37,18420.50,100,4728200
20221123,09:23:39,18421.25,50,4728200
20221123,09:23:40,18421.25,50,4746050
20221123,09:23:42,18421.00,400,4746050
20221123,09:23:43,18421.00,50,4746050
20221123,09:23:45,18421.00,2400,4746050
20221123,09:23:46,18420.75,50,4746050
20221123,09:23:47,18421.45,50,4746050
20221123,09:23:50,18422.15,2350,4746050
20221123,09:23:51,18421.00,100,4746050
20221123,09:23:54,18421.00,2150,4746050
20221123,09:23:55,18421.90,200,4746050
20221123,09:23:58,18422.55,900,4746050
20221123,09:23:59,18421.05,50,4746050
20221123,09:24:00,18423.00,1800,4746050
20221123,09:24:01,18420.75,700,4746050
20221123,09:24:02,18421.90,150,4746050
20221123,09:24:03,18421.90,250,4746050
20221123,09:24:05,18420.75,700,4746050
20221123,09:24:08,18420.75,150,4746050
20221123,09:24:09,18420.80,700,4746050
20221123,09:24:10,18422.90,250,4746050
20221123,09:24:13,18422.90,50,4746050
20221123,09:24:15,18423.65,700,4746050
20221123,09:24:16,18421.00,350,4746050
20221123,09:24:17,18424.00,500,4746050
20221123,09:24:18,18423.90,1500,4746050
20221123,09:24:19,18423.50,150,4746050
20221123,09:24:20,18421.75,550,4746050
20221123,09:24:21,18421.75,50,4746050
20221123,09:24:22,18424.00,250,4746050
20221123,09:24:23,18425.00,550,4746050
20221123,09:24:24,18424.50,100,4746050
20221123,09:24:25,18425.00,300,4746050
20221123,09:24:26,18425.00,200,4746050
20221123,09:24:27,18425.25,700,4746050
20221123,09:24:28,18423.40,350,4746050
20221123,09:24:29,18425.00,50,4746050
20221123,09:24:31,18427.00,1050,4746050
20221123,09:24:32,18424.95,100,4746050
20221123,09:24:33,18425.50,150,4746050
20221123,09:24:34,18425.50,450,4746050
20221123,09:24:35,18426.75,200,4746050
20221123,09:24:37,18425.50,750,4746050
20221123,09:24:40,18425.50,850,4746050
20221123,09:24:42,18425.50,400,4746050
20221123,09:24:43,18426.00,200,4746050
20221123,09:24:44,18427.00,50,4746050
20221123,09:24:47,18426.00,100,4746050
20221123,09:24:48,18425.50,400,4746050
20221123,09:24:49,18426.50,1050,4746050
20221123,09:24:50,18426.50,50,4746050
20221123,09:24:51,18426.50,50,4746050
20221123,09:24:52,18426.50,350,4746050
20221123,09:24:53,18427.00,50,4746050
20221123,09:24:54,18427.00,50,4746050
20221123,09:24:55,18426.50,100,4746050
20221123,09:24:56,18426.50,350,4746050
20221123,09:24:58,18425.50,400,4746050
20221123,09:25:00,18426.50,300,4746050
20221123,09:25:01,18427.00,150,4746050
20221123,09:25:02,18426.50,450,4746050
20221123,09:25:03,18426.05,350,4746050
20221123,09:25:04,18426.50,250,4746050
20221123,09:25:05,18427.00,650,4746050
20221123,09:25:07,18426.50,400,4746050
20221123,09:25:08,18426.50,400,4746050
20221123,09:25:09,18426.50,50,4746050
20221123,09:25:10,18426.50,50,4746050
20221123,09:25:11,18427.10,400,4746050
20221123,09:25:12,18427.55,250,4746050
20221123,09:25:13,18426.80,450,4746050
20221123,09:25:14,18426.50,550,4746050
20221123,09:25:15,18426.00,600,4746050
20221123,09:25:16,18426.00,400,4746050
20221123,09:25:17,18425.50,250,4746050
20221123,09:25:19,18426.00,200,4746050
20221123,09:25:19,18426.00,150,4746050
20221123,09:25:20,18426.50,200,4746050
20221123,09:25:22,18427.85,350,4746050
20221123,09:25:24,18426.50,200,4746050
20221123,09:25:27,18427.75,50,4746050
20221123,09:25:28,18427.75,150,4746050
20221123,09:25:29,18427.75,1300,4746050
20221123,09:25:30,18427.75,300,4746050
20221123,09:25:31,18428.55,50,4746050
20221123,09:25:32,18429.00,250,4746050
20221123,09:25:33,18428.75,50,4746050
20221123,09:25:34,18427.75,50,4746050
20221123,09:25:35,18427.60,4400,4746050
20221123,09:25:35,18429.40,50,4746050
20221123,09:25:36,18429.95,500,4746050
20221123,09:25:37,18428.75,400,4746050
20221123,09:25:38,18429.75,150,4746050
20221123,09:25:39,18429.00,100,4746050
20221123,09:25:40,18428.55,150,4746050
20221123,09:25:42,18430.00,1800,4746050
20221123,09:25:43,18430.00,50,4746050
20221123,09:25:44,18430.30,100,4746050
20221123,09:25:45,18430.30,50,4746050
20221123,09:25:46,18428.75,500,4746050
20221123,09:25:47,18429.40,800,4746050
20221123,09:25:48,18429.45,100,4746050
20221123,09:25:51,18428.10,50,4746050
20221123,09:25:53,18428.05,300,4746050
20221123,09:25:54,18427.85,100,4746050
20221123,09:25:55,18428.20,300,4746050
20221123,09:25:56,18428.00,100,4746050
20221123,09:25:59,18426.00,500,4746050
20221123,09:25:59,18426.25,150,4746050
20221123,09:26:01,18427.45,50,4746050
20221123,09:26:03,18426.00,50,4746050
20221123,09:26:04,18426.00,100,4746050
20221123,09:26:05,18428.15,100,4746050
20221123,09:26:07,18427.40,50,4746050
20221123,09:26:08,18427.95,50,4746050
20221123,09:26:10,18427.75,850,4746050
20221123,09:26:10,18426.00,50,4746050
20221123,09:26:14,18426.00,1250,4746050
20221123,09:26:15,18425.85,50,4746050
20221123,09:26:16,18425.30,400,4746050
20221123,09:26:18,18425.10,100,4746050
20221123,09:26:21,18425.80,350,4746050
20221123,09:26:22,18426.00,150,4746050
20221123,09:26:23,18426.25,150,4746050
20221123,09:26:24,18428.00,100,4746050
20221123,09:26:26,18427.50,150,4746050
20221123,09:26:27,18427.35,50,4746050
20221123,09:26:28,18427.00,50,4746050
20221123,09:26:29,18427.00,50,4746050
20221123,09:26:30,18427.00,50,4746050
20221123,09:26:32,18427.00,300,4746050
20221123,09:26:33,18426.00,100,4746050
20221123,09:26:33,18427.00,50,4746050
20221123,09:26:34,18428.00,100,4746050
20221123,09:26:35,18428.00,100,4746050
20221123,09:26:36,18428.05,200,4746050
20221123,09:26:37,18428.15,50,4746050
20221123,09:26:39,18427.50,100,4746050
20221123,09:26:40,18426.05,250,4749900
20221123,09:26:41,18427.80,150,4749900
20221123,09:26:43,18428.15,50,4749900
20221123,09:26:45,18426.00,150,4749900
20221123,09:26:46,18428.00,50,4749900
20221123,09:26:47,18428.15,700,4749900
20221123,09:26:49,18428.20,150,4749900
20221123,09:26:53,18427.85,100,4749900
20221123,09:26:54,18427.85,50,4749900
20221123,09:26:55,18429.30,250,4749900
20221123,09:26:57,18425.50,500,4749900
20221123,09:26:58,18425.50,100,4749900
20221123,09:27:00,18425.80,50,4749900
20221123,09:27:01,18426.45,150,4749900
20221123,09:27:02,18427.65,200,4749900
20221123,09:27:04,18427.95,600,4749900
20221123,09:27:05,18425.80,200,4749900
20221123,09:27:06,18425.10,100,4749900
20221123,09:27:09,18426.05,350,4749900
20221123,09:27:10,18427.95,200,4749900
20221123,09:27:11,18425.15,50,4749900
20221123,09:27:12,18428.00,600,4749900
20221123,09:27:13,18427.95,100,4749900
20221123,09:27:15,18425.00,1350,4749900
20221123,09:27:16,18426.50,100,4749900
20221123,09:27:17,18427.60,100,4749900
20221123,09:27:18,18427.60,250,4749900
20221123,09:27:21,18425.00,50,4749900
20221123,09:27:22,18425.00,200,4749900
20221123,09:27:24,18425.00,50,4749900
20221123,09:27:28,18425.00,100,4749900
20221123,09:27:29,18428.00,50,4749900
20221123,09:27:30,18428.00,50,4749900
20221123,09:27:31,18426.45,50,4749900
20221123,09:27:32,18427.80,150,4749900
20221123,09:27:33,18427.80,350,4749900
20221123,09:27:34,18427.65,600,4749900
20221123,09:27:38,18425.00,100,4749900
20221123,09:27:39,18427.95,250,4749900
20221123,09:27:40,18427.95,1300,4749900
20221123,09:27:41,18425.00,150,4749900
20221123,09:27:44,18427.05,1750,4749900
20221123,09:27:45,18426.00,750,4749900
20221123,09:27:46,18428.00,200,4749900
20221123,09:27:47,18425.00,200,4749900
20221123,09:27:48,18426.50,100,4749900
20221123,09:27:49,18428.00,1400,4749900
20221123,09:27:50,18428.00,500,4749900
20221123,09:27:51,18426.55,150,4749900
20221123,09:27:52,18425.30,100,4749900
20221123,09:27:53,18425.10,300,4749900
20221123,09:27:53,18425.10,2100,4749900
20221123,09:27:54,18428.05,350,4749900
20221123,09:27:55,18429.95,350,4749900
20221123,09:27:56,18430.00,1650,4749900
20221123,09:27:58,18428.05,2000,4749900
20221123,09:27:59,18428.05,550,4749900
20221123,09:28:01,18428.05,1800,4749900
20221123,09:28:03,18428.75,50,4749900
20221123,09:28:05,18428.75,1250,4749900
20221123,09:28:06,18428.75,50,4749900
20221123,09:28:07,18429.05,350,4749900
20221123,09:28:09,18429.05,3600,4749900
20221123,09:28:10,18428.05,100,4749900
20221123,09:28:11,18429.40,50,4749900
20221123,09:28:12,18429.40,50,4749900
20221123,09:28:13,18429.75,50,4749900
20221123,09:28:14,18428.05,1400,4749900
20221123,09:28:15,18429.00,150,4749900
20221123,09:28:17,18429.00,1200,4749900
20221123,09:28:18,18429.65,100,4749900
20221123,09:28:19,18429.65,700,4749900
20221123,09:28:21,18429.00,100,4749900
20221123,09:28:22,18429.15,2250,4749900
20221123,09:28:24,18428.00,750,4749900
20221123,09:28:25,18429.95,300,4749900
20221123,09:28:26,18426.25,100,4749900
20221123,09:28:27,18426.25,50,4749900
20221123,09:28:28,18426.25,200,4749900
20221123,09:28:29,18426.25,50,4749900
20221123,09:28:31,18428.85,50,4749900
20221123,09:28:32,18428.85,150,4749900
20221123,09:28:33,18428.85,100,4749900
20221123,09:28:35,18429.00,50,4749900
20221123,09:28:38,18429.00,50,4749900
20221123,09:28:39,18426.00,100,4749900
20221123,09:28:41,18428.85,50,4749900
20221123,09:28:44,18425.25,150,4749900
20221123,09:28:45,18425.20,200,4749900
20221123,09:28:49,18428.20,250,4749900
20221123,09:28:50,18426.00,150,4749900
20221123,09:28:53,18426.00,200,4749900
20221123,09:28:53,18428.45,50,4749900
20221123,09:28:56,18428.40,100,4749900
20221123,09:28:57,18428.75,150,4749900
20221123,09:28:58,18428.00,150,4749900
20221123,09:29:00,18428.55,400,4749900
20221123,09:29:00,18428.55,100,4749900
20221123,09:29:02,18426.00,200,4749900
20221123,09:29:03,18426.00,150,4749900
20221123,09:29:04,18426.00,150,4749900
20221123,09:29:05,18426.00,100,4749900
20221123,09:29:06,18425.65,150,4749900
20221123,09:29:08,18428.75,50,4749900
20221123,09:29:08,18428.85,50,4749900
20221123,09:29:10,18429.00,100,4749900
20221123,09:29:11,18429.00,150,4749900
20221123,09:29:12,18429.10,200,4749900
20221123,09:29:13,18429.15,350,4749900
20221123,09:29:14,18429.00,100,4749900
20221123,09:29:17,18429.00,150,4749900
20221123,09:29:18,18426.50,100,4749900
20221123,09:29:22,18426.50,100,4749900
20221123,09:29:23,18426.50,250,4749900
20221123,09:29:23,18428.70,50,4749900
20221123,09:29:26,18426.20,10850,4749900
20221123,09:29:27,18428.90,1350,4749900
20221123,09:29:30,18428.90,950,4749900
20221123,09:29:31,18429.00,150,4749900
20221123,09:29:32,18429.00,4750,4749900
20221123,09:29:33,18426.00,200,4749900
20221123,09:29:34,18426.30,14050,4749900
20221123,09:29:36,18426.30,450,4749900
20221123,09:29:37,18426.20,250,4749900
20221123,09:29:39,18426.20,1250,4749900
20221123,09:29:40,18428.25,200,4813300
20221123,09:29:41,18428.00,1450,4813300
20221123,09:29:42,18427.50,100,4813300
20221123,09:29:43,18427.80,1150,4813300
20221123,09:29:44,18428.95,600,4813300
20221123,09:29:45,18428.35,2050,4813300
20221123,09:29:46,18429.00,1100,4813300
20221123,09:29:47,18429.00,100,4813300
20221123,09:29:48,18429.00,1000,4813300
20221123,09:29:49,18429.10,450,4813300
20221123,09:29:51,18429.10,48850,4813300
20221123,09:29:53,18428.25,50,4813300
20221123,09:29:54,18428.25,200,4813300
20221123,09:29:56,18426.35,150,4813300
20221123,09:29:57,18427.75,100,4813300
20221123,09:29:58,18428.90,350,4813300
20221123,09:29:59,18428.30,1250,4813300
20221123,09:30:00,18429.50,2250,4813300
20221123,09:30:01,18429.45,300,4813300
20221123,09:30:02,18429.05,200,4813300
20221123,09:30:03,18427.25,50,4813300
20221123,09:30:04,18427.05,150,4813300
20221123,09:30:05,18429.10,650,4813300
20221123,09:30:06,18430.00,50,4813300
20221123,09:30:07,18428.30,1950,4813300
20221123,09:30:08,18429.95,100,4813300
20221123,09:30:09,18429.80,100,4813300
20221123,09:30:12,18429.80,100,4813300
20221123,09:30:14,18428.10,550,4813300
20221123,09:30:16,18428.10,150,4813300
20221123,09:30:17,18427.50,2050,4813300
20221123,09:30:19,18429.40,2400,4813300
20221123,09:30:22,18429.40,250,4813300
20221123,09:30:23,18428.95,300,4813300
20221123,09:30:24,18428.00,50,4813300
20221123,09:30:26,18428.00,150,4813300
20221123,09:30:27,18428.90,200,4813300
20221123,09:30:28,18428.90,1900,4813300
20221123,09:30:30,18428.00,50,4813300
20221123,09:30:31,18428.55,2150,4813300
20221123,09:30:32,18428.00,50,4813300
20221123,09:30:33,18428.80,1150,4813300
20221123,09:30:34,18428.90,850,4813300
20221123,09:30:35,18428.00,2050,4813300
20221123,09:30:36,18428.55,100,4813300
20221123,09:30:37,18427.55,1950,4813300
20221123,09:30:38,18427.55,750,4813300
20221123,09:30:39,18428.80,2250,4813300
20221123,09:30:40,18428.80,1200,4813300
20221123,09:30:41,18428.45,2150,4813300
20221123,09:30:42,18428.45,250,4813300
20221123,09:30:44,18428.70,350,4813300
20221123,09:30:45,18428.80,150,4813300
20221123,09:30:46,18428.90,750,4813300
20221123,09:30:47,18426.60,150,4813300
20221123,09:30:48,18428.95,100,4813300
20221123,09:30:51,18426.40,450,4813300
20221123,09:30:53,18428.60,250,4813300
20221123,09:30:54,18428.60,450,4813300
20221123,09:30:56,18428.60,750,4813300
20221123,09:30:57,18428.25,200,4813300
20221123,09:30:58,18428.25,200,4813300
20221123,09:30:59,18427.70,550,4813300
20221123,09:31:00,18426.25,50,4813300
20221123,09:31:01,18426.25,150,4813300
20221123,09:31:02,18427.10,900,4813300
20221123,09:31:03,18426.25,350,4813300
20221123,09:31:04,18426.00,500,4813300
20221123,09:31:06,18425.10,750,4813300
20221123,09:31:07,18425.10,700,4813300
20221123,09:31:08,18425.00,1200,4813300
20221123,09:31:09,18425.00,100,4813300
20221123,09:31:10,18425.00,650,4813300
20221123,09:31:11,18423.00,4800,4813300
20221123,09:31:12,18424.85,500,4813300
20221123,09:31:13,18422.55,50,4813300
20221123,09:31:14,18425.00,700,4813300
20221123,09:31:15,18422.55,150,4813300
20221123,09:31:16,18422.95,250,4813300
20221123,09:31:17,18422.95,150,4813300
20221123,09:31:18,18426.05,600,4813300
20221123,09:31:20,18426.05,1800,4813300
20221123,09:31:21,18425.05,100,4813300
20221123,09:31:22,18426.90,1850,4813300
20221123,09:31:23,18424.10,150,4813300
20221123,09:31:24,18425.00,1600,4813300
20221123,09:31:26,18427.10,1900,4813300
20221123,09:31:27,18425.00,250,4813300
20221123,09:31:28,18426.75,50,4813300
20221123,09:31:30,18424.35,1450,4813300
20221123,09:31:31,18426.75,250,4813300
20221123,09:31:32,18426.75,100,4813300
20221123,09:31:33,18423.55,50,4813300
20221123,09:31:36,18423.55,600,4813300
20221123,09:31:38,18422.95,100,4813300
20221123,09:31:40,18423.60,600,4813300
20221123,09:31:42,18424.35,100,4813300
20221123,09:31:43,18425.00,50,4813300
20221123,09:31:45,18424.35,1400,4813300
20221123,09:31:47,18425.00,100,4813300
20221123,09:31:48,18426.00,100,4813300
20221123,09:31:50,18425.10,600,4813300
20221123,09:31:51,18425.00,200,4813300
20221123,09:31:52,18425.60,50,4813300
20221123,09:31:53,18426.05,700,4813300
20221123,09:31:55,18426.00,200,4813300
20221123,09:31:56,18423.60,550,4813300
20221123,09:32:00,18425.60,200,4813300
20221123,09:32:01,18425.00,900,4813300
20221123,09:32:02,18426.25,1550,4813300
20221123,09:32:04,18423.90,450,4813300
20221123,09:32:05,18425.60,200,4813300
20221123,09:32:06,18425.65,350,4813300
20221123,09:32:07,18425.20,250,4813300
20221123,09:32:08,18426.95,50,4813300
20221123,09:32:09,18426.10,50,4813300
20221123,09:32:11,18426.55,50,4813300
20221123,09:32:12,18425.00,200,4813300
20221123,09:32:13,18425.15,550,4813300
20221123,09:32:14,18423.10,250,4813300
20221123,09:32:16,18423.10,1800,4813300
20221123,09:32:17,18425.25,100,4813300
20221123,09:32:18,18425.30,150,4813300
20221123,09:32:19,18425.30,150,4813300
20221123,09:32:20,18426.05,150,4813300
20221123,09:32:21,18426.05,1250,4813300
20221123,09:32:22,18426.20,300,4813300
20221123,09:32:23,18426.60,300,4813300
20221123,09:32:24,18428.00,400,4813300
20221123,09:32:26,18428.45,750,4813300
20221123,09:32:26,18426.10,800,4813300
20221123,09:32:27,18427.70,1050,4813300
20221123,09:32:28,18428.20,900,4813300
20221123,09:32:29,18428.60,550,4813300
20221123,09:32:31,18429.00,950,4813300
20221123,09:32:32,18429.20,350,4813300
20221123,09:32:33,18428.60,100,4813300
20221123,09:32:34,18425.80,300,4813300
20221123,09:32:35,18429.15,50,4813300
20221123,09:32:36,18426.70,50,4813300
20221123,09:32:38,18428.20,100,4813300
20221123,09:32:39,18427.20,450,4813300
20221123,09:32:40,18427.20,150,4813300
20221123,09:32:41,18429.80,50,4929500
20221123,09:32:42,18429.80,200,4929500
20221123,09:32:44,18429.80,500,4929500
20221123,09:32:46,18427.25,100,4929500
20221123,09:32:47,18429.80,300,4929500
20221123,09:32:48,18427.25,200,4929500
20221123,09:32:50,18428.20,50,4929500
20221123,09:32:52,18429.20,200,4929500
20221123,09:32:52,18429.20,50,4929500
20221123,09:32:53,18426.70,50,4929500
20221123,09:32:55,18427.75,100,4929500
20221123,09:32:57,18428.70,50,4929500
20221123,09:32:58,18429.85,600,4929500
20221123,09:32:59,18429.85,150,4929500
20221123,09:33:00,18429.30,600,4929500
20221123,09:33:01,18429.85,100,4929500
20221123,09:33:02,18428.45,100,4929500
20221123,09:33:04,18429.85,100,4929500
20221123,09:33:05,18429.85,50,4929500
20221123,09:33:08,18430.00,6850,4929500
20221123,09:33:09,18430.80,4850,4929500
20221123,09:33:11,18431.00,100,4929500
20221123,09:33:12,18429.85,150,4929500
20221123,09:33:14,18430.80,1000,4929500
20221123,09:33:15,18430.80,250,4929500
20221123,09:33:16,18431.00,300,4929500
20221123,09:33:18,18429.85,650,4929500
20221123,09:33:19,18431.25,150,4929500
20221123,09:33:21,18430.00,50,4929500
20221123,09:33:25,18430.00,200,4929500
20221123,09:33:26,18430.00,350,4929500
20221123,09:33:28,18430.80,50,4929500
20221123,09:33:31,18430.00,400,4929500
20221123,09:33:31,18430.00,100,4929500
20221123,09:33:32,18430.00,300,4929500
20221123,09:33:33,18430.00,100,4929500
20221123,09:33:34,18430.00,500,4929500
20221123,09:33:35,18430.00,150,4929500
20221123,09:33:36,18428.00,600,4929500
20221123,09:33:37,18428.00,100,4929500
20221123,09:33:39,18430.00,500,4929500
20221123,09:33:40,18430.40,200,4929500
20221123,09:33:41,18430.30,1150,4929500
20221123,09:33:43,18430.90,450,4929500
20221123,09:33:44,18430.90,50,4929500
20221123,09:33:46,18431.40,250,4929500
20221123,09:33:47,18431.85,400,4929500
20221123,09:33:49,18436.25,5100,4929500
20221123,09:33:50,18435.95,550,4929500
20221123,09:33:51,18435.80,150,4929500
20221123,09:33:52,18433.05,400,4929500
20221123,09:33:53,18436.75,350,4929500
20221123,09:33:55,18436.75,100,4929500
20221123,09:33:56,18436.75,100,4929500
20221123,09:33:57,18433.05,550,4929500
20221123,09:33:58,18433.45,1150,4929500
20221123,09:33:59,18435.20,250,4929500
20221123,09:34:00,18434.00,1750,4929500
20221123,09:34:01,18434.75,50,4929500
20221123,09:34:03,18434.85,200,4929500
20221123,09:34:04,18432.85,1350,4929500
20221123,09:34:05,18431.45,50,4929500
20221123,09:34:06,18434.15,100,4929500
20221123,09:34:07,18434.15,200,4929500
20221123,09:34:08,18431.40,1500,4929500
20221123,09:34:10,18429.45,800,4929500
20221123,09:34:11,18431.40,150,4929500
20221123,09:34:12,18432.05,50,4929500
20221123,09:34:13,18431.75,200,4929500
20221123,09:34:15,18431.75,200,4929500
20221123,09:34:15,18431.75,1500,4929500
20221123,09:34:17,18429.00,300,4929500
20221123,09:34:18,18431.25,200,4929500
20221123,09:34:20,18431.40,150,4929500
20221123,09:34:22,18429.05,400,4929500
20221123,09:34:23,18431.40,50,4929500
20221123,09:34:24,18430.75,1550,4929500
20221123,09:34:25,18430.75,150,4929500
20221123,09:34:28,18429.85,50,4929500
20221123,09:34:29,18429.30,550,4929500
20221123,09:34:30,18431.00,50,4929500
20221123,09:34:31,18429.55,150,4929500
20221123,09:34:34,18431.40,200,4929500
20221123,09:34:35,18431.40,50,4929500
20221123,09:34:36,18429.60,50,4929500
20221123,09:34:41,18431.00,50,4929500
20221123,09:34:42,18431.00,50,4929500
20221123,09:34:44,18431.40,50,4929500
20221123,09:34:45,18431.40,900,4929500
20221123,09:34:45,18431.40,300,4929500
20221123,09:34:46,18435.00,350,4929500
20221123,09:34:47,18435.00,50,4929500
20221123,09:34:50,18431.30,50,4929500
20221123,09:34:52,18434.80,100,4929500
20221123,09:34:53,18433.00,200,4929500
20221123,09:34:55,18432.05,200,4929500
20221123,09:34:56,18432.05,100,4929500
20221123,09:34:57,18434.60,250,4929500
20221123,09:34:57,18434.60,100,4929500
20221123,09:34:58,18434.60,100,4929500
20221123,09:34:59,18432.30,150,4929500
20221123,09:35:02,18434.00,50,4929500
20221123,09:35:03,18434.00,150,4929500
20221123,09:35:04,18434.00,350,4929500
20221123,09:35:06,18434.35,200,4929500
20221123,09:35:07,18432.30,150,4929500
20221123,09:35:07,18433.80,200,4929500
20221123,09:35:08,18432.30,50,4929500
20221123,09:35:09,18433.80,100,4929500
20221123,09:35:10,18431.40,50,4929500
20221123,09:35:12,18433.20,150,4929500
20221123,09:35:13,18432.00,100,4929500
20221123,09:35:14,18433.45,500,4929500
20221123,09:35:18,18432.00,200,4929500
20221123,09:35:20,18431.40,50,4929500
20221123,09:35:21,18432.00,50,4929500
20221123,09:35:22,18432.00,100,4929500
20221123,09:35:23,18430.00,100,4929500
20221123,09:35:25,18431.50,50,4929500
20221123,09:35:26,18431.70,50,4929500
20221123,09:35:27,18430.00,300,4929500
20221123,09:35:29,18430.00,150,4929500
20221123,09:35:31,18430.00,50,4929500
20221123,09:35:33,18429.30,100,4929500
20221123,09:35:34,18430.00,100,4929500
20221123,09:35:35,18429.20,250,4929500
20221123,09:35:36,18432.00,100,4929500
20221123,09:35:40,18430.50,50,4929500
20221123,09:35:41,18433.00,300,4929500
20221123,09:35:44,18433.45,50,4960000
20221123,09:35:45,18432.00,550,4960000
20221123,09:35:46,18432.00,100,4960000
20221123,09:35:47,18432.00,150,4960000
20221123,09:35:51,18432.90,50,4960000
20221123,09:35:52,18432.00,50,4960000
20221123,09:35:54,18432.00,250,4960000
20221123,09:35:55,18432.00,50,4960000
20221123,09:35:56,18432.00,300,4960000
20221123,09:35:57,18432.45,750,4960000
20221123,09:35:59,18432.95,1450,4960000
20221123,09:36:00,18432.00,250,4960000
20221123,09:36:01,18432.00,100,4960000
20221123,09:36:02,18430.00,150,4960000
20221123,09:36:03,18432.00,700,4960000
20221123,09:36:06,18432.55,50,4960000
20221123,09:36:07,18432.00,400,4960000
20221123,09:36:08,18432.00,50,4960000
20221123,09:36:10,18432.00,550,4960000
20221123,09:36:14,18430.00,200,4960000
20221123,09:36:15,18432.00,200,4960000
20221123,09:36:16,18431.90,1750,4960000
20221123,09:36:16,18431.90,100,4960000
20221123,09:36:17,18430.95,50,4960000
20221123,09:36:18,18430.00,500,4960000
20221123,09:36:24,18430.00,50,4960000
20221123,09:36:26,18430.00,100,4960000
20221123,09:36:27,18430.00,450,4960000
20221123,09:36:30,18428.05,100,4960000
20221123,09:36:32,18430.00,150,4960000
20221123,09:36:34,18430.30,1800,4960000
20221123,09:36:38,18427.05,200,4960000
20221123,09:36:40,18427.05,1650,4960000
20221123,09:36:41,18428.45,50,4960000
20221123,09:36:43,18427.00,100,4960000
20221123,09:36:45,18427.00,1700,4960000
20221123,09:36:48,18429.55,1150,4960000
20221123,09:36:49,18426.40,50,4960000
20221123,09:36:53,18426.40,150,4960000
20221123,09:36:54,18426.30,150,4960000
20221123,09:36:57,18426.30,50,4960000
20221123,09:37:00,18428.00,100,4960000
20221123,09:37:02,18426.40,50,4960000
20221123,09:37:04,18426.40,100,4960000
20221123,09:37:05,18426.10,50,4960000
20221123,09:37:07,18427.05,100,4960000
20221123,09:37:08,18426.40,50,4960000
20221123,09:37:11,18426.40,50,4960000
20221123,09:37:15,18426.40,350,4960000
20221123,09:37:16,18426.50,50,4960000
20221123,09:37:17,18426.75,50,4960000
20221123,09:37:18,18428.00,50,4960000
20221123,09:37:20,18427.35,100,4960000
20221123,09:37:21,18427.80,100,4960000
20221123,09:37:23,18426.65,400,4960000
20221123,09:37:32,18426.20,50,4960000
20221123,09:37:33,18426.10,50,4960000
20221123,09:37:34,18427.00,300,4960000
20221123,09:37:36,18427.00,50,4960000
20221123,09:37:38,18426.00,500,4960000
20221123,09:37:39,18426.00,50,4960000
20221123,09:37:40,18426.00,250,4960000
20221123,09:37:40,18426.00,50,4960000
20221123,09:37:41,18426.00,700,4960000
20221123,09:37:43,18425.15,50,4960000
20221123,09:37:44,18425.15,50,4960000
20221123,09:37:45,18425.10,100,4960000
20221123,09:37:46,18425.10,450,4960000
20221123,09:37:46,18425.10,250,4960000
20221123,09:37:47,18425.00,100,4960000
20221123,09:37:48,18424.25,100,4960000
20221123,09:37:50,18424.25,200,4960000
20221123,09:37:51,18424.25,50,4960000
20221123,09:37:53,18423.00,150,4960000
20221123,09:37:54,18423.25,350,4960000
20221123,09:37:56,18424.30,100,4960000
20221123,09:38:01,18424.00,50,4960000
20221123,09:38:02,18424.10,150,4960000
20221123,09:38:04,18424.85,750,4960000
20221123,09:38:05,18424.85,700,4960000
20221123,09:38:06,18425.75,700,4960000
20221123,09:38:07,18425.00,450,4960000
20221123,09:38:08,18425.00,450,4960000
20221123,09:38:09,18424.85,1250,4960000
20221123,09:38:10,18423.25,150,4960000
20221123,09:38:11,18424.25,100,4960000
20221123,09:38:15,18423.90,50,4960000
20221123,09:38:16,18423.00,50,4960000
20221123,09:38:18,18422.05,450,4960000
20221123,09:38:19,18421.95,50,4960000
20221123,09:38:20,18424.20,50,4960000
20221123,09:38:24,18424.60,400,4960000
20221123,09:38:27,18422.50,150,4960000
20221123,09:38:29,18424.00,550,4960000
20221123,09:38:30,18424.00,50,4960000
20221123,09:38:32,18424.00,100,4960000
20221123,09:38:33,18424.00,1850,4960000
20221123,09:38:33,18424.00,150,4960000
20221123,09:38:35,18424.00,400,4960000
20221123,09:38:36,18423.00,850,4960000
20221123,09:38:37,18423.95,2000,4960000
20221123,09:38:38,18423.60,150,4960000
20221123,09:38:41,18423.95,50,4974950
20221123,09:38:43,18422.50,50,4974950
20221123,09:38:45,18421.55,300,4974950
20221123,09:38:45,18423.10,50,4974950
20221123,09:38:46,18423.10,1400,4974950
20221123,09:38:47,18423.15,1550,4974950
20221123,09:38:49,18422.60,100,4974950
20221123,09:38:51,18421.65,950,4974950
20221123,09:38:52,18423.25,50,4974950
20221123,09:38:54,18423.50,250,4974950
20221123,09:38:55,18424.10,200,4974950
20221123,09:38:56,18421.25,600,4974950
20221123,09:38:58,18424.10,600,4974950
20221123,09:38:59,18423.20,50,4974950
20221123,09:39:01,18422.00,100,4974950
20221123,09:39:02,18421.60,650,4974950
20221123,09:39:03,18423.25,600,4974950
20221123,09:39:03,18423.25,50,4974950
20221123,09:39:04,18423.25,50,4974950
20221123,09:39:05,18423.90,100,4974950
20221123,09:39:06,18423.90,350,4974950
20221123,09:39:08,18423.90,50,4974950
20221123,09:39:09,18423.90,400,4974950
20221123,09:39:10,18423.90,800,4974950
20221123,09:39:11,18423.90,100,4974950
20221123,09:39:12,18423.90,1000,4974950
20221123,09:39:14,18424.00,1000,4974950
20221123,09:39:15,18423.25,450,4974950
20221123,09:39:16,18423.25,900,4974950
20221123,09:39:18,18423.05,50,4974950
20221123,09:39:20,18421.00,700,4974950
20221123,09:39:22,18421.00,50,4974950
20221123,09:39:26,18421.95,14450,4974950
20221123,09:39:27,18420.55,50,4974950
20221123,09:39:28,18420.50,50,4974950
20221123,09:39:29,18421.75,150,4974950
20221123,09:39:30,18422.65,350,4974950
20221123,09:39:33,18421.15,50,4974950
20221123,09:39:34,18421.15,1100,4974950
20221123,09:39:41,18423.45,50,4974950
20221123,09:39:42,18422.75,2050,4974950
20221123,09:39:43,18423.50,350,4974950
20221123,09:39:46,18423.60,2850,4974950
20221123,09:39:48,18424.00,2600,4974950
20221123,09:39:49,18421.70,200,4974950
20221123,09:39:50,18424.00,100,4974950
20221123,09:39:53,18424.05,150,4974950
20221123,09:39:54,18424.05,550,4974950
20221123,09:39:57,18424.05,550,4974950
20221123,09:39:58,18424.05,2000,4974950
20221123,09:40:01,18422.25,2050,4974950
20221123,09:40:03,18423.15,50,4974950
20221123,09:40:05,18423.15,150,4974950
20221123,09:40:08,18422.60,600,4974950
20221123,09:40:10,18422.60,50,4974950
20221123,09:40:11,18422.00,50,4974950
20221123,09:40:12,18422.00,600,4974950
20221123,09:40:12,18422.00,50,4974950
20221123,09:40:14,18421.00,300,4974950
20221123,09:40:15,18420.10,650,4974950
20221123,09:40:16,18420.05,350,4974950
20221123,09:40:18,18420.05,100,4974950
20221123,09:40:19,18418.05,2000,4974950
20221123,09:40:20,18419.20,200,4974950
20221123,09:40:21,18418.00,200,4974950
20221123,09:40:22,18418.10,50,4974950
20221123,09:40:23,18417.10,1100,4974950
20221123,09:40:24,18416.10,150,4974950
20221123,09:40:25,18416.10,50,4974950
20221123,09:40:26,18415.45,100,4974950
20221123,09:40:28,18414.00,1950,4974950
20221123,09:40:28,18414.00,50,4974950
20221123,09:40:29,18414.00,50,4974950
20221123,09:40:31,18414.00,150,4974950
20221123,09:40:32,18414.00,200,4974950
20221123,09:40:33,18414.00,50,4974950
20221123,09:40:34,18414.00,200,4974950
20221123,09:40:35,18414.00,700,4974950
20221123,09:40:36,18415.25,350,4974950
20221123,09:40:37,18415.90,50,4974950
20221123,09:40:40,18416.55,50,4974950
20221123,09:40:41,18417.60,50,4974950
20221123,09:40:43,18417.25,50,4974950
20221123,09:40:45,18418.00,650,4974950
20221123,09:40:47,18418.00,250,4974950
20221123,09:40:48,18416.50,50,4974950
20221123,09:40:49,18419.80,850,4974950
20221123,09:40:50,18417.50,50,4974950
20221123,09:40:53,18418.55,300,4974950
20221123,09:40:54,18418.95,1300,4974950
20221123,09:40:55,18415.00,500,4974950
20221123,09:40:56,18415.10,1600,4974950
20221123,09:40:57,18416.65,300,4974950
20221123,09:40:58,18416.65,100,4974950
20221123,09:40:59,18415.00,50,4974950
20221123,09:41:01,18414.40,700,4974950
20221123,09:41:02,18414.00,50,4974950
20221123,09:41:03,18414.00,2250,4974950
20221123,09:41:04,18413.00,800,4974950
20221123,09:41:05,18411.95,1700,4974950
20221123,09:41:06,18413.80,600,4974950
20221123,09:41:07,18414.20,950,4974950
20221123,09:41:08,18414.20,250,4974950
20221123,09:41:09,18414.20,150,4974950
20221123,09:41:10,18414.20,900,4974950
20221123,09:41:12,18411.95,750,4974950
20221123,09:41:13,18411.60,50,4974950
20221123,09:41:14,18412.35,100,4974950
20221123,09:41:15,18412.10,50,4974950
20221123,09:41:17,18412.40,100,4974950
20221123,09:41:19,18412.30,50,4974950
20221123,09:41:20,18412.80,50,4974950
20221123,09:41:21,18412.65,100,4974950
20221123,09:41:21,18412.65,50,4974950
20221123,09:41:23,18412.75,750,4974950
20221123,09:41:24,18414.20,150,4974950
20221123,09:41:25,18412.70,250,4974950
20221123,09:41:26,18412.65,100,4974950
20221123,09:41:27,18413.10,150,4974950
20221123,09:41:28,18414.00,400,4974950
20221123,09:41:29,18414.00,100,4974950
20221123,09:41:31,18414.45,50,4974950
20221123,09:41:32,18414.00,400,4974950
20221123,09:41:33,18412.40,50,4974950
20221123,09:41:34,18412.25,250,4974950
20221123,09:41:35,18414.75,150,4974950
20221123,09:41:36,18412.45,200,4974950
20221123,09:41:37,18412.65,150,4974950
20221123,09:41:38,18412.75,250,4974950
20221123,09:41:39,18411.00,50,4974950
20221123,09:41:40,18411.00,300,4974950
20221123,09:41:42,18411.00,150,5009050
20221123,09:41:43,18411.00,50,5009050
20221123,09:41:44,18411.00,50,5009050
20221123,09:41:45,18411.00,100,5009050
20221123,09:41:46,18412.50,100,5009050
20221123,09:41:48,18412.00,50,5009050
20221123,09:41:49,18412.00,100,5009050
20221123,09:41:54,18411.20,150,5009050
20221123,09:41:55,18411.00,150,5009050
20221123,09:41:57,18411.60,250,5009050
20221123,09:41:58,18412.00,100,5009050
20221123,09:41:59,18412.00,100,5009050
20221123,09:42:00,18411.10,50,5009050
20221123,09:42:02,18412.00,250,5009050
20221123,09:42:03,18411.00,50,5009050
20221123,09:42:04,18411.00,50,5009050
20221123,09:42:05,18411.00,350,5009050
20221123,09:42:07,18411.95,150,5009050
20221123,09:42:09,18411.00,150,5009050
20221123,09:42:10,18411.00,100,5009050
20221123,09:42:11,18411.00,50,5009050
20221123,09:42:13,18411.25,100,5009050
20221123,09:42:15,18411.25,150,5009050
20221123,09:42:19,18411.00,400,5009050
20221123,09:42:20,18411.25,50,5009050
20221123,09:42:21,18411.00,1450,5009050
20221123,09:42:22,18411.00,150,5009050
20221123,09:42:24,18411.05,50,5009050
20221123,09:42:25,18411.05,50,5009050
20221123,09:42:26,18411.05,50,5009050
20221123,09:42:27,18411.05,50,5009050
20221123,09:42:28,18411.00,100,5009050
20221123,09:42:29,18411.45,200,5009050
20221123,09:42:30,18411.45,1250,5009050
20221123,09:42:31,18411.55,50,5009050
20221123,09:42:32,18411.25,100,5009050
20221123,09:42:33,18411.00,50,5009050
20221123,09:42:35,18411.00,250,5009050
20221123,09:42:37,18412.00,50,5009050
20221123,09:42:38,18411.00,100,5009050
20221123,09:42:39,18411.05,50,5009050
20221123,09:42:40,18411.20,450,5009050
20221123,09:42:43,18411.95,100,5009050
20221123,09:42:44,18411.85,50,5009050
20221123,09:42:45,18411.05,100,5009050
20221123,09:42:46,18411.85,150,5009050
20221123,09:42:47,18414.00,700,5009050
20221123,09:42:48,18412.20,450,5009050
20221123,09:42:52,18412.20,50,5009050
20221123,09:42:53,18411.10,200,5009050
20221123,09:42:54,18411.00,350,5009050
20221123,09:42:55,18412.95,150,5009050
20221123,09:42:56,18413.75,100,5009050
20221123,09:42:58,18413.30,150,5009050
20221123,09:42:59,18412.00,150,5009050
20221123,09:43:00,18412.00,150,5009050
20221123,09:43:01,18412.00,400,5009050
20221123,09:43:02,18412.00,1400,5009050
20221123,09:43:03,18412.00,3900,5009050
20221123,09:43:05,18411.25,50,5009050
20221123,09:43:06,18411.30,150,5009050
20221123,09:43:07,18411.00,400,5009050
20221123,09:43:08,18411.15,50,5009050
20221123,09:43:09,18411.40,250,5009050
20221123,09:43:10,18411.50,200,5009050
20221123,09:43:11,18411.40,300,5009050
20221123,09:43:13,18411.00,100,5009050
20221123,09:43:18,18411.00,100,5009050
20221123,09:43:21,18411.00,350,5009050
20221123,09:43:23,18411.45,50,5009050
20221123,09:43:24,18411.00,100,5009050
20221123,09:43:25,18411.00,150,5009050
20221123,09:43:26,18411.00,150,5009050
20221123,09:43:27,18411.00,150,5009050
20221123,09:43:29,18411.00,450,5009050
20221123,09:43:30,18411.50,50,5009050
20221123,09:43:33,18411.00,400,5009050
20221123,09:43:34,18411.00,100,5009050
20221123,09:43:35,18411.00,150,5009050
20221123,09:43:36,18411.00,600,5009050
20221123,09:43:37,18411.50,450,5009050
20221123,09:43:38,18412.25,400,5009050
20221123,09:43:40,18412.35,50,5009050
20221123,09:43:41,18412.50,550,5009050
20221123,09:43:42,18412.50,200,5009050
20221123,09:43:43,18412.60,50,5009050
20221123,09:43:46,18412.60,250,5009050
20221123,09:43:47,18411.00,50,5009050
20221123,09:43:48,18411.00,50,5009050
20221123,09:43:49,18411.10,100,5009050
20221123,09:43:51,18411.35,1250,5009050
20221123,09:43:52,18412.90,100,5009050
20221123,09:43:54,18411.10,50,5009050
20221123,09:43:55,18413.35,200,5009050
20221123,09:43:57,18411.10,100,5009050
20221123,09:44:02,18412.65,50,5009050
20221123,09:44:03,18411.10,250,5009050
20221123,09:44:04,18411.95,200,5009050
20221123,09:44:05,18412.90,100,5009050
20221123,09:44:06,18413.10,50,5009050
20221123,09:44:07,18411.00,150,5009050
20221123,09:44:10,18411.90,100,5009050
20221123,09:44:11,18411.15,50,5009050
20221123,09:44:12,18411.30,150,5009050
20221123,09:44:13,18413.90,350,5009050
20221123,09:44:15,18411.45,300,5009050
20221123,09:44:16,18411.30,50,5009050
20221123,09:44:17,18411.95,750,5009050
20221123,09:44:19,18411.70,550,5009050
20221123,09:44:20,18412.60,100,5009050
20221123,09:44:21,18413.65,650,5009050
20221123,09:44:22,18413.95,300,5009050
20221123,09:44:27,18414.50,350,5009050
20221123,09:44:32,18413.95,50,5009050
20221123,09:44:33,18413.35,50,5009050
20221123,09:44:34,18413.35,50,5009050
20221123,09:44:35,18412.00,200,5009050
20221123,09:44:36,18413.35,100,5009050
20221123,09:44:38,18412.95,250,5009050
20221123,09:44:41,18411.10,50,5009050
20221123,09:44:42,18411.00,250,5002050
20221123,09:44:43,18411.00,100,5002050
20221123,09:44:44,18411.50,250,5002050
20221123,09:44:46,18411.15,100,5002050
20221123,09:44:47,18411.10,100,5002050
20221123,09:44:48,18411.10,200,5002050
20221123,09:44:49,18411.00,300,5002050
20221123,09:44:50,18411.00,550,5002050
20221123,09:44:51,18410.00,50,5002050
20221123,09:44:52,18410.90,150,5002050
20221123,09:44:54,18410.90,50,5002050
20221123,09:44:55,18411.10,650,5002050
20221123,09:44:56,18411.15,200,5002050
20221123,09:44:57,18411.15,50,5002050
20221123,09:45:00,18411.40,350,5002050
20221123,09:45:01,18411.15,100,5002050
20221123,09:45:03,18410.50,200,5002050
20221123,09:45:04,18410.00,200,5002050
20221123,09:45:08,18410.40,100,5002050
20221123,09:45:09,18410.45,200,5002050
20221123,09:45:10,18408.00,850,5002050
20221123,09:45:11,18407.00,200,5002050
20221123,09:45:12,18406.10,150,5002050
20221123,09:45:13,18406.00,50,5002050
20221123,09:45:15,18408.50,200,5002050
20221123,09:45:15,18408.25,50,5002050
20221123,09:45:16,18408.60,200,5002050
20221123,09:45:17,18407.00,300,5002050
20221123,09:45:20,18406.70,150,5002050
20221123,09:45:22,18406.90,200,5002050
20221123,09:45:24,18407.00,50,5002050
20221123,09:45:25,18407.00,550,5002050
20221123,09:45:27,18407.15,50,5002050
20221123,09:45:28,18407.25,200,5002050
20221123,09:45:29,18407.50,400,5002050
20221123,09:45:30,18408.00,50,5002050
20221123,09:45:31,18408.50,600,5002050
20221123,09:45:33,18407.80,50,5002050
20221123,09:45:34,18407.50,100,5002050
20221123,09:45:35,18407.00,100,5002050
20221123,09:45:39,18407.00,50,5002050
20221123,09:45:41,18406.30,300,5002050
20221123,09:45:42,18406.30,100,5002050
20221123,09:45:44,18406.30,50,5002050
20221123,09:45:45,18406.30,550,5002050
20221123,09:45:46,18406.05,100,5002050
20221123,09:45:48,18406.55,50,5002050
20221123,09:45:50,18405.35,550,5002050
20221123,09:45:50,18405.05,50,5002050
20221123,09:45:51,18405.45,450,5002050
20221123,09:45:52,18405.00,100,5002050
20221123,09:45:53,18405.00,200,5002050
20221123,09:45:55,18405.15,100,5002050
20221123,09:45:56,18405.40,250,5002050
20221123,09:45:57,18405.40,1650,5002050
20221123,09:45:58,18405.50,400,5002050
20221123,09:45:59,18405.85,600,5002050
20221123,09:46:01,18405.65,150,5002050
20221123,09:46:01,18405.00,100,5002050
20221123,09:46:02,18405.00,200,5002050
20221123,09:46:03,18403.45,700,5002050
20221123,09:46:04,18404.15,200,5002050
20221123,09:46:05,18403.75,2000,5002050
20221123,09:46:07,18405.00,200,5002050
20221123,09:46:08,18405.00,150,5002050
20221123,09:46:09,18403.45,50,5002050
20221123,09:46:10,18403.35,100,5002050
20221123,09:46:12,18405.00,500,5002050
20221123,09:46:14,18403.60,1700,5002050
20221123,09:46:15,18403.30,650,5002050
20221123,09:46:16,18403.60,450,5002050
20221123,09:46:18,18403.00,750,5002050
20221123,09:46:19,18403.30,1050,5002050
20221123,09:46:20,18403.45,50,5002050
20221123,09:46:20,18403.25,50,5002050
20221123,09:46:21,18403.25,50,5002050
20221123,09:46:22,18402.40,500,5002050
20221123,09:46:23,18403.50,350,5002050
20221123,09:46:26,18402.55,150,5002050
20221123,09:46:27,18402.35,700,5002050
20221123,09:46:28,18402.35,50,5002050
20221123,09:46:31,18402.35,200,5002050
20221123,09:46:32,18402.40,50,5002050
20221123,09:46:33,18402.35,300,5002050
20221123,09:46:34,18402.40,550,5002050
20221123,09:46:35,18402.40,50,5002050
20221123,09:46:37,18402.35,1300,5002050
20221123,09:46:38,18402.35,300,5002050
20221123,09:46:39,18402.40,100,5002050
20221123,09:46:42,18402.35,450,5002050
20221123,09:46:43,18402.55,250,5002050
20221123,09:46:43,18402.80,100,5002050
20221123,09:46:44,18403.60,650,5002050
20221123,09:46:45,18404.00,500,5002050
20221123,09:46:46,18404.50,100,5002050
20221123,09:46:47,18404.50,100,5002050
20221123,09:46:48,18403.75,200,5002050
20221123,09:46:51,18404.50,200,5002050
20221123,09:46:51,18403.60,50,5002050
20221123,09:46:52,18403.30,600,5002050
20221123,09:46:55,18403.75,150,5002050
20221123,09:46:56,18403.55,50,5002050
20221123,09:46:56,18403.75,50,5002050
20221123,09:46:58,18403.75,100,5002050
20221123,09:46:59,18404.00,1500,5002050
20221123,09:47:00,18404.00,50,5002050
20221123,09:47:01,18404.65,200,5002050
20221123,09:47:02,18404.00,500,5002050
20221123,09:47:03,18404.15,950,5002050
20221123,09:47:06,18404.45,100,5002050
20221123,09:47:07,18404.45,50,5002050
20221123,09:47:08,18405.00,500,5002050
20221123,09:47:10,18403.75,150,5002050
20221123,09:47:11,18404.95,100,5002050
20221123,09:47:11,18404.00,50,5002050
20221123,09:47:12,18404.95,100,5002050
20221123,09:47:13,18403.30,100,5002050
20221123,09:47:14,18403.25,50,5002050
20221123,09:47:16,18404.45,350,5002050
20221123,09:47:17,18403.15,150,5002050
20221123,09:47:18,18404.40,100,5002050
20221123,09:47:19,18404.40,150,5002050
20221123,09:47:20,18405.00,350,5002050
20221123,09:47:22,18405.00,100,5002050
20221123,09:47:23,18403.15,200,5002050
20221123,09:47:24,18403.15,600,5002050
20221123,09:47:25,18403.00,100,5002050
20221123,09:47:26,18403.00,50,5002050
20221123,09:47:28,18403.15,50,5002050
20221123,09:47:29,18403.15,50,5002050
20221123,09:47:30,18403.00,50,5002050
20221123,09:47:31,18403.00,50,5002050
20221123,09:47:33,18403.00,50,5002050
20221123,09:47:34,18403.15,600,5002050
20221123,09:47:37,18403.00,50,5002050
20221123,09:47:39,18403.00,400,5002050
20221123,09:47:41,18403.00,50,5002050
20221123,09:47:45,18403.00,100,5016000
20221123,09:47:46,18403.00,100,5016000
20221123,09:47:47,18403.00,50,5016000
20221123,09:47:48,18403.00,100,5016000
20221123,09:47:50,18403.15,100,5016000
20221123,09:47:51,18402.55,2050,5016000
20221123,09:47:53,18402.00,50,5016000
20221123,09:47:54,18402.55,250,5016000
20221123,09:47:55,18403.00,350,5016000
20221123,09:47:56,18403.00,400,5016000
20221123,09:47:58,18403.00,800,5016000
20221123,09:48:00,18402.45,250,5016000
20221123,09:48:01,18403.00,650,5016000
20221123,09:48:02,18403.00,150,5016000
20221123,09:48:03,18402.50,150,5016000
20221123,09:48:04,18402.00,50,5016000
20221123,09:48:05,18401.95,200,5016000
20221123,09:48:06,18404.00,700,5016000
20221123,09:48:07,18404.00,50,5016000
20221123,09:48:08,18404.00,150,5016000
20221123,09:48:10,18404.00,450,5016000
20221123,09:48:11,18404.95,1250,5016000
20221123,09:48:12,18404.00,150,5016000
20221123,09:48:13,18404.75,100,5016000
20221123,09:48:14,18404.95,50,5016000
20221123,09:48:15,18404.70,50,5016000
20221123,09:48:16,18404.55,100,5016000
20221123,09:48:17,18404.60,850,5016000
20221123,09:48:18,18404.40,650,5016000
20221123,09:48:19,18405.00,550,5016000
20221123,09:48:20,18405.00,800,5016000
20221123,09:48:21,18406.00,1950,5016000
20221123,09:48:22,18407.70,400,5016000
20221123,09:48:23,18407.70,50,5016000
20221123,09:48:24,18407.70,50,5016000
20221123,09:48:26,18407.70,700,5016000
20221123,09:48:27,18406.65,150,5016000
20221123,09:48:29,18406.20,150,5016000
20221123,09:48:30,18406.20,50,5016000
20221123,09:48:31,18407.70,1700,5016000
20221123,09:48:32,18407.70,700,5016000
20221123,09:48:34,18407.70,400,5016000
20221123,09:48:35,18407.70,300,5016000
20221123,09:48:37,18407.25,50,5016000
20221123,09:48:38,18407.10,150,5016000
20221123,09:48:39,18407.70,50,5016000
20221123,09:48:41,18407.05,50,5016000
20221123,09:48:42,18407.70,150,5016000
20221123,09:48:44,18408.00,150,5016000
20221123,09:48:45,18408.80,100,5016000
20221123,09:48:46,18409.50,350,5016000
20221123,09:48:48,18409.50,250,5016000
20221123,09:48:49,18409.20,100,5016000
20221123,09:48:51,18409.20,150,5016000
20221123,09:48:53,18409.80,250,5016000
20221123,09:48:56,18409.70,300,5016000
20221123,09:48:58,18409.70,50,5016000
20221123,09:48:59,18409.85,100,5016000
20221123,09:49:01,18410.00,200,5016000
20221123,09:49:03,18411.50,300,5016000
20221123,09:49:03,18411.50,50,5016000
20221123,09:49:04,18412.15,100,5016000
20221123,09:49:05,18412.15,100,5016000
20221123,09:49:07,18411.95,400,5016000
20221123,09:49:08,18412.00,50,5016000
20221123,09:49:09,18411.10,50,5016000
20221123,09:49:09,18411.30,200,5016000
20221123,09:49:10,18410.80,50,5016000
20221123,09:49:11,18410.80,850,5016000
20221123,09:49:13,18410.10,350,5016000
20221123,09:49:14,18410.45,100,5016000
20221123,09:49:16,18410.45,50,5016000
20221123,09:49:17,18410.00,50,5016000
20221123,09:49:18,18410.45,50,5016000
20221123,09:49:20,18413.25,600,5016000
20221123,09:49:21,18410.95,150,5016000
20221123,09:49:22,18410.95,50,5016000
20221123,09:49:23,18410.95,50,5016000
20221123,09:49:24,18413.00,2250,5016000
20221123,09:49:26,18412.10,200,5016000
20221123,09:49:29,18410.40,200,5016000
20221123,09:49:30,18410.40,50,5016000
20221123,09:49:31,18412.15,200,5016000
20221123,09:49:32,18412.15,100,5016000
20221123,09:49:33,18410.35,50,5016000
20221123,09:49:35,18412.65,150,5016000
20221123,09:49:36,18412.65,150,5016000
20221123,09:49:37,18411.00,50,5016000
20221123,09:49:38,18412.15,2000,5016000
20221123,09:49:40,18412.50,350,5016000
20221123,09:49:41,18412.50,50,5016000
20221123,09:49:43,18412.50,100,5016000
20221123,09:49:44,18410.70,300,5016000
20221123,09:49:45,18412.50,100,5016000
20221123,09:49:46,18412.50,150,5016000
20221123,09:49:47,18412.50,200,5016000
20221123,09:49:49,18412.50,100,5016000
20221123,09:49:52,18412.60,150,5016000
20221123,09:49:54,18412.85,50,5016000
20221123,09:49:55,18412.85,200,5016000
20221123,09:49:57,18412.50,150,5016000
20221123,09:49:58,18414.00,100,5016000
20221123,09:49:59,18414.85,200,5016000
20221123,09:50:00,18413.00,100,5016000
20221123,09:50:01,18413.30,250,5016000
20221123,09:50:03,18412.80,50,5016000
20221123,09:50:04,18412.15,350,5016000
20221123,09:50:05,18412.30,100,5016000
20221123,09:50:06,18411.80,100,5016000
20221123,09:50:07,18410.95,150,5016000
20221123,09:50:09,18410.40,300,5016000
20221123,09:50:10,18410.95,100,5016000
20221123,09:50:12,18413.00,50,5016000
20221123,09:50:13,18411.70,100,5016000
20221123,09:50:14,18414.35,150,5016000
20221123,09:50:17,18411.95,50,5016000
20221123,09:50:19,18415.00,300,5016000
20221123,09:50:20,18413.10,50,5016000
20221123,09:50:21,18414.95,50,5016000
20221123,09:50:23,18415.00,200,5016000
20221123,09:50:24,18415.00,100,5016000
20221123,09:50:25,18412.20,50,5016000
20221123,09:50:26,18412.15,50,5016000
20221123,09:50:28,18413.10,50,5016000
20221123,09:50:30,18412.75,2200,5016000
20221123,09:50:31,18413.70,650,5016000
20221123,09:50:32,18413.70,1300,5016000
20221123,09:50:34,18413.70,50,5016000
20221123,09:50:35,18414.90,100,5016000
20221123,09:50:37,18414.75,600,5016000
20221123,09:50:38,18414.25,50,5016000
20221123,09:50:43,18413.85,200,5016000
20221123,09:50:44,18413.35,100,5030650
20221123,09:50:46,18413.20,1700,5030650
20221123,09:50:47,18413.35,200,5030650
20221123,09:50:48,18411.75,100,5030650
20221123,09:50:49,18413.65,1150,5030650
20221123,09:50:54,18413.15,400,5030650
20221123,09:50:55,18414.00,50,5030650
20221123,09:50:57,18412.00,300,5030650
20221123,09:50:58,18412.00,100,5030650
20221123,09:50:59,18414.00,100,5030650
20221123,09:51:01,18414.80,450,5030650
20221123,09:51:06,18414.70,350,5030650
20221123,09:51:07,18414.75,50,5030650
20221123,09:51:09,18414.00,150,5030650
20221123,09:51:11,18411.60,100,5030650
20221123,09:51:14,18412.30,50,5030650
20221123,09:51:15,18412.30,50,5030650
20221123,09:51:20,18413.00,100,5030650
20221123,09:51:22,18413.00,50,5030650
20221123,09:51:24,18412.30,50,5030650
20221123,09:51:28,18412.30,50,5030650
20221123,09:51:29,18414.00,200,5030650
20221123,09:51:31,18413.05,50,5030650
20221123,09:51:32,18413.80,50,5030650
20221123,09:51:34,18413.80,1150,5030650
20221123,09:51:35,18413.00,150,5030650
20221123,09:51:36,18413.00,300,5030650
20221123,09:51:39,18413.80,200,5030650
20221123,09:51:41,18413.00,50,5030650
20221123,09:51:45,18413.50,50,5030650
20221123,09:51:46,18413.50,50,5030650
20221123,09:51:47,18415.00,150,5030650
20221123,09:51:48,18415.50,1050,5030650
20221123,09:51:53,18415.50,200,5030650
20221123,09:51:54,18413.70,400,5030650
20221123,09:51:55,18415.50,50,5030650
20221123,09:51:56,18414.55,50,5030650
20221123,09:51:59,18415.10,1950,5030650
20221123,09:52:00,18415.05,150,5030650
20221123,09:52:02,18417.75,250,5030650
20221123,09:52:04,18418.25,550,5030650
20221123,09:52:05,18417.95,100,5030650
20221123,09:52:06,18417.90,50,5030650
20221123,09:52:08,18417.60,50,5030650
20221123,09:52:09,18417.15,150,5030650
20221123,09:52:11,18417.55,100,5030650
20221123,09:52:12,18415.00,50,5030650
20221123,09:52:13,18416.95,50,5030650
20221123,09:52:14,18414.20,100,5030650
20221123,09:52:15,18416.30,50,5030650
20221123,09:52:16,18414.00,150,5030650
20221123,09:52:19,18417.10,350,5030650
20221123,09:52:20,18414.05,150,5030650
20221123,09:52:21,18413.85,100,5030650
20221123,09:52:22,18415.30,100,5030650
20221123,09:52:23,18414.00,150,5030650
20221123,09:52:25,18414.00,100,5030650
20221123,09:52:26,18415.75,100,5030650
20221123,09:52:27,18414.00,50,5030650
20221123,09:52:28,18414.00,100,5030650
20221123,09:52:30,18414.30,100,5030650
20221123,09:52:32,18414.40,100,5030650
20221123,09:52:33,18414.30,100,5030650
20221123,09:52:34,18414.00,50,5030650
20221123,09:52:37,18413.25,50,5030650
20221123,09:52:40,18413.05,50,5030650
20221123,09:52:46,18413.00,50,5030650
20221123,09:52:48,18413.00,250,5030650
20221123,09:52:50,18413.05,150,5030650
20221123,09:52:51,18413.00,50,5030650
20221123,09:52:52,18413.00,50,5030650
20221123,09:52:53,18413.25,50,5030650
20221123,09:52:54,18413.25,50,5030650
20221123,09:52:55,18414.00,250,5030650
20221123,09:52:58,18413.50,100,5030650
20221123,09:53:01,18413.00,100,5030650
20221123,09:53:04,18413.00,1550,5030650
20221123,09:53:06,18412.00,150,5030650
20221123,09:53:07,18412.65,300,5030650
20221123,09:53:09,18412.10,300,5030650
20221123,09:53:12,18411.60,50,5030650
20221123,09:53:13,18411.15,150,5030650
20221123,09:53:14,18411.70,450,5030650
20221123,09:53:15,18411.00,50,5030650
20221123,09:53:16,18410.45,500,5030650
20221123,09:53:17,18410.65,700,5030650
20221123,09:53:18,18410.00,100,5030650
20221123,09:53:19,18409.10,50,5030650
20221123,09:53:20,18409.05,100,5030650
20221123,09:53:21,18409.10,50,5030650
20221123,09:53:22,18409.10,50,5030650
20221123,09:53:23,18409.05,100,5030650
20221123,09:53:24,18409.00,50,5030650
20221123,09:53:25,18409.15,50,5030650
20221123,09:53:26,18409.30,700,5030650
20221123,09:53:30,18410.00,50,5030650
20221123,09:53:31,18410.90,150,5030650
20221123,09:53:32,18409.60,50,5030650
20221123,09:53:36,18408.00,450,5030650
20221123,09:53:37,18409.05,50,5030650
20221123,09:53:38,18407.95,50,5030650
20221123,09:53:40,18407.85,150,5030650
20221123,09:53:42,18408.40,150,5030650
20221123,09:53:44,18409.00,150,5030650
20221123,09:53:45,18409.05,3000,5045600
20221123,09:53:46,18409.05,50,5045600
20221123,09:53:47,18408.25,100,5045600
20221123,09:53:52,18408.55,300,5045600
20221123,09:53:53,18408.25,50,5045600
20221123,09:53:54,18408.55,550,5045600
20221123,09:53:55,18408.00,50,5045600
20221123,09:53:56,18408.00,50,5045600
20221123,09:53:57,18409.05,350,5045600
20221123,09:53:59,18409.05,50,5045600
20221123,09:54:00,18408.65,250,5045600
20221123,09:54:01,18409.05,200,5045600
20221123,09:54:03,18409.05,100,5045600
20221123,09:54:04,18408.25,250,5045600
20221123,09:54:06,18408.75,50,5045600
20221123,09:54:07,18408.35,50,5045600
20221123,09:54:08,18408.15,50,5045600
20221123,09:54:09,18408.15,50,5045600
20221123,09:54:10,18408.15,150,5045600
20221123,09:54:13,18408.05,50,5045600
20221123,09:54:15,18408.20,50,5045600
20221123,09:54:16,18408.05,100,5045600
20221123,09:54:17,18410.00,150,5045600
20221123,09:54:18,18408.00,50,5045600
20221123,09:54:19,18407.85,50,5045600
20221123,09:54:20,18408.00,50,5045600
20221123,09:54:21,18408.00,50,5045600
20221123,09:54:22,18408.00,100,5045600
20221123,09:54:23,18408.00,50,5045600
20221123,09:54:25,18406.55,150,5045600
20221123,09:54:26,18406.10,50,5045600
20221123,09:54:27,18405.95,350,5045600
20221123,09:54:28,18405.65,300,5045600
20221123,09:54:30,18405.65,50,5045600
20221123,09:54:32,18407.00,150,5045600
20221123,09:54:33,18405.60,200,5045600
20221123,09:54:34,18405.90,250,5045600
20221123,09:54:36,18405.65,150,5045600
20221123,09:54:37,18405.75,1150,5045600
20221123,09:54:38,18405.15,300,5045600
20221123,09:54:41,18405.90,50,5045600
20221123,09:54:42,18405.10,300,5045600
20221123,09:54:43,18405.00,600,5045600
20221123,09:54:44,18404.95,100,5045600
20221123,09:54:45,18404.00,50,5045600
20221123,09:54:47,18402.70,300,5045600
20221123,09:54:48,18401.40,500,5045600
20221123,09:54:50,18401.00,100,5045600
20221123,09:54:51,18400.05,450,5045600
20221123,09:54:52,18400.70,100,5045600
20221123,09:54:53,18400.00,600,5045600
20221123,09:54:54,18400.00,300,5045600
20221123,09:54:55,18400.00,1650,5045600
20221123,09:54:56,18399.70,100,5045600
20221123,09:54:57,18399.35,50,5045600
20221123,09:54:58,18399.35,1450,5045600
20221123,09:54:59,18400.20,150,5045600
20221123,09:55:00,18400.00,550,5045600
20221123,09:55:01,18400.20,300,5045600
20221123,09:55:02,18399.90,250,5045600
20221123,09:55:03,18400.10,950,5045600
20221123,09:55:04,18399.90,200,5045600
20221123,09:55:05,18400.00,200,5045600
20221123,09:55:06,18400.45,750,5045600
20221123,09:55:07,18400.30,300,5045600
20221123,09:55:08,18400.70,350,5045600
20221123,09:55:10,18400.95,600,5045600
20221123,09:55:11,18400.35,700,5045600
20221123,09:55:12,18401.05,150,5045600
20221123,09:55:13,18400.25,100,5045600
20221123,09:55:14,18400.00,100,5045600
20221123,09:55:15,18399.70,250,5045600
20221123,09:55:16,18399.25,50,5045600
20221123,09:55:17,18399.25,700,5045600
20221123,09:55:18,18399.00,350,5045600
20221123,09:55:19,18398.55,250,5045600
20221123,09:55:20,18399.50,750,5045600
20221123,09:55:21,18399.60,250,5045600
20221123,09:55:22,18399.10,1150,5045600
20221123,09:55:24,18398.35,1550,5045600
20221123,09:55:25,18398.55,300,5045600
20221123,09:55:26,18399.50,50,5045600
20221123,09:55:28,18398.70,1200,5045600
20221123,09:55:30,18399.50,50,5045600
20221123,09:55:31,18399.00,150,5045600
20221123,09:55:33,18398.25,1600,5045600
20221123,09:55:35,18398.40,3400,5045600
20221123,09:55:36,18398.00,2050,5045600
20221123,09:55:37,18397.80,2600,5045600
20221123,09:55:39,18398.30,1050,5045600
20221123,09:55:41,18398.10,50,5045600
20221123,09:55:45,18398.10,100,5045600
20221123,09:55:46,18397.60,700,5045600
20221123,09:55:47,18397.20,1050,5045600
20221123,09:55:48,18397.15,1800,5045600
20221123,09:55:50,18398.25,800,5045600
20221123,09:55:50,18398.30,350,5045600
20221123,09:55:51,18400.00,300,5045600
20221123,09:55:52,18399.25,100,5045600
20221123,09:55:54,18399.20,600,5045600
20221123,09:55:55,18399.05,2050,5045600
20221123,09:55:57,18399.00,550,5045600
20221123,09:55:57,18400.00,100,5045600
20221123,09:55:58,18399.45,400,5045600
20221123,09:55:59,18399.25,450,5045600
20221123,09:56:00,18399.65,1050,5045600
20221123,09:56:01,18399.15,2550,5045600
20221123,09:56:03,18399.20,650,5045600
20221123,09:56:03,18399.20,50,5045600
20221123,09:56:04,18398.60,250,5045600
20221123,09:56:05,18398.60,1500,5045600
20221123,09:56:06,18398.35,200,5045600
20221123,09:56:07,18398.60,1900,5045600
20221123,09:56:09,18398.60,450,5045600
20221123,09:56:09,18398.50,1500,5045600
20221123,09:56:10,18398.65,2000,5045600
20221123,09:56:11,18398.30,1100,5045600
20221123,09:56:12,18398.40,2850,5045600
20221123,09:56:14,18397.50,2000,5045600
20221123,09:56:15,18398.00,1100,5045600
20221123,09:56:16,18398.30,1400,5045600
20221123,09:56:17,18399.65,850,5045600
20221123,09:56:18,18397.30,1250,5045600
20221123,09:56:20,18397.50,700,5045600
20221123,09:56:21,18397.50,500,5045600
20221123,09:56:22,18397.25,250,5045600
20221123,09:56:23,18397.85,400,5045600
20221123,09:56:24,18398.45,300,5045600
20221123,09:56:25,18399.00,50,5045600
20221123,09:56:27,18398.10,100,5045600
20221123,09:56:28,18398.10,100,5045600
20221123,09:56:29,18398.55,700,5045600
20221123,09:56:33,18398.75,300,5045600
20221123,09:56:34,18398.25,150,5045600
20221123,09:56:36,18398.25,300,5045600
20221123,09:56:38,18398.50,250,5045600
20221123,09:56:41,18398.75,250,5045600
20221123,09:56:42,18400.00,250,5045600
20221123,09:56:43,18398.50,400,5045600
20221123,09:56:44,18398.50,550,5045600
20221123,09:56:47,18398.25,100,5048800
20221123,09:56:48,18400.10,600,5048800
20221123,09:56:49,18397.15,500,5048800
20221123,09:56:50,18397.55,200,5048800
20221123,09:56:51,18398.50,100,5048800
20221123,09:56:53,18398.60,100,5048800
20221123,09:56:55,18398.60,50,5048800
20221123,09:56:57,18398.60,50,5048800
20221123,09:57:00,18398.00,250,5048800
20221123,09:57:01,18398.10,100,5048800
20221123,09:57:02,18397.10,150,5048800
20221123,09:57:03,18396.15,250,5048800
20221123,09:57:04,18396.00,200,5048800
20221123,09:57:06,18396.00,150,5048800
20221123,09:57:09,18397.45,150,5048800
20221123,09:57:10,18397.45,550,5048800
20221123,09:57:11,18399.65,850,5048800
20221123,09:57:14,18397.25,350,5048800
20221123,09:57:15,18396.30,100,5048800
20221123,09:57:16,18397.25,650,5048800
20221123,09:57:17,18397.25,200,5048800
20221123,09:57:20,18396.15,200,5048800
20221123,09:57:22,18396.15,50,5048800
20221123,09:57:25,18398.00,150,5048800
20221123,09:57:27,18398.00,50,5048800
20221123,09:57:28,18397.70,300,5048800
20221123,09:57:29,18399.50,50,5048800
20221123,09:57:31,18397.35,1150,5048800
20221123,09:57:32,18397.20,200,5048800
20221123,09:57:35,18397.25,200,5048800
20221123,09:57:36,18399.55,100,5048800
20221123,09:57:44,18398.40,250,5048800
20221123,09:57:46,18399.55,100,5048800
20221123,09:57:50,18397.45,50,5048800
20221123,09:57:51,18396.95,150,5048800
20221123,09:57:52,18396.00,200,5048800
20221123,09:57:53,18397.45,50,5048800
20221123,09:57:54,18397.45,3850,5048800
20221123,09:57:55,18396.95,50,5048800
20221123,09:57:57,18396.00,50,5048800
20221123,09:57:58,18397.40,350,5048800
20221123,09:57:58,18396.95,250,5048800
20221123,09:57:59,18397.00,50,5048800
20221123,09:58:00,18397.00,50,5048800
20221123,09:58:03,18397.80,50,5048800
20221123,09:58:05,18396.40,50,5048800
20221123,09:58:08,18397.00,550,5048800
20221123,09:58:10,18397.00,100,5048800
20221123,09:58:11,18396.35,50,5048800
20221123,09:58:12,18396.35,150,5048800
20221123,09:58:16,18396.00,50,5048800
20221123,09:58:17,18395.90,650,5048800
20221123,09:58:18,18396.65,50,5048800
20221123,09:58:19,18396.70,250,5048800
20221123,09:58:23,18397.00,150,5048800
20221123,09:58:25,18396.60,400,5048800
20221123,09:58:26,18396.00,50,5048800
20221123,09:58:27,18397.00,100,5048800
20221123,09:58:29,18397.00,200,5048800
20221123,09:58:31,18397.80,100,5048800
20221123,09:58:32,18397.80,100,5048800
20221123,09:58:33,18397.90,100,5048800
20221123,09:58:34,18397.35,100,5048800
20221123,09:58:38,18399.70,150,5048800
20221123,09:58:39,18399.70,100,5048800
20221123,09:58:40,18400.00,400,5048800
20221123,09:58:41,18400.00,650,5048800
20221123,09:58:43,18400.00,150,5048800
20221123,09:58:44,18398.10,150,5048800
20221123,09:58:45,18398.45,150,5048800
20221123,09:58:47,18398.30,200,5048800
20221123,09:58:48,18400.00,2550,5048800
20221123,09:58:48,18397.90,200,5048800
20221123,09:58:49,18400.00,150,5048800
20221123,09:58:50,18400.00,250,5048800
20221123,09:58:51,18398.70,50,5048800
20221123,09:58:52,18400.00,300,5048800
20221123,09:58:54,18399.95,550,5048800
20221123,09:58:55,18400.00,400,5048800
20221123,09:58:56,18400.00,100,5048800
20221123,09:58:57,18400.00,150,5048800
20221123,09:58:58,18401.00,250,5048800
20221123,09:59:00,18400.15,100,5048800
20221123,09:59:02,18400.15,3700,5048800
20221123,09:59:04,18400.45,100,5048800
20221123,09:59:05,18400.45,50,5048800
20221123,09:59:06,18402.45,1050,5048800
20221123,09:59:07,18400.60,150,5048800
20221123,09:59:09,18401.15,1700,5048800
20221123,09:59:10,18401.20,100,5048800
20221123,09:59:12,18403.40,400,5048800
20221123,09:59:13,18403.50,150,5048800
20221123,09:59:15,18401.15,350,5048800
20221123,09:59:16,18401.40,50,5048800
20221123,09:59:18,18403.50,350,5048800
20221123,09:59:19,18403.50,350,5048800
20221123,09:59:20,18402.10,50,5048800
20221123,09:59:22,18402.10,100,5048800
20221123,09:59:23,18403.40,200,5048800
20221123,09:59:24,18402.00,200,5048800
20221123,09:59:24,18400.45,50,5048800
20221123,09:59:25,18401.95,300,5048800
20221123,09:59:27,18401.95,50,5048800
20221123,09:59:29,18401.95,100,5048800
20221123,09:59:30,18400.10,750,5048800
20221123,09:59:34,18401.00,50,5048800
20221123,09:59:35,18401.00,50,5048800
20221123,09:59:36,18400.00,800,5048800
20221123,09:59:37,18400.00,250,5048800
20221123,09:59:38,18401.00,150,5048800
20221123,09:59:40,18401.00,50,5048800
20221123,09:59:41,18400.00,300,5048800
20221123,09:59:42,18400.15,50,5048800
20221123,09:59:43,18400.00,1350,5048800
20221123,09:59:44,18400.00,150,5048800
20221123,09:59:45,18400.00,300,5068350
20221123,09:59:47,18400.15,100,5068350
20221123,09:59:48,18400.00,450,5068350
20221123,09:59:49,18399.50,300,5068350
20221123,09:59:49,18399.50,100,5068350
20221123,09:59:50,18400.00,100,5068350
20221123,09:59:51,18399.20,100,5068350
20221123,09:59:52,18399.20,50,5068350
20221123,09:59:53,18398.60,100,5068350
20221123,09:59:54,18398.60,50,5068350
20221123,09:59:56,18398.10,150,5068350
20221123,09:59:57,18400.70,350,5068350
20221123,09:59:58,18398.00,1600,5068350
20221123,10:00:01,18399.15,50,5068350
20221123,10:00:03,18399.05,650,5068350
20221123,10:00:04,18399.90,450,5068350
20221123,10:00:06,18399.50,1200,5068350
20221123,10:00:08,18399.35,250,5068350
20221123,10:00:09,18399.55,600,5068350
20221123,10:00:10,18399.90,150,5068350
20221123,10:00:11,18399.90,350,5068350
20221123,10:00:14,18399.90,200,5068350
20221123,10:00:16,18401.95,400,5068350
20221123,10:00:17,18399.90,50,5068350
20221123,10:00:18,18399.90,700,5068350
20221123,10:00:19,18401.95,50,5068350
20221123,10:00:20,18399.55,800,5068350
20221123,10:00:21,18398.65,550,5068350
20221123,10:00:22,18398.60,1050,5068350
20221123,10:00:23,18398.60,850,5068350
20221123,10:00:26,18399.25,300,5068350
20221123,10:00:27,18398.60,550,5068350
20221123,10:00:28,18398.50,650,5068350
20221123,10:00:28,18399.45,350,5068350
20221123,10:00:33,18399.55,50,5068350
20221123,10:00:34,18398.70,250,5068350
20221123,10:00:37,18399.00,50,5068350
20221123,10:00:38,18399.10,50,5068350
20221123,10:00:40,18398.40,950,5068350
20221123,10:00:41,18395.70,3100,5068350
20221123,10:00:42,18397.75,200,5068350
20221123,10:00:44,18397.75,150,5068350
20221123,10:00:45,18396.50,200,5068350
20221123,10:00:46,18397.65,150,5068350
20221123,10:00:47,18396.30,700,5068350
20221123,10:00:48,18396.10,100,5068350
20221123,10:00:49,18396.10,50,5068350
20221123,10:00:52,18396.10,200,5068350
20221123,10:00:53,18396.30,250,5068350
20221123,10:00:55,18397.65,700,5068350
20221123,10:00:56,18398.30,200,5068350
20221123,10:00:58,18398.30,50,5068350
20221123,10:00:59,18398.90,100,5068350
20221123,10:01:00,18398.60,50,5068350
20221123,10:01:01,18398.30,50,5068350
20221123,10:01:02,18396.70,50,5068350
20221123,10:01:06,18399.45,300,5068350
20221123,10:01:12,18397.80,1950,5068350
20221123,10:01:13,18397.80,200,5068350
20221123,10:01:15,18399.45,100,5068350
20221123,10:01:16,18399.45,1650,5068350
20221123,10:01:17,18398.10,500,5068350
20221123,10:01:21,18398.60,350,5068350
20221123,10:01:22,18399.40,200,5068350
20221123,10:01:23,18398.95,150,5068350
20221123,10:01:24,18399.45,50,5068350
20221123,10:01:26,18400.00,350,5068350
20221123,10:01:27,18399.00,100,5068350
20221123,10:01:28,18398.75,150,5068350
20221123,10:01:29,18400.00,50,5068350
20221123,10:01:30,18400.00,200,5068350
20221123,10:01:32,18400.00,150,5068350
20221123,10:01:33,18401.00,50,5068350
20221123,10:01:34,18401.00,100,5068350
20221123,10:01:35,18399.95,500,5068350
20221123,10:01:36,18400.50,50,5068350
20221123,10:01:37,18400.25,100,5068350
20221123,10:01:40,18399.15,100,5068350
20221123,10:01:41,18398.95,1250,5068350
20221123,10:01:43,18398.75,50,5068350
20221123,10:01:46,18399.00,450,5068350
20221123,10:01:48,18401.70,50,5068350
20221123,10:01:50,18400.25,50,5068350
20221123,10:01:51,18401.90,50,5068350
20221123,10:01:51,18400.25,50,5068350
20221123,10:01:58,18399.10,50,5068350
20221123,10:01:59,18398.60,400,5068350
20221123,10:02:05,18398.50,200,5068350
20221123,10:02:10,18398.00,150,5068350
20221123,10:02:11,18397.40,100,5068350
20221123,10:02:12,18397.00,100,5068350
20221123,10:02:14,18398.35,100,5068350
20221123,10:02:16,18396.10,100,5068350
20221123,10:02:20,18396.10,100,5068350
20221123,10:02:23,18396.10,150,5068350
20221123,10:02:24,18396.15,50,5068350
20221123,10:02:27,18396.85,50,5068350
20221123,10:02:30,18397.15,50,5068350
20221123,10:02:32,18398.60,150,5068350
20221123,10:02:33,18397.35,150,5068350
20221123,10:02:34,18397.35,50,5068350
20221123,10:02:35,18399.30,200,5068350
20221123,10:02:35,18400.00,50,5068350
20221123,10:02:37,18398.65,650,5068350
20221123,10:02:38,18399.15,200,5068350
20221123,10:02:39,18399.30,150,5068350
20221123,10:02:40,18398.60,100,5068350
20221123,10:02:41,18398.45,100,5068350
20221123,10:02:41,18398.45,1800,5068350
20221123,10:02:42,18398.50,400,5068350
20221123,10:02:45,18400.00,50,5081050
20221123,10:02:46,18399.00,50,5081050
20221123,10:02:47,18400.00,200,5081050
20221123,10:02:48,18398.95,200,5081050
20221123,10:02:49,18398.95,150,5081050
20221123,10:02:49,18398.95,50,5081050
20221123,10:02:51,18398.05,250,5081050
20221123,10:02:53,18398.95,150,5081050
20221123,10:02:54,18398.95,50,5081050
20221123,10:02:56,18398.20,100,5081050
20221123,10:02:57,18398.95,100,5081050
20221123,10:03:02,18398.40,1700,5081050
20221123,10:03:04,18400.00,650,5081050
20221123,10:03:05,18403.40,200,5081050
20221123,10:03:10,18404.35,2150,5081050
20221123,10:03:12,18401.20,100,5081050
20221123,10:03:15,18401.70,150,5081050
20221123,10:03:16,18401.65,150,5081050
20221123,10:03:17,18401.65,300,5081050
20221123,10:03:18,18401.65,250,5081050
20221123,10:03:19,18401.65,100,5081050
20221123,10:03:21,18401.20,100,5081050
20221123,10:03:21,18401.20,50,5081050
20221123,10:03:23,18404.00,150,5081050
20221123,10:03:24,18404.40,50,5081050
20221123,10:03:25,18402.55,250,5081050
20221123,10:03:26,18402.50,100,5081050
20221123,10:03:27,18405.00,250,5081050
20221123,10:03:28,18405.00,50,5081050
20221123,10:03:29,18402.60,100,5081050
20221123,10:03:33,18405.50,950,5081050
20221123,10:03:34,18403.10,50,5081050
20221123,10:03:37,18403.10,50,5081050
20221123,10:03:38,18403.95,100,5081050
20221123,10:03:40,18403.95,100,5081050
20221123,10:03:41,18403.40,150,5081050
20221123,10:03:43,18404.00,50,5081050
20221123,10:03:44,18404.95,50,5081050
20221123,10:03:45,18406.05,200,5081050
20221123,10:03:46,18406.05,50,5081050
20221123,10:03:47,18405.00,250,5081050
20221123,10:03:48,18405.00,2000,5081050
20221123,10:03:49,18405.00,200,5081050
20221123,10:03:51,18405.00,250,5081050
20221123,10:03:53,18405.00,250,5081050
20221123,10:03:54,18405.00,1450,5081050
20221123,10:03:55,18404.00,200,5081050
20221123,10:03:56,18403.10,550,5081050
20221123,10:03:58,18403.10,100,5081050
20221123,10:03:59,18405.00,550,5081050
20221123,10:04:01,18406.90,350,5081050
20221123,10:04:03,18406.90,50,5081050
20221123,10:04:04,18402.80,50,5081050
20221123,10:04:07,18403.10,150,5081050
20221123,10:04:08,18404.25,100,5081050
20221123,10:04:09,18405.10,50,5081050
20221123,10:04:10,18404.90,150,5081050
20221123,10:04:12,18404.90,150,5081050
20221123,10:04:13,18404.90,100,5081050
20221123,10:04:15,18403.20,50,5081050
20221123,10:04:16,18404.90,100,5081050
20221123,10:04:18,18404.10,2150,5081050
20221123,10:04:19,18404.90,300,5081050
20221123,10:04:23,18404.15,250,5081050
20221123,10:04:24,18404.90,150,5081050
20221123,10:04:25,18405.00,200,5081050
20221123,10:04:26,18407.00,50,5081050
20221123,10:04:28,18408.70,200,5081050
20221123,10:04:29,18405.00,150,5081050
20221123,10:04:31,18405.00,50,5081050
20221123,10:04:33,18405.20,150,5081050
20221123,10:04:34,18405.20,50,5081050
20221123,10:04:35,18405.20,50,5081050
20221123,10:04:37,18405.25,50,5081050
20221123,10:04:39,18405.20,150,5081050
20221123,10:04:42,18406.05,450,5081050
20221123,10:04:43,18403.10,350,5081050
20221123,10:04:46,18404.40,150,5081050
20221123,10:04:47,18405.00,1750,5081050
20221123,10:04:48,18403.55,100,5081050
20221123,10:04:49,18406.00,950,5081050
20221123,10:04:52,18406.00,1650,5081050
20221123,10:04:54,18403.35,150,5081050
20221123,10:04:55,18403.55,200,5081050
20221123,10:04:56,18405.95,50,5081050
20221123,10:04:57,18403.35,150,5081050
20221123,10:04:58,18403.45,300,5081050
20221123,10:05:00,18403.00,100,5081050
20221123,10:05:01,18403.45,50,5081050
20221123,10:05:02,18403.45,300,5081050
20221123,10:05:07,18401.55,100,5081050
20221123,10:05:10,18401.50,50,5081050
20221123,10:05:11,18401.50,50,5081050
20221123,10:05:12,18401.15,50,5081050
20221123,10:05:14,18404.35,100,5081050
20221123,10:05:15,18404.40,1100,5081050
20221123,10:05:16,18401.70,150,5081050
20221123,10:05:20,18401.70,200,5081050
20221123,10:05:21,18402.60,350,5081050
20221123,10:05:22,18402.15,100,5081050
20221123,10:05:23,18402.05,100,5081050
20221123,10:05:24,18402.05,50,5081050
20221123,10:05:25,18402.00,50,5081050
20221123,10:05:27,18405.60,150,5081050
20221123,10:05:28,18403.35,150,5081050
20221123,10:05:32,18402.25,100,5081050
20221123,10:05:33,18402.05,50,5081050
20221123,10:05:34,18402.90,50,5081050
20221123,10:05:37,18403.00,350,5081050
20221123,10:05:41,18403.00,50,5081050
20221123,10:05:43,18405.65,150,5081050
20221123,10:05:45,18404.65,50,5081050
20221123,10:05:46,18404.65,50,5104650
20221123,10:05:48,18404.00,50,5104650
20221123,10:05:50,18405.40,200,5104650
20221123,10:05:52,18404.15,150,5104650
20221123,10:05:53,18404.45,950,5104650
20221123,10:05:54,18404.15,50,5104650
20221123,10:05:58,18402.10,400,5104650
20221123,10:06:02,18402.10,100,5104650
20221123,10:06:04,18402.00,100,5104650
20221123,10:06:05,18402.00,50,5104650
20221123,10:06:07,18402.00,50,5104650
20221123,10:06:10,18402.00,100,5104650
20221123,10:06:12,18402.00,50,5104650
20221123,10:06:15,18401.75,50,5104650
20221123,10:06:18,18401.70,50,5104650
20221123,10:06:22,18401.70,50,5104650
20221123,10:06:24,18401.70,100,5104650
20221123,10:06:27,18401.00,50,5104650
20221123,10:06:28,18400.75,100,5104650
20221123,10:06:30,18400.10,50,5104650
20221123,10:06:32,18400.10,50,5104650
20221123,10:06:34,18400.10,100,5104650
20221123,10:06:35,18400.55,200,5104650
20221123,10:06:38,18400.25,50,5104650
20221123,10:06:40,18400.20,150,5104650
20221123,10:06:41,18400.40,50,5104650
20221123,10:06:42,18400.40,100,5104650
20221123,10:06:43,18400.40,50,5104650
20221123,10:06:46,18401.05,50,5104650
20221123,10:06:52,18401.05,50,5104650
20221123,10:06:54,18403.55,900,5104650
20221123,10:06:56,18401.90,850,5104650
20221123,10:06:57,18401.90,150,5104650
20221123,10:06:58,18401.90,50,5104650
20221123,10:07:02,18401.85,600,5104650
20221123,10:07:03,18401.90,250,5104650
20221123,10:07:05,18401.90,150,5104650
20221123,10:07:07,18401.05,300,5104650
20221123,10:07:08,18401.90,2350,5104650
20221123,10:07:11,18401.90,50,5104650
20221123,10:07:14,18401.00,100,5104650
20221123,10:07:15,18400.20,100,5104650
20221123,10:07:17,18400.95,50,5104650
20221123,10:07:18,18400.95,100,5104650
20221123,10:07:19,18400.05,600,5104650
20221123,10:07:21,18400.05,100,5104650
20221123,10:07:22,18400.10,100,5104650
20221123,10:07:23,18400.00,100,5104650
20221123,10:07:24,18400.10,100,5104650
20221123,10:07:25,18400.10,350,5104650
20221123,10:07:26,18400.20,150,5104650
20221123,10:07:27,18401.95,300,5104650
20221123,10:07:28,18402.00,100,5104650
20221123,10:07:30,18400.80,150,5104650
20221123,10:07:32,18400.75,400,5104650
20221123,10:07:36,18400.45,100,5104650
20221123,10:07:37,18400.45,150,5104650
20221123,10:07:41,18400.30,50,5104650
20221123,10:07:42,18400.00,50,5104650
20221123,10:07:43,18400.00,200,5104650
20221123,10:07:44,18400.00,300,5104650
20221123,10:07:46,18400.00,150,5104650
20221123,10:07:47,18398.15,50,5104650
20221123,10:07:49,18398.05,100,5104650
20221123,10:07:50,18398.05,50,5104650
20221123,10:07:51,18398.05,300,5104650
20221123,10:07:53,18400.05,250,5104650
20221123,10:07:56,18400.05,100,5104650
20221123,10:07:57,18398.05,1300,5104650
20221123,10:08:00,18398.10,100,5104650
20221123,10:08:01,18400.00,50,5104650
20221123,10:08:03,18398.00,450,5104650
20221123,10:08:06,18398.20,150,5104650
20221123,10:08:09,18398.25,150,5104650
20221123,10:08:10,18398.25,150,5104650
20221123,10:08:11,18398.20,250,5104650
20221123,10:08:12,18399.10,50,5104650
20221123,10:08:13,18400.00,50,5104650
20221123,10:08:14,18400.00,100,5104650
20221123,10:08:15,18398.30,50,5104650
20221123,10:08:16,18398.30,100,5104650
20221123,10:08:17,18398.30,50,5104650
20221123,10:08:18,18398.30,50,5104650
20221123,10:08:19,18398.30,50,5104650
20221123,10:08:20,18398.30,50,5104650
20221123,10:08:21,18398.95,50,5104650
20221123,10:08:23,18398.25,50,5104650
20221123,10:08:27,18400.10,100,5104650
20221123,10:08:29,18398.20,50,5104650
20221123,10:08:33,18398.20,50,5104650
20221123,10:08:38,18398.20,50,5104650
20221123,10:08:39,18398.25,50,5104650
20221123,10:08:42,18401.00,100,5104650
20221123,10:08:46,18399.25,50,5104650
20221123,10:08:49,18398.80,100,5114050
20221123,10:08:50,18398.85,100,5114050
20221123,10:08:51,18401.65,100,5114050
20221123,10:08:56,18398.20,150,5114050
20221123,10:08:57,18398.20,50,5114050
20221123,10:09:01,18399.00,50,5114050
20221123,10:09:02,18399.00,350,5114050
20221123,10:09:05,18398.25,400,5114050
20221123,10:09:06,18398.25,150,5114050
20221123,10:09:07,18398.25,550,5114050
20221123,10:09:08,18398.05,900,5114050
20221123,10:09:09,18397.25,800,5114050
20221123,10:09:10,18397.30,900,5114050
20221123,10:09:11,18397.70,1800,5114050
20221123,10:09:13,18397.65,550,5114050
20221123,10:09:14,18397.95,350,5114050
20221123,10:09:15,18397.75,250,5114050
20221123,10:09:16,18397.75,2050,5114050
20221123,10:09:18,18398.00,850,5114050
20221123,10:09:19,18398.00,50,5114050
20221123,10:09:21,18398.00,550,5114050
20221123,10:09:22,18397.75,150,5114050
20221123,10:09:23,18397.85,50,5114050
20221123,10:09:25,18397.75,200,5114050
20221123,10:09:26,18397.35,200,5114050
20221123,10:09:27,18397.70,100,5114050
20221123,10:09:28,18397.70,150,5114050
20221123,10:09:30,18397.70,50,5114050
20221123,10:09:31,18397.70,100,5114050
20221123,10:09:32,18397.30,300,5114050
20221123,10:09:33,18396.55,50,5114050
20221123,10:09:36,18396.55,150,5114050
20221123,10:09:37,18397.40,650,5114050
20221123,10:09:38,18396.25,100,5114050
20221123,10:09:40,18397.40,50,5114050
20221123,10:09:41,18396.40,200,5114050
20221123,10:09:42,18396.15,50,5114050
20221123,10:09:46,18396.50,100,5114050
20221123,10:09:47,18397.40,100,5114050
20221123,10:09:49,18397.40,50,5114050
20221123,10:09:50,18397.40,150,5114050
20221123,10:09:52,18396.15,50,5114050
20221123,10:09:54,18397.40,350,5114050
20221123,10:09:55,18397.40,100,5114050
20221123,10:09:55,18397.70,50,5114050
20221123,10:09:57,18397.70,50,5114050
20221123,10:09:59,18398.00,200,5114050
20221123,10:10:01,18398.00,150,5114050
20221123,10:10:03,18397.80,100,5114050
20221123,10:10:04,18397.80,250,5114050
20221123,10:10:05,18397.80,500,5114050
20221123,10:10:06,18397.80,100,5114050
20221123,10:10:08,18397.80,150,5114050
20221123,10:10:09,18397.65,250,5114050
20221123,10:10:10,18397.80,650,5114050
20221123,10:10:10,18397.80,150,5114050
20221123,10:10:11,18398.25,350,5114050
20221123,10:10:12,18398.25,100,5114050
20221123,10:10:13,18398.25,100,5114050
20221123,10:10:14,18399.00,350,5114050
20221123,10:10:16,18399.00,200,5114050
20221123,10:10:17,18399.00,200,5114050
20221123,10:10:18,18399.00,400,5114050
20221123,10:10:19,18399.00,150,5114050
20221123,10:10:20,18400.00,250,5114050
20221123,10:10:22,18400.00,400,5114050
20221123,10:10:23,18400.00,100,5114050
20221123,10:10:24,18400.00,100,5114050
20221123,10:10:25,18400.00,50,5114050
20221123,10:10:26,18399.40,100,5114050
20221123,10:10:28,18399.95,50,5114050
20221123,10:10:30,18399.00,50,5114050
20221123,10:10:30,18399.95,50,5114050
20221123,10:10:31,18401.90,100,5114050
20221123,10:10:32,18401.90,50,5114050
20221123,10:10:34,18401.90,50,5114050
20221123,10:10:35,18402.95,700,5114050
20221123,10:10:37,18400.50,50,5114050
20221123,10:10:38,18403.00,500,5114050
20221123,10:10:38,18403.55,50,5114050
20221123,10:10:44,18401.90,50,5114050
20221123,10:10:46,18401.85,50,5114050
20221123,10:10:47,18401.85,50,5114050
20221123,10:10:50,18401.90,500,5114050
20221123,10:10:52,18400.70,50,5114050
20221123,10:10:52,18400.00,50,5114050
20221123,10:10:53,18398.40,300,5114050
20221123,10:10:55,18397.75,100,5114050
20221123,10:10:57,18397.75,50,5114050
20221123,10:10:59,18397.15,100,5114050
20221123,10:11:00,18397.15,550,5114050
20221123,10:11:01,18398.20,100,5114050
20221123,10:11:04,18397.70,50,5114050
20221123,10:11:05,18397.55,50,5114050
20221123,10:11:07,18396.10,150,5114050
20221123,10:11:09,18396.95,1800,5114050
20221123,10:11:10,18396.10,150,5114050
20221123,10:11:11,18396.15,200,5114050
20221123,10:11:14,18396.95,350,5114050
20221123,10:11:15,18398.20,250,5114050
20221123,10:11:15,18398.20,150,5114050
20221123,10:11:16,18398.20,50,5114050
20221123,10:11:17,18398.60,50,5114050
20221123,10:11:21,18397.15,50,5114050
20221123,10:11:23,18397.15,50,5114050
20221123,10:11:24,18397.15,50,5114050
20221123,10:11:27,18396.25,50,5114050
20221123,10:11:28,18396.00,50,5114050
20221123,10:11:30,18397.15,50,5114050
20221123,10:11:31,18396.00,250,5114050
20221123,10:11:32,18396.00,950,5114050
20221123,10:11:33,18395.00,350,5114050
20221123,10:11:34,18394.00,400,5114050
20221123,10:11:36,18394.00,50,5114050
20221123,10:11:37,18393.95,300,5114050
20221123,10:11:38,18393.60,50,5114050
20221123,10:11:40,18393.05,150,5114050
20221123,10:11:42,18393.35,50,5114050
20221123,10:11:44,18395.95,100,5114050
20221123,10:11:46,18393.65,100,5114050
20221123,10:11:47,18393.65,1700,5114050
20221123,10:11:50,18394.00,350,5129700
20221123,10:11:52,18393.50,450,5129700
20221123,10:11:53,18394.00,450,5129700
20221123,10:11:56,18393.55,200,5129700
20221123,10:11:57,18394.00,150,5129700
20221123,10:11:58,18393.45,150,5129700
20221123,10:12:00,18394.00,100,5129700
20221123,10:12:01,18394.00,150,5129700
20221123,10:12:02,18393.80,50,5129700
20221123,10:12:03,18393.50,150,5129700
20221123,10:12:04,18394.00,100,5129700
20221123,10:12:05,18394.00,50,5129700
20221123,10:12:06,18394.00,2800,5129700
20221123,10:12:07,18395.00,300,5129700
20221123,10:12:08,18395.55,500,5129700
20221123,10:12:10,18395.55,50,5129700
20221123,10:12:13,18396.45,100,5129700
20221123,10:12:14,18397.15,500,5129700
20221123,10:12:15,18397.15,50,5129700
20221123,10:12:18,18395.90,100,5129700
20221123,10:12:19,18395.40,50,5129700
20221123,10:12:20,18397.15,150,5129700
20221123,10:12:26,18395.35,50,5129700
20221123,10:12:27,18397.75,1700,5129700
20221123,10:12:28,18397.15,50,5129700
20221123,10:12:29,18397.15,300,5129700
20221123,10:12:31,18395.35,50,5129700
20221123,10:12:32,18395.00,450,5129700
20221123,10:12:33,18395.00,50,5129700
20221123,10:12:35,18394.60,100,5129700
20221123,10:12:37,18397.60,50,5129700
20221123,10:12:38,18394.85,100,5129700
20221123,10:12:43,18397.00,100,5129700
20221123,10:12:49,18397.00,100,5129700
20221123,10:12:53,18395.00,50,5129700
20221123,10:12:56,18394.85,50,5129700
20221123,10:12:57,18395.00,50,5129700
20221123,10:12:58,18395.00,50,5129700
20221123,10:13:02,18396.20,50,5129700
20221123,10:13:03,18395.00,150,5129700
20221123,10:13:09,18395.00,100,5129700
20221123,10:13:09,18395.00,50,5129700
20221123,10:13:10,18395.00,50,5129700
20221123,10:13:15,18395.00,100,5129700
20221123,10:13:16,18394.60,100,5129700
20221123,10:13:19,18394.00,50,5129700
20221123,10:13:20,18394.00,50,5129700
20221123,10:13:21,18393.70,250,5129700
20221123,10:13:22,18394.85,150,5129700
20221123,10:13:23,18393.15,50,5129700
20221123,10:13:25,18393.15,50,5129700
20221123,10:13:27,18393.50,250,5129700
20221123,10:13:28,18394.45,200,5129700
20221123,10:13:29,18394.45,50,5129700
20221123,10:13:30,18395.00,100,5129700
20221123,10:13:31,18395.00,50,5129700
20221123,10:13:33,18398.35,500,5129700
20221123,10:13:38,18395.15,50,5129700
20221123,10:13:39,18396.30,50,5129700
20221123,10:13:43,18396.50,100,5129700
20221123,10:13:46,18396.50,50,5129700
20221123,10:13:49,18398.70,50,5129700
20221123,10:13:51,18396.10,100,5129700
20221123,10:13:54,18396.10,250,5129700
20221123,10:13:56,18397.00,50,5129700
20221123,10:14:00,18396.50,400,5129700
20221123,10:14:04,18396.50,100,5129700
20221123,10:14:05,18395.90,100,5129700
20221123,10:14:06,18395.45,50,5129700
20221123,10:14:08,18395.40,100,5129700
20221123,10:14:08,18395.85,50,5129700
20221123,10:14:09,18395.50,100,5129700
20221123,10:14:13,18395.85,150,5129700
20221123,10:14:17,18396.00,150,5129700
20221123,10:14:18,18394.40,550,5129700
20221123,10:14:20,18396.25,50,5129700
20221123,10:14:22,18393.95,50,5129700
20221123,10:14:24,18393.80,150,5129700
20221123,10:14:27,18393.75,50,5129700
20221123,10:14:29,18394.00,100,5129700
20221123,10:14:32,18394.00,50,5129700
20221123,10:14:34,18394.00,400,5129700
20221123,10:14:35,18394.00,600,5129700
20221123,10:14:36,18394.75,800,5129700
20221123,10:14:39,18395.40,1300,5129700
20221123,10:14:41,18395.60,300,5129700
20221123,10:14:42,18395.60,200,5129700
20221123,10:14:43,18395.50,600,5129700
20221123,10:14:44,18396.95,50,5129700
20221123,10:14:44,18395.40,900,5129700
20221123,10:14:46,18396.95,550,5129700
20221123,10:14:47,18396.95,300,5129700
20221123,10:14:48,18396.05,200,5129700
20221123,10:14:49,18396.05,200,5143200
20221123,10:14:51,18396.00,50,5143200
20221123,10:14:53,18396.95,50,5143200
20221123,10:14:56,18398.00,50,5143200
20221123,10:14:58,18398.00,100,5143200
20221123,10:14:59,18399.00,600,5143200
20221123,10:15:00,18399.00,50,5143200
20221123,10:15:01,18399.00,200,5143200
20221123,10:15:02,18399.00,600,5143200
20221123,10:15:03,18398.00,650,5143200
20221123,10:15:05,18398.00,100,5143200
20221123,10:15:07,18396.35,150,5143200
20221123,10:15:08,18399.80,600,5143200
20221123,10:15:09,18396.95,400,5143200
20221123,10:15:13,18396.45,150,5143200
20221123,10:15:15,18399.50,250,5143200
20221123,10:15:17,18399.15,100,5143200
20221123,10:15:19,18396.00,50,5143200
20221123,10:15:20,18398.40,150,5143200
20221123,10:15:21,18398.40,50,5143200
20221123,10:15:23,18398.70,50,5143200
20221123,10:15:25,18399.50,200,5143200
20221123,10:15:27,18398.00,50,5143200
20221123,10:15:29,18396.05,50,5143200
20221123,10:15:36,18398.40,1500,5143200
20221123,10:15:36,18398.00,50,5143200
20221123,10:15:37,18398.55,450,5143200
20221123,10:15:40,18399.40,50,5143200
20221123,10:15:41,18399.40,50,5143200
20221123,10:15:43,18400.00,350,5143200
20221123,10:15:46,18400.00,50,5143200
20221123,10:15:48,18400.00,250,5143200
20221123,10:15:48,18400.00,100,5143200
20221123,10:15:50,18400.00,50,5143200
20221123,10:15:51,18400.00,200,5143200
20221123,10:15:52,18400.45,250,5143200
20221123,10:15:54,18400.50,50,5143200
20221123,10:16:01,18400.50,100,5143200
20221123,10:16:04,18400.00,100,5143200
20221123,10:16:06,18400.00,50,5143200
20221123,10:16:10,18400.00,50,5143200
20221123,10:16:12,18400.30,150,5143200
20221123,10:16:13,18400.00,100,5143200
20221123,10:16:14,18400.00,300,5143200
20221123,10:16:15,18399.40,1350,5143200
20221123,10:16:16,18400.00,100,5143200
20221123,10:16:22,18399.75,50,5143200
20221123,10:16:23,18399.50,100,5143200
20221123,10:16:29,18399.00,100,5143200
