20221123,09:15:00,18440.10,1,675000
20221123,09:15:00,18440.10,50,675000
20221123,09:15:03,18523.50,100,675000
20221123,09:15:03,18523.50,50,675000
20221123,09:15:05,18498.00,250,675000
20221123,09:15:06,18498.00,400,675000
20221123,09:15:06,18493.30,50,675000
20221123,09:15:07,18493.35,100,675000
20221123,09:15:08,18494.00,50,675000
20221123,09:15:09,18490.00,50,675000
20221123,09:15:10,18497.45,50,675000
20221123,09:15:13,18499.35,50,675000
20221123,09:15:14,18497.85,100,675000
20221123,09:15:21,18497.40,50,675000
20221123,09:15:22,18498.00,150,675000
20221123,09:15:23,18499.20,50,675000
20221123,09:15:25,18502.00,50,675000
20221123,09:15:26,18500.00,50,675000
20221123,09:15:27,18498.05,150,675000
20221123,09:15:33,18501.00,100,675000
20221123,09:15:34,18502.85,50,675000
20221123,09:15:36,18499.95,200,675000
20221123,09:15:43,18500.00,50,675000
20221123,09:15:51,18499.65,50,675000
20221123,09:15:54,18500.00,200,675000
20221123,09:15:56,18500.10,50,675000
20221123,09:16:00,18499.20,100,675000
20221123,09:16:01,18500.00,200,675000
20221123,09:16:02,18501.00,150,675000
20221123,09:16:03,18502.00,100,675000
20221123,09:16:05,18503.10,150,675000
20221123,09:16:06,18505.00,100,675000
20221123,09:16:07,18504.60,150,675000
20221123,09:16:08,18506.00,50,675000
20221123,09:16:09,18504.20,50,675000
20221123,09:16:11,18503.40,200,675000
20221123,09:16:12,18505.00,50,675000
20221123,09:16:13,18503.50,100,675000
20221123,09:16:15,18506.95,50,675000
20221123,09:16:17,18507.95,1250,675000
20221123,09:16:19,18508.00,50,675000
20221123,09:16:21,18505.95,50,675000
20221123,09:16:26,18510.00,100,675000
20221123,09:16:28,18511.70,50,675000
20221123,09:16:29,18508.25,50,675000
20221123,09:16:30,18508.25,100,675000
20221123,09:16:34,18508.25,50,675000
20221123,09:16:37,18508.00,200,675000
20221123,09:16:38,18507.90,50,675000
20221123,09:16:40,18507.75,50,675000
20221123,09:16:43,18508.25,50,675000
20221123,09:16:44,18508.00,50,675000
20221123,09:16:48,18508.25,50,675000
20221123,09:16:54,18509.25,550,675000
20221123,09:17:03,18509.15,50,675000
20221123,09:17:09,18505.40,50,675000
20221123,09:17:19,18509.25,550,675000
20221123,09:17:20,18509.25,100,675000
20221123,09:17:21,18509.25,350,675000
20221123,09:17:22,18509.25,250,675000
20221123,09:17:26,18509.25,50,675000
20221123,09:17:27,18506.95,50,675000
20221123,09:17:34,18510.00,450,677250
20221123,09:17:35,18510.00,300,677250
20221123,09:17:37,18510.00,50,677250
20221123,09:17:38,18510.00,50,677250
20221123,09:17:41,18510.00,150,677250
20221123,09:17:51,18506.95,50,677250
20221123,09:18:00,18509.00,1000,677250
20221123,09:18:05,18503.35,50,677250
20221123,09:18:06,18504.55,50,677250
20221123,09:18:11,18503.15,50,677250
20221123,09:18:12,18502.75,50,677250
20221123,09:18:13,18505.00,100,677250
20221123,09:18:19,18506.85,150,677250
20221123,09:18:24,18504.55,50,677250
20221123,09:18:28,18500.25,550,677250
20221123,09:18:31,18506.90,150,677250
20221123,09:18:35,18504.15,50,677250
20221123,09:18:43,18505.00,50,677250
20221123,09:18:44,18505.05,50,677250
20221123,09:18:46,18505.00,50,677250
20221123,09:18:48,18506.95,150,677250
20221123,09:18:49,18502.95,1000,677250
20221123,09:18:50,18506.95,50,677250
20221123,09:18:51,18506.95,750,677250
20221123,09:18:52,18509.45,50,677250
20221123,09:18:54,18509.05,100,677250
20221123,09:18:59,18509.40,50,677250
20221123,09:19:21,18502.80,550,677250
20221123,09:19:22,18507.95,50,677250
20221123,09:19:30,18508.65,200,677250
20221123,09:19:37,18507.00,50,677250
20221123,09:19:39,18508.05,150,677250
20221123,09:19:42,18509.00,150,677250
20221123,09:19:44,18505.50,50,677250
20221123,09:19:51,18506.45,50,677250
20221123,09:19:56,18507.25,50,677250
20221123,09:20:02,18508.95,200,677250
20221123,09:20:04,18509.00,500,677250
20221123,09:20:06,18510.00,250,677250
20221123,09:20:07,18512.10,50,677250
20221123,09:20:21,18511.00,50,677250
20221123,09:20:24,18511.25,50,677250
20221123,09:20:38,18509.95,100,679650
20221123,09:20:45,18507.35,100,679650
20221123,09:20:52,18506.30,100,679650
20221123,09:20:57,18506.80,50,679650
20221123,09:21:02,18510.80,50,679650
20221123,09:21:04,18507.40,50,679650
20221123,09:21:10,18507.05,50,679650
20221123,09:21:13,18507.00,50,679650
20221123,09:21:25,18507.40,50,679650
20221123,09:21:50,18509.00,50,679650
20221123,09:21:53,18507.40,50,679650
20221123,09:21:57,18509.35,50,679650
20221123,09:22:15,18507.05,50,679650
20221123,09:22:30,18506.00,50,679650
20221123,09:22:35,18506.00,50,679650
20221123,09:22:49,18504.50,100,679650
20221123,09:22:53,18507.10,50,679650
20221123,09:22:55,18506.00,50,679650
20221123,09:23:02,18503.80,50,679650
20221123,09:23:09,18501.05,50,679650
20221123,09:23:16,18501.05,100,679650
20221123,09:23:17,18501.05,250,679650
20221123,09:23:18,18501.05,50,679650
20221123,09:23:24,18502.25,50,679650
20221123,09:23:26,18501.30,50,679650
20221123,09:23:34,18502.65,50,680450
20221123,09:23:42,18503.25,50,680450
20221123,09:23:45,18506.35,200,680450
20221123,09:23:47,18506.05,50,680450
20221123,09:23:51,18503.25,100,680450
20221123,09:23:52,18505.85,50,680450
20221123,09:23:55,18503.25,50,680450
20221123,09:24:05,18503.25,250,680450
20221123,09:24:09,18506.10,150,680450
20221123,09:24:19,18507.40,50,680450
20221123,09:24:21,18503.95,200,680450
20221123,09:24:22,18507.00,50,680450
20221123,09:24:23,18507.40,50,680450
20221123,09:24:24,18509.20,50,680450
20221123,09:24:25,18506.30,100,680450
20221123,09:24:31,18509.35,50,680450
20221123,09:24:34,18507.75,50,680450
20221123,09:24:35,18507.75,50,680450
20221123,09:24:37,18509.75,50,680450
20221123,09:24:54,18509.90,50,680450
20221123,09:24:55,18508.75,50,680450
20221123,09:25:16,18509.65,50,680450
20221123,09:25:21,18508.75,50,680450
20221123,09:25:22,18510.00,50,680450
20221123,09:25:24,18508.75,50,680450
20221123,09:25:27,18510.00,50,680450
20221123,09:25:28,18510.00,400,680450
20221123,09:25:29,18510.70,50,680450
20221123,09:25:31,18510.80,50,680450
20221123,09:25:32,18511.00,50,680450
20221123,09:25:33,18511.00,50,680450
20221123,09:25:34,18511.00,100,680450
20221123,09:25:35,18512.00,50,680450
20221123,09:25:36,18512.00,50,680450
20221123,09:26:06,18510.00,50,680450
20221123,09:26:14,18510.00,50,680450
20221123,09:26:19,18512.00,600,680450
20221123,09:26:20,18510.00,200,680450
20221123,09:26:27,18510.00,50,680450
20221123,09:26:33,18510.00,50,682300
20221123,09:26:37,18512.00,50,682300
20221123,09:26:41,18510.00,100,682300
20221123,09:26:44,18512.00,150,682300
20221123,09:26:45,18512.00,50,682300
20221123,09:26:51,18511.00,50,682300
20221123,09:27:11,18510.00,50,682300
20221123,09:27:21,18510.00,50,682300
20221123,09:27:23,18511.00,50,682300
20221123,09:27:38,18511.00,50,682300
20221123,09:27:55,18513.85,50,682300
20221123,09:27:57,18511.15,100,682300
20221123,09:28:01,18510.40,50,682300
20221123,09:28:26,18510.70,50,682300
20221123,09:28:45,18512.10,150,682300
20221123,09:29:06,18511.95,50,682300
20221123,09:29:09,18511.95,100,682300
20221123,09:29:10,18512.10,150,682300
20221123,09:29:11,18512.10,50,682300
20221123,09:29:12,18512.00,50,682300
20221123,09:29:13,18512.00,50,682300
20221123,09:29:14,18510.00,50,682300
20221123,09:29:16,18512.10,100,682300
20221123,09:29:17,18512.00,50,682300
20221123,09:29:24,18512.00,50,682300
20221123,09:29:27,18512.05,50,682300
20221123,09:29:29,18512.10,100,682750
20221123,09:29:32,18512.10,50,682750
20221123,09:29:37,18512.10,100,682750
20221123,09:29:41,18512.00,100,682750
20221123,09:29:51,18512.00,50,682750
20221123,09:29:56,18512.00,100,682750
20221123,09:29:57,18512.00,100,682750
20221123,09:30:00,18512.00,50,682750
20221123,09:30:05,18512.00,100,682750
20221123,09:30:06,18512.10,50,682750
20221123,09:30:31,18512.10,100,682750
20221123,09:30:39,18509.80,50,682750
20221123,09:30:48,18512.10,100,682750
20221123,09:30:50,18510.70,50,682750
20221123,09:30:56,18509.80,50,682750
20221123,09:31:01,18510.00,50,682750
20221123,09:31:02,18510.55,50,682750
20221123,09:31:03,18510.55,50,682750
20221123,09:31:06,18509.15,50,682750
20221123,09:31:07,18509.00,100,682750
20221123,09:31:09,18508.85,50,682750
20221123,09:31:18,18509.70,350,682750
20221123,09:31:28,18507.15,50,682750
20221123,09:31:52,18507.25,50,682750
20221123,09:32:10,18507.20,250,682750
20221123,09:32:12,18507.20,50,682750
20221123,09:32:14,18510.15,100,682750
20221123,09:32:21,18511.25,350,682750
20221123,09:32:22,18508.25,50,682750
20221123,09:32:28,18510.45,150,682750
20221123,09:32:51,18509.30,100,683150
20221123,09:32:55,18510.00,150,683150
20221123,09:32:58,18512.10,150,683150
20221123,09:32:59,18512.10,100,683150
20221123,09:33:00,18511.55,50,683150
20221123,09:33:01,18512.10,100,683150
20221123,09:33:03,18511.55,150,683150
20221123,09:33:04,18512.10,50,683150
20221123,09:33:05,18512.10,50,683150
20221123,09:33:08,18512.10,50,683150
20221123,09:33:19,18513.50,50,683150
20221123,09:33:30,18514.60,50,683150
20221123,09:33:34,18514.70,150,683150
20221123,09:33:44,18514.70,50,683150
20221123,09:33:45,18514.70,50,683150
20221123,09:33:46,18514.90,50,683150
20221123,09:33:47,18515.00,250,683150
20221123,09:33:54,18520.00,100,683150
20221123,09:34:11,18519.80,50,683150
20221123,09:34:16,18512.70,50,683150
20221123,09:34:21,18513.80,50,683150
20221123,09:34:22,18513.80,50,683150
20221123,09:34:28,18517.20,50,683150
20221123,09:34:29,18513.80,50,683150
20221123,09:34:42,18515.00,50,683150
20221123,09:34:46,18517.00,100,683150
20221123,09:34:55,18518.90,50,683150
20221123,09:34:57,18514.70,50,683150
20221123,09:34:59,18518.90,50,683150
20221123,09:35:14,18515.00,100,683150
20221123,09:35:16,18518.15,50,683150
20221123,09:35:27,18514.00,50,683150
20221123,09:35:45,18517.95,50,683650
20221123,09:35:54,18517.00,50,683650
20221123,09:36:07,18516.35,50,683650
20221123,09:36:35,18514.00,50,683650
20221123,09:36:42,18514.00,150,683650
20221123,09:36:50,18511.30,50,683650
20221123,09:36:59,18511.05,50,683650
20221123,09:37:05,18510.40,50,683650
20221123,09:37:08,18514.25,50,683650
20221123,09:37:40,18512.05,400,683650
20221123,09:37:45,18513.35,50,683650
20221123,09:37:47,18511.00,50,683650
20221123,09:37:56,18508.80,50,683650
20221123,09:38:15,18509.05,50,683650
20221123,09:38:28,18510.00,50,683650
20221123,09:38:43,18508.00,100,683550
20221123,09:38:56,18513.75,1100,683550
20221123,09:39:23,18506.10,200,683550
20221123,09:39:27,18506.45,300,683550
20221123,09:40:06,18505.85,50,683550
20221123,09:40:12,18505.40,50,683550
20221123,09:40:23,18505.00,100,683550
20221123,09:40:28,18500.05,500,683550
20221123,09:40:37,18500.10,50,683550
20221123,09:40:41,18500.85,50,683550
20221123,09:40:44,18500.85,50,683550
20221123,09:40:50,18505.00,50,683550
20221123,09:41:01,18500.85,250,683550
20221123,09:41:03,18500.00,250,683550
20221123,09:41:04,18499.50,250,683550
20221123,09:41:19,18498.00,50,683550
20221123,09:41:25,18498.05,100,683550
20221123,09:42:07,18498.00,50,683550
20221123,09:42:14,18496.85,200,683700
20221123,09:42:19,18495.00,300,683700
20221123,09:42:25,18493.30,50,683700
20221123,09:42:45,18495.55,50,683700
20221123,09:42:53,18496.30,100,683700
20221123,09:42:59,18499.75,50,683700
20221123,09:43:41,18499.75,50,683700
20221123,09:43:48,18495.05,50,683700
20221123,09:44:05,18495.05,100,683700
20221123,09:44:10,18499.60,50,683700
20221123,09:44:11,18495.35,300,683700
20221123,09:44:35,18499.65,50,683850
20221123,09:45:00,18495.35,50,683850
20221123,09:45:02,18498.15,50,683850
20221123,09:45:04,18493.90,300,683850
20221123,09:45:14,18490.40,50,683850
20221123,09:45:16,18492.05,50,683850
20221123,09:45:21,18490.20,50,683850
20221123,09:45:48,18491.75,50,683850
20221123,09:45:51,18490.00,200,683850
20221123,09:45:59,18490.00,100,683850
20221123,09:46:01,18490.00,50,683850
20221123,09:46:02,18490.00,50,683850
20221123,09:46:13,18492.30,50,683850
20221123,09:46:19,18492.25,50,683850
20221123,09:46:27,18490.20,150,683850
20221123,09:46:31,18485.90,50,683850
20221123,09:46:55,18488.85,50,683850
20221123,09:46:56,18485.90,1800,683850
20221123,09:47:10,18489.00,50,683850
20221123,09:47:12,18488.10,100,683850
20221123,09:47:51,18489.75,150,683250
20221123,09:47:51,18488.00,50,683250
20221123,09:48:09,18488.00,50,683250
20221123,09:48:13,18489.85,50,683250
20221123,09:48:17,18490.00,50,683250
20221123,09:48:19,18490.20,200,683250
20221123,09:48:22,18493.75,400,683250
20221123,09:48:42,18493.40,100,683250
20221123,09:48:59,18493.75,50,683250
20221123,09:49:18,18494.30,50,683250
20221123,09:49:34,18497.55,50,683250
20221123,09:50:03,18498.00,50,683250
20221123,09:50:33,18498.00,50,683250
20221123,09:50:36,18499.95,50,683100
20221123,09:50:44,18498.00,50,683100
20221123,09:50:46,18499.25,50,683100
20221123,09:50:49,18499.30,50,683100
20221123,09:51:21,18498.00,100,683100
20221123,09:51:57,18499.50,50,683100
20221123,09:51:59,18500.00,50,683100
20221123,09:52:00,18500.00,100,683100
20221123,09:52:14,18501.75,50,683100
20221123,09:52:23,18500.00,50,683100
20221123,09:52:28,18500.00,50,683100
20221123,09:52:30,18499.25,50,683100
20221123,09:52:33,18499.25,50,683100
20221123,09:53:19,18496.55,50,683100
20221123,09:53:25,18495.00,50,683100
20221123,09:53:27,18495.25,50,683100
20221123,09:53:30,18495.25,50,683100
20221123,09:53:45,18496.25,100,683600
20221123,09:53:46,18496.25,100,683600
20221123,09:53:49,18496.25,150,683600
20221123,09:53:56,18496.25,50,683600
20221123,09:54:06,18497.00,50,683600
20221123,09:54:09,18497.00,50,683600
20221123,09:54:11,18497.00,200,683600
20221123,09:54:16,18497.00,150,683600
20221123,09:54:17,18497.00,900,683600
20221123,09:54:28,18490.40,100,683600
20221123,09:54:30,18495.25,50,683600
20221123,09:54:45,18491.00,100,683600
20221123,09:54:47,18490.00,100,683600
20221123,09:54:54,18485.55,50,683600
20221123,09:55:15,18485.55,50,683600
20221123,09:55:22,18485.55,150,683600
20221123,09:55:26,18485.55,50,683600
20221123,09:55:28,18485.55,50,683600
20221123,09:55:40,18482.50,50,683600
20221123,09:55:49,18484.00,50,683600
20221123,09:55:51,18485.00,50,683600
20221123,09:55:52,18482.00,1800,683600
20221123,09:55:53,18485.55,50,683600
20221123,09:55:56,18483.80,50,683600
20221123,09:56:01,18483.80,50,683600
20221123,09:56:08,18481.90,100,683600
20221123,09:56:09,18485.40,50,683600
20221123,09:56:13,18481.90,50,683600
20221123,09:56:17,18481.90,50,683600
20221123,09:56:25,18481.90,50,683600
20221123,09:56:46,18484.00,50,683250
20221123,09:57:02,18484.60,1400,683250
20221123,09:57:03,18484.60,300,683250
20221123,09:57:43,18483.00,50,683250
20221123,09:57:45,18482.00,50,683250
20221123,09:57:54,18482.00,50,683250
20221123,09:57:56,18481.00,100,683250
20221123,09:58:02,18481.00,50,683250
20221123,09:58:09,18481.30,50,683250
20221123,09:58:28,18480.45,200,683250
20221123,09:58:30,18482.00,50,683250
20221123,09:58:33,18482.00,150,683250
20221123,09:58:52,18486.55,500,683250
20221123,09:59:08,18485.65,50,683250
20221123,09:59:15,18486.55,50,683250
20221123,10:00:08,18483.85,50,684150
20221123,10:00:17,18483.85,550,684150
20221123,10:00:44,18485.95,50,684150
20221123,10:00:47,18484.55,50,684150
20221123,10:01:08,18483.85,50,684150
20221123,10:01:25,18486.00,50,684150
20221123,10:01:31,18486.00,50,684150
20221123,10:01:33,18486.05,50,684150
20221123,10:01:37,18487.80,50,684150
20221123,10:01:41,18487.30,50,684150
20221123,10:01:44,18488.00,250,684150
20221123,10:01:47,18488.00,150,684150
20221123,10:01:51,18488.00,50,684150
20221123,10:01:54,18488.00,300,684150
20221123,10:01:55,18488.00,1000,684150
20221123,10:02:02,18487.00,50,684150
20221123,10:02:12,18483.60,50,684150
20221123,10:02:18,18483.60,50,684150
20221123,10:02:26,18483.60,50,684150
20221123,10:04:13,18489.10,50,686200
20221123,10:04:22,18490.00,50,686200
20221123,10:04:39,18490.00,50,686200
20221123,10:04:57,18490.95,50,686200
20221123,10:05:02,18489.00,50,686200
20221123,10:05:34,18489.00,50,686200
20221123,10:05:54,18488.45,50,686200
20221123,10:06:33,18485.00,50,686250
20221123,10:06:41,18486.00,50,686250
20221123,10:06:49,18486.00,100,686250
20221123,10:06:50,18485.45,50,686250
20221123,10:06:58,18486.00,100,686250
20221123,10:07:06,18486.00,50,686250
20221123,10:07:08,18485.00,50,686250
20221123,10:07:18,18486.50,50,686250
20221123,10:07:20,18487.00,50,686250
20221123,10:07:46,18485.95,100,686250
20221123,10:07:47,18483.65,50,686250
20221123,10:07:53,18483.65,50,686250
20221123,10:07:54,18483.65,100,686250
20221123,10:08:37,18483.65,50,686500
20221123,10:08:40,18483.20,100,686500
20221123,10:09:03,18483.60,50,686500
20221123,10:09:08,18482.60,50,686500
20221123,10:09:32,18483.00,50,686500
20221123,10:09:47,18484.25,100,686500
20221123,10:09:56,18481.75,50,686500
20221123,10:10:30,18484.90,50,686500
20221123,10:12:13,18481.60,50,686500
20221123,10:13:06,18480.60,100,686500
20221123,10:13:48,18482.00,50,686500
20221123,10:13:51,18484.85,50,686500
20221123,10:13:53,18481.40,50,686500
20221123,10:13:59,18480.25,50,686500
20221123,10:14:17,18480.25,50,686500
20221123,10:14:20,18480.25,50,686500
20221123,10:14:42,18480.85,50,686550
20221123,10:14:55,18482.00,50,686550
20221123,10:14:58,18482.40,50,686550
20221123,10:15:40,18483.95,50,686550
20221123,10:15:52,18486.55,100,686550
20221123,10:16:04,18483.25,100,686550
20221123,10:16:16,18486.00,50,686550
20221123,10:16:19,18486.00,300,686550
20221123,10:16:20,18486.00,50,686550
20221123,10:16:21,18486.25,50,686550
20221123,10:16:26,18486.00,100,686550
20221123,10:16:31,18485.50,50,686550
20221123,10:16:34,18484.25,100,686550
20221123,10:16:39,18481.00,50,686550
20221123,10:17:01,18481.05,100,686550
20221123,10:17:02,18481.05,50,686550
20221123,10:17:04,18480.00,50,686550
20221123,10:17:05,18480.00,450,686550
20221123,10:17:08,18478.00,50,686550
20221123,10:17:12,18478.00,50,686550
20221123,10:17:45,18478.00,50,686550
20221123,10:18:00,18478.00,50,687100
20221123,10:18:01,18478.00,50,687100
20221123,10:18:04,18478.00,100,687100
20221123,10:18:05,18478.00,50,687100
20221123,10:18:08,18480.30,50,687100
20221123,10:18:20,18478.00,50,687100
20221123,10:18:25,18479.95,50,687100
20221123,10:18:49,18480.00,50,687100
20221123,10:18:50,18478.00,50,687100
20221123,10:19:19,18480.00,50,687100
20221123,10:19:23,18480.00,50,687100
20221123,10:19:40,18480.00,50,687100
20221123,10:19:44,18480.00,100,687100
20221123,10:20:05,18480.00,50,687100
20221123,10:20:20,18480.95,50,687100
20221123,10:21:06,18483.30,50,687350
20221123,10:21:33,18485.30,50,687350
20221123,10:21:46,18483.00,50,687350
20221123,10:22:12,18483.15,50,687350
20221123,10:22:14,18483.15,50,687350
20221123,10:22:17,18486.65,50,687350
20221123,10:22:19,18486.00,50,687350
20221123,10:22:22,18485.85,50,687350
20221123,10:22:34,18483.00,500,687350
20221123,10:22:48,18483.00,50,687350
20221123,10:22:55,18480.00,50,687350
20221123,10:23:00,18480.00,100,687350
20221123,10:23:05,18480.00,250,687350
20221123,10:23:17,18480.00,150,687350
20221123,10:23:21,18480.00,100,687350
20221123,10:23:23,18480.00,50,687350
20221123,10:23:28,18480.00,50,687350
20221123,10:23:33,18480.00,900,687350
20221123,10:23:33,18480.00,250,687350
20221123,10:24:05,18476.30,250,689350
20221123,10:24:26,18476.35,250,689350
20221123,10:24:29,18476.45,100,689350
20221123,10:24:47,18476.60,250,689350
20221123,10:24:48,18479.00,50,689350
20221123,10:25:02,18476.10,50,689350
20221123,10:25:04,18476.00,100,689350
20221123,10:25:07,18476.10,50,689350
20221123,10:25:23,18478.00,50,689350
20221123,10:25:39,18478.00,50,689350
20221123,10:25:55,18476.00,150,689350
20221123,10:25:58,18476.00,100,689350
20221123,10:26:01,18476.00,150,689350
20221123,10:26:04,18476.00,200,689350
20221123,10:26:12,18476.00,50,689350
20221123,10:26:15,18476.00,150,689350
20221123,10:26:22,18476.00,300,689350
20221123,10:26:28,18476.00,50,689350
20221123,10:26:30,18476.00,50,689350
20221123,10:26:36,18476.00,150,689350
20221123,10:26:37,18476.00,100,689350
20221123,10:26:38,18476.00,150,689350
20221123,10:26:39,18476.00,150,689350
20221123,10:26:43,18476.00,50,691400
20221123,10:26:44,18477.40,50,691400
20221123,10:26:48,18476.00,100,691400
20221123,10:26:53,18476.00,50,691400
20221123,10:26:54,18476.00,50,691400
20221123,10:26:56,18476.00,50,691400
20221123,10:27:01,18476.00,50,691400
20221123,10:27:08,18476.00,150,691400
20221123,10:27:09,18476.00,50,691400
20221123,10:27:12,18476.00,50,691400
20221123,10:27:44,18476.05,50,691400
20221123,10:27:46,18476.00,50,691400
20221123,10:27:48,18476.00,300,691400
20221123,10:28:24,18478.00,100,691400
20221123,10:29:34,18477.20,50,691400
20221123,10:29:51,18477.00,100,692200
20221123,10:29:53,18476.85,50,692200
20221123,10:31:32,18482.00,50,692200
20221123,10:32:04,18483.00,50,692200
20221123,10:32:46,18483.00,100,692250
20221123,10:33:07,18483.00,50,692250
20221123,10:34:00,18483.00,150,692250
20221123,10:34:08,18482.30,50,692250
20221123,10:34:11,18482.55,500,692250
20221123,10:34:32,18481.10,50,692250
20221123,10:34:43,18480.00,50,692250
20221123,10:35:13,18479.05,50,692250
20221123,10:35:21,18481.10,50,692250
20221123,10:35:22,18483.00,50,692250
20221123,10:35:23,18484.45,50,692250
20221123,10:35:25,18481.65,50,692250
20221123,10:35:32,18481.65,50,692250
20221123,10:35:42,18484.30,50,692250
20221123,10:36:44,18484.50,50,692900
20221123,10:37:06,18484.50,50,692900
20221123,10:37:14,18484.85,50,692900
20221123,10:37:35,18485.00,50,692900
20221123,10:37:38,18485.00,50,692900
20221123,10:37:40,18485.00,200,692900
20221123,10:37:41,18485.00,200,692900
20221123,10:37:42,18485.00,50,692900
20221123,10:38:03,18487.40,150,692900
20221123,10:38:41,18488.55,50,692900
20221123,10:38:59,18488.00,50,693650
20221123,10:39:11,18489.00,50,693650
20221123,10:39:29,18489.30,100,693650
20221123,10:40:05,18485.50,100,693650
20221123,10:40:33,18488.00,50,693650
20221123,10:40:53,18486.00,50,693650
20221123,10:41:05,18485.00,50,693650
20221123,10:42:02,18485.00,50,693900
20221123,10:42:10,18484.00,50,693900
20221123,10:42:14,18484.00,100,693900
20221123,10:42:18,18483.20,100,693900
20221123,10:42:26,18483.30,50,693900
20221123,10:42:33,18483.05,50,693900
20221123,10:42:52,18482.15,50,693900
20221123,10:43:02,18481.05,100,693900
20221123,10:43:17,18481.25,100,693900
20221123,10:43:37,18481.00,50,693900
20221123,10:43:40,18481.00,550,693900
20221123,10:43:41,18481.00,50,693900
20221123,10:43:48,18480.00,50,693900
20221123,10:43:59,18481.00,50,693900
20221123,10:44:04,18480.00,50,693900
20221123,10:44:28,18477.15,50,693900
20221123,10:44:29,18477.20,250,693900
20221123,10:44:36,18477.20,50,693900
20221123,10:44:39,18477.20,50,693900
20221123,10:44:42,18476.90,100,693900
20221123,10:44:48,18476.90,50,694600
20221123,10:44:50,18476.90,50,694600
20221123,10:44:51,18476.90,50,694600
20221123,10:44:53,18476.90,50,694600
20221123,10:44:54,18476.90,50,694600
20221123,10:44:55,18476.90,50,694600
20221123,10:44:56,18476.90,50,694600
20221123,10:44:57,18476.90,50,694600
20221123,10:45:00,18476.85,50,694600
20221123,10:45:03,18476.90,150,694600
20221123,10:45:04,18476.90,50,694600
20221123,10:45:07,18480.00,350,694600
20221123,10:45:40,18480.00,50,694600
20221123,10:45:53,18477.00,350,694600
20221123,10:45:54,18480.60,50,694600
20221123,10:45:58,18477.80,50,694600
20221123,10:46:35,18478.35,50,694600
20221123,10:47:01,18481.95,50,694600
20221123,10:47:04,18479.65,50,694600
20221123,10:47:24,18482.65,50,694600
20221123,10:47:57,18482.65,50,695900
20221123,10:48:09,18482.65,50,695900
20221123,10:48:39,18482.65,50,695900
20221123,10:48:42,18482.50,100,695900
20221123,10:48:43,18482.50,50,695900
20221123,10:48:58,18483.60,50,695900
20221123,10:49:19,18485.00,50,695900
20221123,10:49:29,18485.00,50,695900
20221123,10:49:33,18485.00,50,695900
20221123,10:49:33,18484.20,50,695900
20221123,10:49:37,18486.85,50,695900
20221123,10:49:39,18486.00,50,695900
20221123,10:49:45,18486.85,50,695900
20221123,10:49:55,18485.00,50,695900
20221123,10:50:01,18486.00,50,695900
20221123,10:50:21,18482.95,50,695900
20221123,10:50:42,18486.00,150,695900
20221123,10:50:48,18485.40,50,696600
20221123,10:51:07,18485.55,50,696600
20221123,10:51:26,18483.60,50,696600
20221123,10:51:47,18486.45,50,696600
20221123,10:51:55,18486.40,50,696600
20221123,10:52:33,18485.05,150,696600
20221123,10:52:57,18485.05,50,696600
20221123,10:53:11,18483.05,200,696600
20221123,10:53:49,18488.15,200,697050
20221123,10:53:56,18484.15,50,697050
20221123,10:54:08,18485.45,50,697050
20221123,10:55:45,18490.00,50,697050
20221123,10:55:54,18488.00,50,697050
20221123,10:56:04,18488.50,50,697050
20221123,10:56:06,18488.50,100,697050
20221123,10:56:10,18490.00,50,697050
20221123,10:56:39,18490.00,50,697050
20221123,10:56:58,18492.00,50,697300
20221123,10:57:05,18490.00,50,697300
20221123,10:57:07,18490.00,50,697300
20221123,10:58:59,18488.70,50,697300
20221123,10:59:23,18488.90,50,697300
20221123,10:59:36,18489.00,50,697300
20221123,10:59:41,18487.30,200,697300
20221123,10:59:56,18488.90,50,697700
20221123,10:59:59,18488.90,100,697700
20221123,11:00:09,18490.00,50,697700
20221123,11:00:38,18491.00,50,697700
20221123,11:00:42,18490.85,50,697700
20221123,11:01:12,18490.00,50,697700
20221123,11:01:19,18490.00,50,697700
20221123,11:01:32,18490.00,50,697700
20221123,11:01:59,18488.35,50,697700
20221123,11:02:33,18488.25,50,697700
20221123,11:02:34,18488.40,100,697700
20221123,11:02:35,18488.25,100,697700
20221123,11:02:36,18488.25,100,697700
20221123,11:02:40,18489.30,1150,697700
20221123,11:02:41,18488.25,450,697700
20221123,11:02:44,18489.10,50,697700
20221123,11:02:47,18487.75,100,697700
20221123,11:02:48,18488.60,250,700150
20221123,11:02:49,18487.90,300,700150
20221123,11:02:58,18488.35,150,700150
20221123,11:03:02,18487.75,50,700150
20221123,11:03:03,18488.05,50,700150
20221123,11:03:05,18488.40,50,700150
20221123,11:03:06,18488.40,50,700150
20221123,11:03:15,18489.65,50,700150
20221123,11:03:30,18489.70,50,700150
20221123,11:03:35,18489.75,50,700150
20221123,11:03:38,18489.60,50,700150
20221123,11:03:54,18489.75,50,700150
20221123,11:03:58,18489.60,50,700150
20221123,11:04:02,18489.60,50,700150
20221123,11:04:03,18489.85,50,700150
20221123,11:04:05,18490.00,50,700150
20221123,11:04:27,18488.00,50,700150
20221123,11:04:30,18489.00,50,700150
20221123,11:04:40,18486.75,150,700150
20221123,11:04:49,18487.75,50,700150
20221123,11:04:50,18487.75,50,700150
20221123,11:04:59,18488.10,50,700150
20221123,11:05:01,18487.95,50,700150
20221123,11:05:02,18488.10,150,700150
20221123,11:05:56,18489.95,100,701350
20221123,11:05:58,18490.00,100,701350
20221123,11:06:55,18492.00,50,701350
20221123,11:06:59,18491.65,50,701350
20221123,11:07:52,18490.05,100,701350
20221123,11:07:55,18493.35,50,701350
20221123,11:08:14,18491.00,50,701350
20221123,11:08:41,18490.90,50,701350
20221123,11:09:16,18491.10,50,701700
20221123,11:10:05,18491.00,250,701700
20221123,11:10:24,18491.00,50,701700
20221123,11:10:27,18490.45,50,701700
20221123,11:10:28,18489.60,150,701700
20221123,11:10:29,18490.30,1000,701700
20221123,11:10:30,18490.85,150,701700
20221123,11:10:42,18491.00,50,701700
20221123,11:10:48,18490.00,100,701700
20221123,11:10:50,18491.00,150,701700
20221123,11:11:44,18491.00,150,701700
20221123,11:12:24,18490.25,50,703700
20221123,11:12:36,18491.85,50,703700
20221123,11:12:45,18488.25,50,703700
20221123,11:12:52,18488.40,50,703700
20221123,11:12:55,18488.35,50,703700
20221123,11:13:10,18490.40,50,703700
20221123,11:13:15,18488.40,50,703700
20221123,11:13:22,18489.85,50,703700
20221123,11:13:53,18487.45,50,703700
20221123,11:14:03,18487.40,50,703700
20221123,11:14:04,18486.25,50,703700
20221123,11:14:06,18489.30,500,703700
20221123,11:14:19,18487.40,150,703700
20221123,11:14:21,18487.90,50,703700
20221123,11:14:22,18488.55,50,703700
20221123,11:14:33,18489.40,50,703700
20221123,11:14:49,18490.00,100,704100
20221123,11:14:53,18489.30,100,704100
20221123,11:14:55,18490.55,150,704100
20221123,11:15:00,18489.40,50,704100
20221123,11:15:08,18489.45,50,704100
20221123,11:15:35,18490.40,300,704100
20221123,11:15:43,18489.95,50,704100
20221123,11:15:51,18489.45,50,704100
20221123,11:15:59,18489.45,50,704100
20221123,11:16:08,18489.45,50,704100
20221123,11:16:43,18490.00,100,704100
20221123,11:16:51,18489.90,150,704100
20221123,11:16:57,18489.40,50,704100
20221123,11:17:00,18490.00,100,704100
20221123,11:17:01,18489.10,50,704100
20221123,11:17:04,18490.65,50,704100
20221123,11:17:07,18488.85,50,704100
20221123,11:17:13,18489.10,100,704100
20221123,11:17:17,18490.85,50,704100
20221123,11:17:22,18489.00,100,704100
20221123,11:17:32,18491.30,150,704100
20221123,11:17:34,18490.85,750,704100
20221123,11:18:07,18492.15,50,706250
20221123,11:18:47,18492.15,50,706250
20221123,11:19:11,18492.00,150,706250
20221123,11:19:16,18492.05,50,706250
20221123,11:19:25,18492.25,50,706250
20221123,11:19:45,18492.15,400,706250
20221123,11:19:49,18489.95,200,706250
20221123,11:20:01,18488.45,1000,706250
20221123,11:20:06,18490.25,100,706250
20221123,11:20:25,18491.00,50,706250
20221123,11:20:39,18490.00,50,706250
20221123,11:20:55,18490.35,50,707100
20221123,11:21:55,18491.20,50,707100
20221123,11:21:57,18492.00,150,707100
20221123,11:22:04,18494.20,250,707100
20221123,11:22:05,18494.65,50,707100
20221123,11:22:31,18490.05,50,707100
20221123,11:23:03,18491.50,50,707100
20221123,11:23:50,18491.50,1000,707100
20221123,11:23:51,18491.50,350,708050
20221123,11:23:52,18492.45,50,708050
20221123,11:23:58,18491.95,250,708050
20221123,11:24:05,18492.10,50,708050
20221123,11:24:17,18489.45,150,708050
20221123,11:24:26,18488.50,50,708050
20221123,11:24:31,18487.45,550,708050
20221123,11:24:32,18487.60,50,708050
20221123,11:24:39,18488.20,50,708050
20221123,11:24:40,18488.55,50,708050
20221123,11:24:41,18488.50,50,708050
20221123,11:25:29,18486.65,50,708050
20221123,11:25:42,18488.00,50,708050
20221123,11:26:01,18487.65,50,708050
20221123,11:26:23,18487.00,50,708050
20221123,11:26:38,18487.00,100,708050
20221123,11:26:45,18488.50,50,708050
20221123,11:27:52,18488.50,50,709550
20221123,11:27:55,18488.25,50,709550
20221123,11:28:10,18491.10,50,709550
20221123,11:29:12,18490.00,50,709550
20221123,11:29:13,18491.00,50,709550
20221123,11:29:15,18490.00,50,709550
20221123,11:29:47,18490.30,50,709550
20221123,11:30:59,18490.85,100,709700
20221123,11:31:19,18494.65,50,709700
20221123,11:32:16,18494.00,100,709700
20221123,11:32:18,18495.00,50,709700
20221123,11:32:42,18493.95,50,709700
20221123,11:33:06,18493.95,50,709800
20221123,11:33:14,18493.40,50,709800
20221123,11:33:46,18495.85,50,709800
20221123,11:34:08,18495.50,50,709800
20221123,11:34:22,18494.40,50,709800
20221123,11:34:53,18494.00,100,709800
20221123,11:35:00,18495.50,100,709800
20221123,11:35:01,18495.90,200,709800
20221123,11:35:08,18497.00,50,709800
20221123,11:35:21,18496.40,50,709800
20221123,11:35:23,18497.60,50,709800
20221123,11:35:33,18497.00,50,709800
20221123,11:36:05,18496.50,50,709950
20221123,11:36:10,18498.40,200,709950
20221123,11:36:17,18497.40,50,709950
20221123,11:36:25,18498.00,100,709950
20221123,11:36:27,18497.05,50,709950
20221123,11:36:29,18497.05,50,709950
20221123,11:36:30,18497.40,50,709950
20221123,11:36:37,18498.00,50,709950
20221123,11:36:49,18497.00,50,709950
20221123,11:37:01,18497.20,50,709950
20221123,11:37:03,18498.00,50,709950
20221123,11:37:19,18497.20,50,709950
20221123,11:37:28,18499.55,100,709950
20221123,11:37:32,18497.20,50,709950
20221123,11:37:54,18496.50,50,709950
20221123,11:38:01,18496.50,100,709950
20221123,11:38:09,18496.50,50,709950
20221123,11:38:26,18496.50,50,709950
20221123,11:38:56,18496.85,50,710850
20221123,11:39:02,18498.75,500,710850
20221123,11:39:26,18496.85,50,710850
20221123,11:40:11,18495.00,200,710850
20221123,11:40:26,18493.95,50,710850
20221123,11:41:12,18493.15,250,710850
20221123,11:42:27,18494.50,50,711450
20221123,11:43:34,18494.50,50,711450
20221123,11:43:50,18494.30,100,711450
20221123,11:45:49,18498.00,200,711650
20221123,11:46:21,18498.55,100,711650
20221123,11:46:28,18499.85,300,711650
20221123,11:48:26,18497.00,50,711600
20221123,11:49:43,18497.00,50,711600
20221123,11:49:57,18496.15,50,711600
20221123,11:50:17,18497.50,50,711600
20221123,11:50:30,18497.90,50,711600
20221123,11:50:39,18500.00,500,711600
20221123,11:50:47,18499.95,150,711600
20221123,11:52:31,18499.00,50,711750
20221123,11:52:51,18499.95,50,711750
20221123,11:53:11,18498.40,100,711750
20221123,11:53:41,18497.90,50,711750
20221123,11:53:55,18497.55,150,711750
20221123,11:54:38,18497.90,50,711850
20221123,11:55:36,18499.95,100,711850
20221123,11:55:37,18500.00,100,711850
20221123,11:56:29,18499.85,50,711850
20221123,11:56:49,18497.65,50,711850
20221123,11:56:54,18497.65,50,711850
20221123,11:57:37,18496.55,50,712050
20221123,11:58:25,18499.00,50,712050
20221123,11:58:42,18499.00,50,712050
20221123,11:58:46,18500.00,50,712050
20221123,11:58:54,18500.00,50,712050
20221123,12:00:04,18499.15,50,712100
20221123,12:00:22,18500.00,50,712100
20221123,12:01:54,18499.65,250,712100
20221123,12:01:58,18497.50,50,712100
20221123,12:02:43,18498.00,50,712100
20221123,12:03:07,18496.00,50,712100
20221123,12:03:22,18497.25,100,712100
20221123,12:03:23,18499.00,50,712100
20221123,12:03:27,18500.00,200,712100
20221123,12:03:27,18501.00,50,712100
20221123,12:03:45,18502.00,50,712100
20221123,12:03:46,18502.00,50,712100
20221123,12:04:02,18501.50,50,712100
20221123,12:04:26,18501.00,50,712100
20221123,12:05:08,18501.00,50,712100
20221123,12:05:28,18498.50,50,712100
20221123,12:05:31,18498.40,50,712100
20221123,12:05:32,18498.30,50,712100
20221123,12:05:55,18500.80,50,712100
20221123,12:05:56,18501.00,100,712100
20221123,12:06:07,18499.05,50,712100
20221123,12:06:10,18501.00,100,712350
20221123,12:06:14,18501.40,50,712350
20221123,12:07:25,18499.35,100,712350
20221123,12:07:39,18498.60,50,712350
20221123,12:07:49,18499.35,50,712350
20221123,12:08:05,18500.55,50,712350
20221123,12:08:42,18498.15,200,712350
20221123,12:08:43,18499.65,50,712350
20221123,12:08:44,18500.45,50,712350
20221123,12:09:11,18498.85,50,713000
20221123,12:09:12,18502.10,100,713000
20221123,12:09:16,18499.05,50,713000
20221123,12:10:42,18496.75,100,713000
20221123,12:10:44,18498.30,100,713000
20221123,12:10:54,18500.00,100,713000
20221123,12:10:56,18500.45,100,713000
20221123,12:10:57,18497.55,50,713000
20221123,12:11:15,18498.25,50,713000
20221123,12:11:20,18496.15,1000,713000
20221123,12:11:37,18497.50,50,713000
20221123,12:12:00,18499.10,1100,713850
20221123,12:12:03,18496.75,100,713850
20221123,12:12:14,18500.35,100,713850
20221123,12:12:41,18490.75,1050,713850
20221123,12:12:43,18498.35,200,713850
20221123,12:12:54,18499.95,200,713850
20221123,12:12:57,18500.00,50,713850
20221123,12:13:35,18499.50,100,713850
20221123,12:13:40,18498.50,100,713850
20221123,12:13:52,18500.95,150,713850
20221123,12:14:19,18501.00,100,713850
20221123,12:14:20,18502.00,100,713850
20221123,12:14:22,18502.90,50,713850
20221123,12:14:23,18502.95,50,713850
20221123,12:14:24,18502.45,1100,713850
20221123,12:14:26,18502.80,100,713850
20221123,12:14:38,18502.00,50,713850
20221123,12:14:39,18500.30,50,713850
20221123,12:14:40,18500.20,100,713850
20221123,12:14:45,18501.05,50,713850
20221123,12:14:49,18500.30,50,713850
20221123,12:15:05,18502.00,50,716400
20221123,12:15:05,18502.05,50,716400
20221123,12:15:08,18500.30,50,716400
20221123,12:15:25,18500.00,100,716400
20221123,12:16:52,18498.30,150,716400
20221123,12:17:16,18499.95,150,716400
20221123,12:17:39,18499.95,50,716400
20221123,12:17:47,18497.70,150,716400
20221123,12:17:48,18497.65,100,716400
20221123,12:18:17,18499.95,100,717100
20221123,12:18:34,18499.10,1100,717100
20221123,12:18:57,18497.65,50,717100
20221123,12:19:47,18497.00,50,717100
20221123,12:19:55,18494.00,100,717100
20221123,12:20:25,18496.00,50,717100
20221123,12:21:07,18495.00,50,718150
20221123,12:21:10,18494.50,200,718150
20221123,12:21:57,18492.05,250,718150
20221123,12:21:59,18494.00,50,718150
20221123,12:22:16,18492.00,50,718150
20221123,12:22:50,18491.00,50,718150
20221123,12:22:57,18491.00,50,718150
20221123,12:22:58,18492.00,100,718150
20221123,12:23:18,18491.30,250,718150
20221123,12:23:20,18494.00,50,718150
20221123,12:23:53,18491.10,50,718150
20221123,12:23:56,18490.65,250,718150
20221123,12:24:03,18492.00,50,719150
20221123,12:24:36,18493.60,100,719150
20221123,12:24:43,18490.00,300,719150
20221123,12:24:49,18489.65,50,719150
20221123,12:25:45,18487.30,50,719150
20221123,12:25:56,18488.00,150,719150
20221123,12:25:59,18488.00,50,719150
20221123,12:26:04,18490.00,100,719150
20221123,12:26:45,18487.30,50,719150
20221123,12:27:12,18485.15,50,719400
20221123,12:27:33,18487.30,50,719400
20221123,12:28:38,18487.00,50,719400
20221123,12:28:40,18487.00,50,719400
20221123,12:28:43,18487.00,50,719400
20221123,12:28:44,18487.00,50,719400
20221123,12:28:50,18488.00,50,719400
20221123,12:29:30,18488.00,50,719400
20221123,12:29:36,18488.00,150,719400
20221123,12:29:37,18490.00,50,719400
20221123,12:29:53,18491.95,700,719400
20221123,12:30:45,18489.00,50,720100
20221123,12:30:46,18489.95,100,720100
20221123,12:30:48,18489.00,100,720100
20221123,12:30:49,18489.00,50,720100
20221123,12:30:54,18489.00,50,720100
20221123,12:30:56,18489.00,50,720100
20221123,12:31:22,18489.00,300,720100
20221123,12:32:36,18488.00,150,720100
20221123,12:33:02,18490.00,50,720900
20221123,12:33:12,18490.00,50,720900
20221123,12:34:15,18490.15,200,720900
20221123,12:34:29,18490.10,100,720900
20221123,12:34:31,18493.05,50,720900
20221123,12:34:53,18493.60,50,720900
20221123,12:35:08,18493.00,50,720900
20221123,12:35:14,18493.00,50,720900
20221123,12:35:15,18493.00,150,720900
20221123,12:35:17,18493.00,100,720900
20221123,12:35:29,18493.00,50,720900
20221123,12:35:31,18493.00,50,720900
20221123,12:35:33,18493.00,50,720900
20221123,12:35:42,18493.00,250,720900
20221123,12:35:45,18493.00,50,720900
20221123,12:35:48,18493.00,400,720900
20221123,12:36:34,18490.45,50,721900
20221123,12:37:10,18491.05,50,721900
20221123,12:37:11,18494.20,100,721900
20221123,12:37:40,18490.15,50,721900
20221123,12:38:24,18490.25,50,721900
20221123,12:42:20,18490.00,50,722000
20221123,12:42:27,18490.25,100,722000
20221123,12:42:34,18490.25,100,722000
20221123,12:42:36,18492.00,50,722000
20221123,12:42:47,18492.00,50,722000
20221123,12:42:50,18492.00,50,722000
20221123,12:42:51,18493.00,50,722000
20221123,12:42:59,18489.80,50,722000
20221123,12:43:07,18489.25,50,722000
20221123,12:43:23,18489.80,50,722000
20221123,12:43:26,18489.20,100,722000
20221123,12:43:30,18492.80,350,722000
20221123,12:43:34,18492.30,50,722000
20221123,12:43:56,18489.05,50,722000
20221123,12:44:11,18492.70,50,722000
20221123,12:45:01,18489.50,50,722000
20221123,12:45:16,18489.00,100,721800
20221123,12:45:24,18492.15,150,721800
20221123,12:45:25,18492.30,50,721800
20221123,12:45:29,18492.35,50,721800
20221123,12:45:35,18492.30,50,721800
20221123,12:45:57,18490.50,50,721800
20221123,12:46:00,18492.85,200,721800
20221123,12:46:01,18492.80,50,721800
20221123,12:47:58,18490.65,100,721800
20221123,12:48:23,18493.00,50,721900
20221123,12:49:48,18493.00,50,721900
20221123,12:50:09,18493.00,50,721900
20221123,12:50:22,18493.00,100,721900
20221123,12:50:45,18493.00,50,721900
20221123,12:51:02,18494.85,150,721900
20221123,12:52:28,18494.80,100,721900
20221123,12:53:13,18495.00,250,721900
20221123,12:53:30,18491.75,50,721900
20221123,12:55:59,18491.00,50,721900
20221123,12:56:03,18491.00,50,722050
20221123,12:56:33,18495.00,150,722050
20221123,12:57:04,18498.00,150,722050
20221123,12:57:35,18497.90,50,722050
20221123,12:58:19,18495.90,50,722050
20221123,12:58:29,18497.90,50,722050
20221123,12:58:30,18500.00,50,722050
20221123,12:58:42,18498.50,100,722050
20221123,12:58:53,18497.60,250,722050
20221123,12:59:13,18499.00,50,722050
20221123,13:00:23,18499.00,50,722550
20221123,13:00:38,18499.00,50,722550
20221123,13:01:30,18500.00,50,722550
20221123,13:01:45,18500.00,50,722550
20221123,13:01:54,18500.00,250,722550
20221123,13:02:00,18500.00,50,722550
20221123,13:02:40,18498.00,100,722550
20221123,13:02:48,18500.00,650,722550
20221123,13:02:49,18500.00,200,722550
20221123,13:02:59,18500.00,200,722550
20221123,13:03:21,18500.00,50,723000
20221123,13:03:28,18500.00,100,723000
20221123,13:03:50,18500.00,50,723000
20221123,13:05:30,18498.00,100,723000
20221123,13:06:11,18498.00,50,722850
20221123,13:06:18,18498.00,50,722850
20221123,13:06:44,18498.00,50,722850
20221123,13:07:13,18493.90,3000,722850
20221123,13:07:14,18499.00,1300,722850
20221123,13:07:44,18499.95,50,722850
20221123,13:07:45,18500.00,100,722850
20221123,13:07:47,18500.00,50,722850
20221123,13:07:59,18500.00,50,722850
20221123,13:08:00,18500.00,300,722850
20221123,13:08:05,18500.00,50,722850
20221123,13:08:25,18500.00,150,722850
20221123,13:08:49,18501.00,50,722850
20221123,13:08:52,18501.00,50,722850
20221123,13:08:53,18502.00,1950,722850
20221123,13:09:01,18502.00,100,722850
20221123,13:09:07,18502.00,450,722850
20221123,13:09:11,18502.00,50,724700
20221123,13:09:12,18502.00,50,724700
20221123,13:09:13,18502.00,50,724700
20221123,13:09:15,18502.00,50,724700
20221123,13:09:17,18502.00,150,724700
20221123,13:09:21,18502.00,100,724700
20221123,13:09:22,18502.00,100,724700
20221123,13:09:24,18502.00,50,724700
20221123,13:09:25,18502.00,50,724700
20221123,13:09:28,18502.00,250,724700
20221123,13:09:32,18501.75,200,724700
20221123,13:12:09,18498.00,50,724700
20221123,13:12:13,18498.00,100,724850
20221123,13:12:18,18498.00,50,724850
20221123,13:12:20,18498.00,50,724850
20221123,13:12:21,18498.00,50,724850
20221123,13:12:59,18498.00,50,724850
20221123,13:13:50,18493.95,50,724850
20221123,13:15:36,18495.05,50,725000
20221123,13:15:53,18497.50,50,725000
20221123,13:16:43,18496.00,50,725000
20221123,13:17:03,18497.50,50,725000
20221123,13:17:05,18498.00,50,725000
20221123,13:17:32,18496.80,50,725000
20221123,13:18:47,18496.80,50,725000
20221123,13:19:15,18497.75,50,725000
20221123,13:19:16,18500.00,100,725000
20221123,13:19:17,18501.95,100,725000
20221123,13:19:33,18502.90,150,725000
20221123,13:19:46,18504.20,200,725000
20221123,13:20:13,18508.00,100,725000
20221123,13:20:14,18510.00,100,725000
20221123,13:20:36,18509.15,100,725000
20221123,13:21:18,18509.15,50,725200
20221123,13:21:35,18505.00,50,725200
20221123,13:22:03,18508.80,50,725200
20221123,13:22:09,18509.00,50,725200
20221123,13:22:38,18510.00,50,725200
20221123,13:22:46,18509.00,50,725200
20221123,13:23:04,18509.00,300,725200
20221123,13:23:05,18509.00,750,725200
20221123,13:23:06,18509.00,100,725200
20221123,13:23:08,18509.00,50,725200
20221123,13:23:11,18509.00,300,725200
20221123,13:23:34,18509.00,50,725200
20221123,13:23:37,18510.00,50,725200
20221123,13:23:48,18509.00,50,725200
20221123,13:23:49,18509.00,250,725200
20221123,13:23:59,18509.00,200,725200
20221123,13:24:16,18507.50,50,726500
20221123,13:25:57,18507.50,50,726500
20221123,13:26:22,18505.45,50,726500
20221123,13:28:27,18506.00,50,726550
20221123,13:30:47,18499.00,50,726500
20221123,13:30:48,18500.10,50,726500
20221123,13:31:33,18499.00,150,726500
20221123,13:31:59,18496.00,50,726500
20221123,13:32:27,18496.00,50,726500
20221123,13:32:39,18495.00,50,726500
20221123,13:32:57,18495.00,50,726500
20221123,13:33:00,18495.20,100,726500
20221123,13:33:01,18495.10,50,726500
20221123,13:33:03,18498.25,150,726500
20221123,13:33:42,18495.65,50,726850
20221123,13:34:35,18494.85,250,726850
20221123,13:35:23,18494.50,100,726850
20221123,13:35:29,18494.00,150,726850
20221123,13:35:33,18494.00,50,726850
20221123,13:35:39,18495.65,50,726850
20221123,13:36:06,18494.35,250,726850
20221123,13:36:34,18494.45,200,727050
20221123,13:36:43,18494.35,50,727050
20221123,13:36:44,18493.00,250,727050
20221123,13:36:46,18493.30,100,727050
20221123,13:36:47,18494.35,50,727050
20221123,13:37:00,18494.35,50,727050
20221123,13:37:01,18497.05,50,727050
20221123,13:37:07,18494.65,250,727050
20221123,13:37:38,18494.50,250,727050
20221123,13:37:42,18494.95,50,727050
20221123,13:37:45,18498.40,100,727050
20221123,13:38:16,18498.40,50,727050
20221123,13:38:18,18495.75,50,727050
20221123,13:38:20,18498.40,50,727050
20221123,13:38:21,18495.90,50,727050
20221123,13:38:30,18496.00,150,727050
20221123,13:38:31,18496.00,50,727050
20221123,13:38:52,18496.60,300,727050
20221123,13:39:13,18496.60,300,727050
20221123,13:39:14,18499.00,100,727050
20221123,13:39:25,18498.95,200,728100
20221123,13:39:41,18498.75,50,728100
20221123,13:39:51,18495.85,50,728100
20221123,13:39:54,18495.60,50,728100
20221123,13:40:02,18495.20,200,728100
20221123,13:40:06,18498.75,50,728100
20221123,13:40:34,18500.00,100,728100
20221123,13:40:47,18500.00,50,728100
20221123,13:40:48,18500.00,50,728100
20221123,13:41:02,18500.00,100,728100
20221123,13:41:18,18500.00,100,728100
20221123,13:41:19,18503.20,100,728100
20221123,13:43:42,18498.00,50,728450
20221123,13:44:21,18499.35,100,728450
20221123,13:44:42,18498.30,50,728450
20221123,13:44:54,18498.15,50,728450
20221123,13:45:02,18500.00,50,728450
20221123,13:46:19,18496.15,50,728650
20221123,13:48:03,18496.85,600,728650
20221123,13:48:05,18496.80,100,728650
20221123,13:48:12,18496.45,250,728650
20221123,13:48:13,18499.75,50,728650
20221123,13:48:23,18496.90,250,729500
20221123,13:48:32,18497.40,50,729500
20221123,13:48:45,18500.65,150,729500
20221123,13:49:11,18500.85,50,729500
20221123,13:49:15,18500.65,50,729500
20221123,13:49:16,18500.65,100,729500
20221123,13:49:18,18497.70,50,729500
20221123,13:49:21,18497.70,50,729500
20221123,13:49:50,18498.55,50,729500
20221123,13:49:58,18498.50,100,729500
20221123,13:50:23,18495.35,1150,729500
20221123,13:50:34,18500.00,50,729500
20221123,13:50:35,18500.65,50,729500
20221123,13:50:44,18502.00,50,729500
20221123,13:50:50,18502.00,50,729500
20221123,13:51:47,18501.90,50,731350
20221123,13:51:48,18503.00,50,731350
20221123,13:52:01,18506.95,250,731350
20221123,13:52:02,18506.90,100,731350
20221123,13:52:18,18503.75,50,731350
20221123,13:53:00,18506.75,150,731350
20221123,13:53:26,18506.75,50,731350
20221123,13:53:34,18507.20,100,731350
20221123,13:53:41,18505.00,50,731350
20221123,13:53:45,18505.15,50,731350
20221123,13:53:46,18505.20,50,731350
20221123,13:54:18,18505.20,50,731650
20221123,13:54:22,18504.10,100,731650
20221123,13:54:27,18504.10,100,731650
20221123,13:54:31,18505.75,550,731650
20221123,13:54:45,18505.75,50,731650
20221123,13:54:50,18503.75,100,731650
20221123,13:54:51,18503.65,50,731650
20221123,13:54:52,18503.70,100,731650
20221123,13:54:54,18503.70,50,731650
20221123,13:54:56,18503.75,650,731650
20221123,13:55:02,18503.75,50,731650
20221123,13:55:16,18503.75,50,731650
20221123,13:55:17,18506.00,50,731650
20221123,13:55:30,18506.00,50,731650
20221123,13:55:38,18505.00,50,731650
20221123,13:55:46,18505.00,50,731650
20221123,13:56:07,18505.00,50,731650
20221123,13:56:14,18505.00,50,731650
20221123,13:56:31,18505.00,50,731650
20221123,13:56:36,18506.00,50,731650
20221123,13:56:37,18505.00,50,731650
20221123,13:56:41,18503.80,100,731650
20221123,13:56:55,18504.45,100,731650
20221123,13:56:57,18506.00,50,731650
20221123,13:57:06,18505.70,50,731650
20221123,13:57:13,18507.10,100,731650
20221123,13:57:20,18508.10,50,733750
20221123,13:57:29,18509.00,50,733750
20221123,13:57:31,18509.00,50,733750
20221123,13:57:40,18509.65,50,733750
20221123,13:58:02,18509.65,50,733750
20221123,13:58:23,18509.65,50,733750
20221123,13:58:29,18508.00,50,733750
20221123,13:58:32,18509.40,300,733750
20221123,13:58:47,18508.95,100,733750
20221123,13:59:05,18507.00,50,733750
20221123,13:59:19,18507.00,50,733750
20221123,13:59:23,18505.00,50,733750
20221123,13:59:34,18506.25,50,733750
20221123,14:00:01,18506.25,50,733750
20221123,14:00:02,18506.70,150,733750
20221123,14:00:23,18505.45,50,734650
20221123,14:01:44,18502.00,50,734650
20221123,14:02:22,18501.85,50,734650
20221123,14:02:26,18499.50,50,734650
20221123,14:02:38,18504.00,200,734650
20221123,14:03:57,18503.00,50,734750
20221123,14:04:00,18503.00,50,734750
20221123,14:04:01,18505.00,50,734750
20221123,14:04:10,18503.45,50,734750
20221123,14:04:12,18503.75,50,734750
20221123,14:04:16,18504.00,100,734750
20221123,14:04:19,18505.45,50,734750
20221123,14:04:26,18505.45,100,734750
20221123,14:04:31,18505.45,50,734750
20221123,14:04:32,18505.45,100,734750
20221123,14:04:34,18505.45,50,734750
20221123,14:04:38,18505.45,50,734750
20221123,14:04:39,18505.45,50,734750
20221123,14:04:42,18506.00,100,734750
20221123,14:04:49,18504.60,350,734750
20221123,14:04:51,18504.80,100,734750
20221123,14:04:53,18504.90,100,734750
20221123,14:04:54,18505.30,150,734750
20221123,14:05:13,18506.00,50,734750
20221123,14:05:29,18507.25,50,734750
20221123,14:06:04,18507.80,50,734750
20221123,14:06:22,18509.00,100,735800
20221123,14:06:28,18508.00,50,735800
20221123,14:06:42,18506.20,50,735800
20221123,14:06:49,18510.00,900,735800
20221123,14:07:08,18508.70,50,735800
20221123,14:07:15,18508.70,100,735800
20221123,14:08:32,18506.00,50,735800
20221123,14:08:58,18508.55,50,735800
20221123,14:10:53,18505.00,150,736150
20221123,14:11:01,18504.90,100,736150
20221123,14:11:21,18504.00,50,736150
20221123,14:11:22,18506.85,50,736150
20221123,14:11:42,18502.55,250,736150
20221123,14:12:03,18504.40,50,736150
20221123,14:12:17,18507.00,50,736150
20221123,14:12:18,18509.50,100,736150
20221123,14:12:25,18506.45,50,736150
20221123,14:13:42,18506.00,50,736450
20221123,14:13:47,18506.00,150,736450
20221123,14:14:14,18508.00,50,736450
20221123,14:14:38,18506.70,50,736450
20221123,14:14:47,18506.50,50,736450
20221123,14:14:49,18509.00,100,736450
20221123,14:14:50,18509.00,50,736450
20221123,14:15:09,18507.60,50,736450
20221123,14:15:10,18509.45,50,736450
20221123,14:15:14,18508.45,50,736450
20221123,14:15:50,18508.45,50,736800
20221123,14:15:51,18507.95,100,736800
20221123,14:15:55,18507.35,100,736800
20221123,14:16:14,18508.40,50,736800
20221123,14:16:15,18508.40,50,736800
20221123,14:16:35,18509.70,50,736800
20221123,14:16:36,18509.65,50,736800
20221123,14:16:38,18509.00,50,736800
20221123,14:16:39,18509.35,50,736800
20221123,14:17:01,18507.35,50,736800
20221123,14:17:21,18508.90,50,736800
20221123,14:18:26,18506.35,50,737400
20221123,14:18:28,18506.35,50,737400
20221123,14:18:29,18506.35,50,737400
20221123,14:18:34,18506.35,50,737400
20221123,14:18:57,18508.00,50,737400
20221123,14:19:17,18505.40,50,737400
20221123,14:19:26,18505.40,50,737400
20221123,14:19:27,18507.65,50,737400
20221123,14:19:42,18504.65,50,737400
20221123,14:19:43,18506.10,50,737400
20221123,14:19:53,18504.35,50,737400
20221123,14:20:08,18503.35,50,737400
20221123,14:20:19,18504.35,50,737400
20221123,14:20:24,18505.00,200,737400
20221123,14:20:26,18505.00,50,737400
20221123,14:20:27,18505.00,50,737400
20221123,14:20:33,18505.50,50,737400
20221123,14:20:51,18504.00,150,737400
20221123,14:20:52,18503.90,50,737400
20221123,14:20:59,18505.00,50,737400
20221123,14:21:06,18506.00,50,737400
20221123,14:21:07,18508.00,50,737400
20221123,14:21:13,18505.00,50,737400
20221123,14:21:37,18508.00,50,738450
20221123,14:23:00,18505.00,50,738450
20221123,14:23:48,18502.35,50,738450
20221123,14:24:20,18504.05,50,738450
20221123,14:24:21,18504.05,50,738450
20221123,14:24:23,18503.55,50,738450
20221123,14:24:25,18503.55,50,738700
20221123,14:24:37,18500.00,50,738700
20221123,14:24:47,18501.35,50,738700
20221123,14:25:10,18500.00,100,738700
20221123,14:25:20,18501.00,100,738700
20221123,14:25:33,18501.85,50,738700
20221123,14:26:06,18501.85,100,738700
20221123,14:26:16,18504.00,100,738700
20221123,14:26:17,18504.00,150,738700
20221123,14:26:27,18504.40,50,738700
20221123,14:27:50,18506.00,50,739450
20221123,14:27:56,18509.00,150,739450
20221123,14:27:57,18509.95,100,739450
20221123,14:27:58,18510.00,100,739450
20221123,14:28:00,18510.00,100,739450
20221123,14:28:02,18510.00,350,739450
20221123,14:28:08,18510.00,50,739450
20221123,14:28:19,18510.00,200,739450
20221123,14:28:20,18510.00,200,739450
20221123,14:28:21,18510.00,500,739450
20221123,14:28:22,18511.00,100,739450
20221123,14:28:24,18511.00,50,739450
20221123,14:28:25,18511.00,50,739450
20221123,14:28:32,18511.70,150,739450
20221123,14:28:36,18514.00,50,739450
20221123,14:28:38,18515.00,150,739450
20221123,14:28:39,18515.00,400,739450
20221123,14:28:41,18515.25,100,739450
20221123,14:28:45,18516.35,50,739450
20221123,14:28:49,18516.80,50,739450
20221123,14:28:50,18518.00,150,739450
20221123,14:28:51,18517.55,50,739450
20221123,14:28:52,18518.70,50,739450
20221123,14:29:02,18517.95,50,739450
20221123,14:29:03,18518.65,50,739450
20221123,14:29:32,18513.30,50,739450
20221123,14:29:35,18513.95,50,739450
20221123,14:29:53,18513.95,50,739450
20221123,14:30:03,18514.90,50,739450
20221123,14:30:07,18515.55,50,739450
20221123,14:30:12,18517.75,400,739450
20221123,14:30:35,18516.95,50,741300
20221123,14:30:47,18518.00,50,741300
20221123,14:30:56,18518.05,100,741300
20221123,14:31:01,18514.50,50,741300
20221123,14:31:38,18514.20,50,741300
20221123,14:31:50,18513.95,200,741300
20221123,14:32:33,18513.50,50,741300
20221123,14:32:34,18513.95,50,741300
20221123,14:32:43,18515.00,50,741300
20221123,14:32:47,18516.40,50,741300
20221123,14:33:06,18515.30,50,741300
20221123,14:33:57,18513.10,50,741500
20221123,14:34:35,18513.00,50,741500
20221123,14:35:13,18513.00,50,741500
20221123,14:35:19,18512.50,50,741500
20221123,14:35:41,18515.00,50,741500
20221123,14:38:09,18511.75,50,741700
20221123,14:38:44,18514.75,50,741700
20221123,14:38:47,18514.95,50,741700
20221123,14:38:58,18512.40,50,741700
20221123,14:39:18,18512.40,50,741700
20221123,14:39:24,18512.10,400,741700
20221123,14:39:25,18512.35,100,741700
20221123,14:39:28,18514.55,150,742000
20221123,14:39:36,18511.10,50,742000
20221123,14:39:53,18512.60,50,742000
20221123,14:39:56,18514.55,50,742000
20221123,14:39:58,18513.75,50,742000
20221123,14:40:06,18515.00,50,742000
20221123,14:40:09,18516.00,50,742000
20221123,14:40:16,18515.10,50,742000
20221123,14:40:27,18518.15,50,742000
20221123,14:40:35,18518.70,300,742000
20221123,14:40:36,18518.85,50,742000
20221123,14:40:42,18517.10,50,742000
20221123,14:40:44,18516.50,50,742000
20221123,14:40:55,18519.00,50,742000
20221123,14:40:56,18517.25,50,742000
20221123,14:41:02,18519.00,50,742000
20221123,14:41:04,18519.15,100,742000
20221123,14:41:28,18520.00,400,742000
20221123,14:41:29,18520.00,50,742000
20221123,14:41:31,18520.00,200,742000
20221123,14:41:39,18520.75,50,742000
20221123,14:42:04,18518.75,50,742000
20221123,14:42:07,18518.75,600,742000
20221123,14:42:08,18520.75,100,742000
20221123,14:42:12,18520.75,200,742000
20221123,14:43:27,18520.75,100,743500
20221123,14:43:28,18521.00,50,743500
20221123,14:43:32,18521.50,50,743500
20221123,14:44:03,18520.10,50,743500
20221123,14:44:09,18522.00,50,743500
20221123,14:44:12,18525.00,1000,743500
20221123,14:44:35,18525.00,50,743500
20221123,14:44:36,18525.00,100,743500
20221123,14:44:37,18522.05,100,743500
20221123,14:44:38,18524.90,100,743500
20221123,14:44:57,18524.90,100,743500
20221123,14:44:58,18522.85,50,743500
20221123,14:45:08,18523.40,50,743500
20221123,14:45:09,18523.50,50,743500
20221123,14:45:11,18523.50,50,743500
20221123,14:45:12,18523.50,50,743500
20221123,14:45:14,18525.00,50,743500
20221123,14:45:19,18525.00,50,743500
20221123,14:45:22,18525.00,50,743500
20221123,14:45:25,18525.00,50,743500
20221123,14:45:35,18525.00,150,744100
20221123,14:45:44,18524.20,50,744100
20221123,14:45:44,18524.25,50,744100
20221123,14:45:45,18524.30,100,744100
20221123,14:45:46,18524.30,100,744100
20221123,14:45:47,18524.30,100,744100
20221123,14:45:54,18525.00,50,744100
20221123,14:46:03,18524.40,100,744100
20221123,14:46:04,18523.40,50,744100
20221123,14:46:09,18524.40,50,744100
20221123,14:46:12,18524.40,50,744100
20221123,14:46:19,18525.00,100,744100
20221123,14:46:24,18524.40,100,744100
20221123,14:46:26,18524.40,50,744100
20221123,14:46:27,18524.40,50,744100
20221123,14:47:07,18523.40,50,744100
20221123,14:47:09,18524.50,100,744100
20221123,14:47:13,18524.80,50,744100
20221123,14:47:21,18525.00,750,744100
20221123,14:47:26,18525.00,50,744100
20221123,14:47:27,18525.00,150,744100
20221123,14:47:37,18525.15,350,744100
20221123,14:48:11,18525.15,50,744100
20221123,14:48:25,18522.90,50,744100
20221123,14:48:27,18522.00,50,744100
20221123,14:48:30,18522.00,50,745100
20221123,14:48:37,18522.00,50,745100
20221123,14:48:39,18520.00,50,745100
20221123,14:48:42,18520.00,50,745100
20221123,14:48:44,18520.85,50,745100
20221123,14:48:50,18521.00,50,745100
20221123,14:49:07,18520.00,50,745100
20221123,14:49:26,18520.00,50,745100
20221123,14:49:46,18522.00,450,745100
20221123,14:50:09,18524.15,50,745100
20221123,14:50:10,18522.00,50,745100
20221123,14:50:11,18524.10,100,745100
20221123,14:50:18,18524.15,50,745100
20221123,14:50:20,18521.00,50,745100
20221123,14:50:56,18525.00,100,745100
20221123,14:51:12,18525.10,50,745100
20221123,14:51:15,18527.00,150,745100
20221123,14:51:22,18527.00,100,745100
20221123,14:51:24,18527.00,300,745100
20221123,14:51:25,18527.00,400,745100
20221123,14:51:26,18527.00,3600,745100
20221123,14:51:38,18527.95,100,744700
20221123,14:51:48,18528.80,50,744700
20221123,14:52:03,18528.80,50,744700
20221123,14:52:07,18528.30,50,744700
20221123,14:52:10,18526.95,50,744700
20221123,14:52:30,18526.80,100,744700
20221123,14:52:39,18527.10,50,744700
20221123,14:52:42,18528.85,50,744700
20221123,14:52:59,18528.85,50,744700
20221123,14:53:02,18529.00,150,744700
20221123,14:53:04,18529.90,850,744700
20221123,14:53:08,18529.95,100,744700
20221123,14:53:11,18529.95,50,744700
20221123,14:53:13,18530.00,100,744700
20221123,14:53:14,18530.00,350,744700
20221123,14:53:15,18530.15,150,744700
20221123,14:53:16,18530.85,50,744700
20221123,14:53:17,18530.85,100,744700
20221123,14:53:18,18530.15,50,744700
20221123,14:53:21,18530.10,50,744700
20221123,14:53:21,18530.15,100,744700
20221123,14:53:22,18530.15,50,744700
20221123,14:53:23,18530.10,50,744700
20221123,14:53:24,18530.15,50,744700
20221123,14:53:31,18530.00,100,744700
20221123,14:53:44,18530.00,100,744700
20221123,14:53:46,18530.00,150,744700
20221123,14:53:58,18529.65,50,744700
20221123,14:54:06,18530.00,150,744700
20221123,14:54:10,18530.00,300,744700
20221123,14:54:20,18530.00,50,744700
20221123,14:54:23,18527.05,100,744700
20221123,14:54:25,18529.90,50,744700
20221123,14:54:29,18530.00,150,744700
20221123,14:54:52,18529.90,100,746600
20221123,14:55:04,18530.00,50,746600
20221123,14:55:06,18529.90,50,746600
20221123,14:55:37,18529.90,50,746600
20221123,14:55:40,18529.95,50,746600
20221123,14:55:44,18530.00,100,746600
20221123,14:55:45,18530.15,50,746600
20221123,14:55:45,18530.15,250,746600
20221123,14:55:46,18530.15,200,746600
20221123,14:55:47,18531.00,100,746600
20221123,14:55:48,18532.00,150,746600
20221123,14:55:51,18532.10,100,746600
20221123,14:55:51,18532.15,50,746600
20221123,14:55:58,18532.15,50,746600
20221123,14:56:04,18534.75,150,746600
20221123,14:56:06,18534.75,50,746600
20221123,14:56:08,18534.80,50,746600
20221123,14:56:20,18534.80,50,746600
20221123,14:56:24,18533.25,50,746600
20221123,14:56:31,18535.00,150,746600
20221123,14:56:35,18535.05,50,746600
20221123,14:56:42,18536.40,150,746600
20221123,14:56:43,18537.00,50,746600
20221123,14:56:53,18537.00,50,746600
20221123,14:56:55,18537.50,450,746600
20221123,14:56:58,18537.50,50,746600
20221123,14:57:05,18535.20,50,746600
20221123,14:57:14,18535.30,100,746600
20221123,14:57:16,18535.30,150,746600
20221123,14:57:24,18535.25,50,746600
20221123,14:57:25,18538.00,850,746600
20221123,14:57:38,18538.00,50,748250
20221123,14:57:39,18535.30,50,748250
20221123,14:57:44,18535.10,50,748250
20221123,14:57:47,18538.30,300,748250
20221123,14:57:49,18538.60,50,748250
20221123,14:57:57,18538.60,650,748250
20221123,14:57:58,18535.00,50,748250
20221123,14:57:59,18535.00,50,748250
20221123,14:58:01,18535.00,50,748250
20221123,14:58:09,18535.00,50,748250
20221123,14:58:12,18535.00,50,748250
20221123,14:59:03,18535.00,1000,748250
20221123,14:59:07,18535.50,50,748250
20221123,14:59:08,18535.40,150,748250
20221123,14:59:08,18535.00,50,748250
20221123,14:59:09,18535.35,50,748250
20221123,14:59:15,18535.00,50,748250
20221123,14:59:33,18535.10,100,748250
20221123,14:59:35,18535.50,200,748250
20221123,14:59:36,18535.50,100,748250
20221123,14:59:37,18535.00,50,748250
20221123,14:59:43,18535.00,1000,748250
20221123,14:59:46,18535.00,50,748250
20221123,14:59:51,18535.00,50,748250
20221123,14:59:54,18535.00,50,748250
20221123,14:59:58,18535.00,50,748250
20221123,15:00:00,18536.00,50,748250
20221123,15:00:01,18537.55,50,748250
20221123,15:00:02,18539.00,150,748250
20221123,15:00:04,18540.00,100,748250
20221123,15:00:06,18540.00,100,748250
20221123,15:00:08,18535.00,50,748250
20221123,15:00:12,18535.00,4150,748250
20221123,15:00:23,18525.55,50,748250
20221123,15:00:26,18525.05,50,748250
20221123,15:00:31,18522.20,300,753950
20221123,15:00:37,18525.05,50,753950
20221123,15:00:38,18522.70,550,753950
20221123,15:00:41,18525.05,50,753950
20221123,15:00:44,18525.05,50,753950
20221123,15:00:45,18528.50,150,753950
20221123,15:00:58,18526.70,50,753950
20221123,15:01:11,18526.40,150,753950
20221123,15:01:25,18522.35,500,753950
20221123,15:01:30,18522.80,200,753950
20221123,15:01:34,18525.00,50,753950
20221123,15:01:36,18528.50,350,753950
20221123,15:01:44,18528.40,50,753950
20221123,15:01:48,18528.40,50,753950
20221123,15:02:01,18525.10,50,753950
20221123,15:02:05,18525.10,50,753950
20221123,15:02:30,18522.85,50,753950
20221123,15:02:41,18522.80,50,753950
20221123,15:02:47,18520.00,200,753950
20221123,15:02:53,18519.00,100,753950
20221123,15:03:07,18519.50,50,753950
20221123,15:03:16,18515.50,50,753950
20221123,15:03:31,18511.00,100,753950
20221123,15:03:35,18510.05,50,753950
20221123,15:03:40,18511.60,50,754800
20221123,15:03:41,18514.00,50,754800
20221123,15:03:42,18511.75,50,754800
20221123,15:04:06,18512.10,50,754800
20221123,15:04:32,18513.20,50,754800
20221123,15:04:46,18516.25,50,754800
20221123,15:04:53,18514.90,50,754800
20221123,15:05:30,18509.50,150,754800
20221123,15:05:32,18510.30,50,754800
20221123,15:05:33,18509.00,50,754800
20221123,15:05:36,18505.00,350,754800
20221123,15:05:37,18505.85,50,754800
20221123,15:05:39,18500.70,50,754800
20221123,15:05:41,18504.10,50,754800
20221123,15:05:49,18503.80,50,754800
20221123,15:05:52,18504.40,50,754800
20221123,15:05:59,18505.00,50,754800
20221123,15:06:52,18505.00,50,755000
20221123,15:06:53,18505.00,100,755000
20221123,15:06:57,18506.40,50,755000
20221123,15:07:13,18509.00,50,755000
20221123,15:07:32,18513.00,50,755000
20221123,15:07:33,18513.00,50,755000
20221123,15:07:43,18513.00,200,755000
20221123,15:07:48,18511.35,50,755000
20221123,15:07:57,18509.00,50,755000
20221123,15:08:06,18506.00,50,755000
20221123,15:08:11,18500.00,300,755000
20221123,15:08:13,18500.00,250,755000
20221123,15:08:23,18495.00,50,755000
20221123,15:08:24,18493.75,100,755000
20221123,15:08:26,18490.10,150,755000
20221123,15:08:28,18492.35,50,755000
20221123,15:08:38,18490.10,100,755000
20221123,15:08:39,18492.35,50,755000
20221123,15:08:42,18493.05,50,755000
20221123,15:08:43,18492.70,350,755000
20221123,15:08:50,18490.00,100,755000
20221123,15:08:56,18488.60,150,755000
20221123,15:08:57,18488.80,50,755000
20221123,15:08:58,18488.80,100,755000
20221123,15:08:59,18486.50,100,755000
20221123,15:09:00,18484.00,200,755000
20221123,15:09:07,18483.95,50,755000
20221123,15:09:10,18483.00,50,755000
20221123,15:09:12,18480.20,50,755000
20221123,15:09:15,18483.00,50,755000
20221123,15:09:18,18484.00,300,755000
20221123,15:09:35,18484.10,150,754800
20221123,15:09:42,18487.05,50,754800
20221123,15:09:46,18486.50,50,754800
20221123,15:09:58,18486.55,50,754800
20221123,15:10:10,18486.50,50,754800
20221123,15:10:12,18488.00,50,754800
20221123,15:10:16,18486.50,50,754800
20221123,15:10:17,18486.35,50,754800
20221123,15:10:20,18485.00,50,754800
20221123,15:10:35,18485.00,150,754800
20221123,15:10:38,18486.20,50,754800
20221123,15:10:45,18488.00,50,754800
20221123,15:10:50,18486.45,50,754800
20221123,15:10:51,18489.50,50,754800
20221123,15:11:01,18489.00,50,754800
20221123,15:11:13,18489.85,100,754800
20221123,15:11:19,18486.60,50,754800
20221123,15:11:24,18486.55,50,754800
20221123,15:11:29,18488.05,50,754800
20221123,15:11:35,18490.00,500,754800
20221123,15:11:36,18490.00,550,754800
20221123,15:11:37,18490.95,150,754800
20221123,15:11:43,18495.35,150,754800
20221123,15:12:11,18492.00,800,754800
20221123,15:12:12,18492.00,200,754800
20221123,15:12:13,18490.95,100,754800
20221123,15:12:15,18490.95,50,754800
20221123,15:12:27,18490.95,50,754800
20221123,15:12:33,18491.95,100,754800
20221123,15:13:02,18492.00,50,755800
20221123,15:13:11,18492.20,100,755800
20221123,15:13:18,18493.85,50,755800
20221123,15:13:22,18492.00,50,755800
20221123,15:13:24,18490.00,100,755800
20221123,15:13:54,18490.10,50,755800
20221123,15:14:09,18493.00,50,755800
20221123,15:14:21,18492.65,50,755800
20221123,15:14:22,18493.00,50,755800
20221123,15:14:30,18494.25,50,755800
20221123,15:14:41,18494.75,100,755800
20221123,15:14:42,18494.85,100,755800
20221123,15:14:59,18490.45,50,755800
20221123,15:15:08,18490.00,50,755800
20221123,15:15:11,18488.00,50,755800
20221123,15:15:26,18488.70,50,755800
20221123,15:15:29,18487.05,50,755800
20221123,15:15:41,18487.05,200,756100
20221123,15:15:42,18487.05,100,756100
20221123,15:15:45,18488.00,150,756100
20221123,15:15:46,18487.05,50,756100
20221123,15:15:55,18485.00,200,756100
20221123,15:15:57,18484.00,100,756100
20221123,15:15:59,18480.55,150,756100
20221123,15:16:02,18480.00,50,756100
20221123,15:16:07,18480.00,50,756100
20221123,15:16:08,18480.00,1000,756100
20221123,15:16:47,18481.40,500,756100
20221123,15:17:00,18481.50,100,756100
20221123,15:17:01,18482.00,50,756100
20221123,15:17:02,18482.00,50,756100
20221123,15:17:04,18483.00,50,756100
20221123,15:17:24,18484.00,50,756100
20221123,15:17:25,18483.00,100,756100
20221123,15:17:32,18484.00,50,756100
20221123,15:17:35,18483.00,50,756100
20221123,15:17:37,18483.00,150,756100
20221123,15:17:37,18484.00,100,756100
20221123,15:17:56,18483.00,100,756100
20221123,15:18:00,18483.00,50,756100
20221123,15:18:17,18482.00,50,756100
20221123,15:18:54,18481.00,50,757350
20221123,15:18:56,18480.70,50,757350
20221123,15:19:00,18479.00,400,757350
20221123,15:19:02,18480.70,100,757350
20221123,15:19:20,18478.00,50,757350
20221123,15:19:28,18478.00,50,757350
20221123,15:19:30,18478.00,50,757350
20221123,15:19:40,18477.05,100,757350
20221123,15:19:45,18476.45,50,757350
20221123,15:19:50,18476.45,250,757350
20221123,15:19:51,18479.55,1850,757350
20221123,15:19:54,18476.45,250,757350
20221123,15:19:58,18476.55,250,757350
20221123,15:19:59,18476.50,50,757350
20221123,15:20:00,18476.55,50,757350
20221123,15:20:01,18476.50,250,757350
20221123,15:20:06,18476.50,50,757350
20221123,15:20:23,18477.55,100,757350
20221123,15:20:26,18477.55,50,757350
20221123,15:20:30,18477.40,200,757350
20221123,15:20:36,18477.85,50,757350
20221123,15:20:37,18477.85,100,757350
20221123,15:20:42,18477.55,50,757350
20221123,15:20:43,18477.55,50,757350
20221123,15:20:44,18478.20,50,757350
20221123,15:20:54,18477.55,150,757350
20221123,15:20:58,18480.00,50,757350
20221123,15:21:07,18479.05,50,757350
20221123,15:21:21,18479.35,100,757350
20221123,15:21:28,18480.40,350,757350
20221123,15:21:39,18480.40,150,759650
20221123,15:21:40,18480.80,50,759650
20221123,15:21:43,18480.40,100,759650
20221123,15:21:54,18480.00,50,759650
20221123,15:22:00,18479.65,100,759650
20221123,15:22:14,18480.50,50,759650
20221123,15:22:22,18483.30,50,759650
20221123,15:22:28,18480.05,100,759650
20221123,15:22:38,18480.55,50,759650
20221123,15:22:43,18480.80,50,759650
20221123,15:22:54,18484.70,500,759650
20221123,15:22:58,18484.70,50,759650
20221123,15:23:07,18482.10,50,759650
20221123,15:23:20,18482.10,50,759650
20221123,15:23:29,18481.00,50,759650
20221123,15:23:29,18482.00,50,759650
20221123,15:23:31,18480.00,100,759650
20221123,15:23:32,18478.50,250,759650
20221123,15:23:36,18481.25,350,759650
20221123,15:23:47,18477.70,100,759650
20221123,15:24:02,18481.10,50,759650
20221123,15:24:19,18477.75,50,759650
20221123,15:24:25,18477.65,50,759650
20221123,15:24:28,18479.95,100,759650
20221123,15:24:40,18477.00,50,760700
20221123,15:24:51,18480.00,50,760700
20221123,15:24:56,18480.00,200,760700
20221123,15:25:01,18480.95,50,760700
20221123,15:25:08,18480.95,150,760700
20221123,15:25:38,18480.80,50,760700
20221123,15:25:45,18477.15,250,760700
20221123,15:25:47,18477.10,250,760700
20221123,15:25:52,18477.00,250,760700
20221123,15:25:56,18477.00,100,760700
20221123,15:25:58,18475.90,150,760700
20221123,15:25:59,18475.50,500,760700
20221123,15:26:10,18475.85,100,760700
20221123,15:26:11,18475.85,50,760700
20221123,15:26:12,18475.85,50,760700
20221123,15:26:14,18475.00,350,760700
20221123,15:26:16,18475.00,50,760700
20221123,15:26:20,18475.00,350,760700
20221123,15:26:21,18475.85,50,760700
20221123,15:26:22,18475.00,50,760700
20221123,15:26:23,18475.85,150,760700
20221123,15:26:24,18475.85,100,760700
20221123,15:26:28,18479.10,50,760700
20221123,15:26:30,18476.00,50,760700
20221123,15:26:42,18479.65,50,760700
20221123,15:26:44,18477.05,50,760700
20221123,15:26:46,18480.00,50,760700
20221123,15:26:47,18482.05,200,760700
20221123,15:26:51,18481.00,50,760700
20221123,15:26:53,18482.60,50,760700
20221123,15:26:57,18481.10,100,760700
20221123,15:26:58,18482.20,50,760700
20221123,15:27:00,18482.05,200,760700
20221123,15:27:04,18482.00,550,760700
20221123,15:27:05,18482.05,50,760700
20221123,15:27:07,18482.15,100,760700
20221123,15:27:07,18481.80,150,760700
20221123,15:27:08,18482.00,50,760700
20221123,15:27:09,18481.65,150,760700
20221123,15:27:10,18482.00,50,760700
20221123,15:27:11,18481.95,100,760700
20221123,15:27:14,18481.10,50,760700
20221123,15:27:15,18481.25,100,760700
20221123,15:27:16,18481.00,100,760700
20221123,15:27:17,18480.00,200,760700
20221123,15:27:21,18481.05,200,760700
20221123,15:27:22,18481.10,50,760700
20221123,15:27:23,18480.65,50,760700
20221123,15:27:25,18481.15,100,760700
20221123,15:27:28,18477.50,50,760700
20221123,15:27:29,18477.45,100,760700
20221123,15:27:31,18480.50,50,760700
20221123,15:27:33,18478.00,50,760700
20221123,15:27:35,18479.90,150,760700
20221123,15:27:37,18479.60,50,764450
20221123,15:27:38,18477.00,250,764450
20221123,15:27:40,18479.00,50,764450
20221123,15:27:42,18479.00,50,764450
20221123,15:27:43,18479.25,100,764450
20221123,15:27:45,18479.00,50,764450
20221123,15:27:46,18477.70,50,764450
20221123,15:27:50,18478.10,50,764450
20221123,15:27:51,18478.10,50,764450
20221123,15:27:52,18477.70,100,764450
20221123,15:27:53,18476.80,50,764450
20221123,15:27:56,18476.80,50,764450
20221123,15:27:57,18476.30,100,764450
20221123,15:27:58,18477.00,350,764450
20221123,15:27:59,18476.00,100,764450
20221123,15:28:00,18475.00,100,764450
20221123,15:28:02,18476.30,250,764450
20221123,15:28:04,18477.00,50,764450
20221123,15:28:05,18474.25,100,764450
20221123,15:28:07,18477.00,50,764450
20221123,15:28:08,18477.00,250,764450
20221123,15:28:09,18477.65,100,764450
20221123,15:28:10,18475.00,50,764450
20221123,15:28:20,18478.30,50,764450
20221123,15:28:21,18475.80,50,764450
20221123,15:28:22,18476.85,50,764450
20221123,15:28:23,18477.85,50,764450
20221123,15:28:25,18476.80,50,764450
20221123,15:28:27,18475.80,350,764450
20221123,15:28:28,18475.80,250,764450
20221123,15:28:29,18475.85,100,764450
20221123,15:28:30,18475.85,50,764450
20221123,15:28:31,18475.85,100,764450
20221123,15:28:36,18475.85,300,764450
20221123,15:28:37,18476.00,50,764450
20221123,15:28:39,18475.80,250,764450
20221123,15:28:41,18475.85,50,764450
20221123,15:28:41,18475.50,50,764450
20221123,15:28:42,18475.90,100,764450
20221123,15:28:43,18475.00,50,764450
20221123,15:28:45,18475.15,100,764450
20221123,15:28:47,18476.00,200,764450
20221123,15:28:48,18477.00,150,764450
20221123,15:28:49,18476.00,200,764450
20221123,15:28:50,18476.00,150,764450
20221123,15:28:51,18476.65,50,764450
20221123,15:28:53,18475.05,250,764450
20221123,15:28:55,18477.70,100,764450
20221123,15:28:56,18475.05,150,764450
20221123,15:28:57,18475.00,200,764450
20221123,15:28:58,18477.80,100,764450
20221123,15:29:00,18477.00,150,764450
20221123,15:29:02,18477.00,100,764450
20221123,15:29:03,18477.75,250,764450
20221123,15:29:04,18477.00,300,764450
20221123,15:29:06,18476.60,100,764450
20221123,15:29:07,18477.60,100,764450
20221123,15:29:08,18477.55,150,764450
20221123,15:29:08,18477.60,150,764450
20221123,15:29:09,18477.60,50,764450
20221123,15:29:10,18477.00,350,764450
20221123,15:29:13,18477.90,150,764450
20221123,15:29:16,18477.80,200,764450
20221123,15:29:19,18476.00,250,764450
20221123,15:29:20,18476.00,50,764450
20221123,15:29:21,18477.65,100,764450
20221123,15:29:22,18477.80,100,764450
20221123,15:29:23,18477.65,200,764450
20221123,15:29:25,18477.90,50,764450
20221123,15:29:30,18477.85,50,764450
20221123,15:29:32,18476.00,150,764450
20221123,15:29:37,18477.00,50,764450
20221123,15:29:42,18476.35,150,764450
20221123,15:29:43,18476.30,50,764450
20221123,15:29:44,18476.00,50,764450
20221123,15:29:45,18475.10,150,764450
20221123,15:29:49,18477.00,100,764450
20221123,15:29:51,18477.00,50,764450
20221123,15:29:54,18477.00,100,764450
20221123,15:29:55,18475.70,150,764450
20221123,15:29:56,18475.70,100,764450
20221123,15:29:57,18478.00,50,764450
20221123,15:29:58,18478.65,50,764450
