20221123,09:15:00,18355.00,1,8162850
20221123,09:15:00,18358.00,1,8162850
20221123,09:15:00,18336.00,5000,8162850
20221123,09:15:00,18335.00,7500,8162850
20221123,09:15:02,18331.00,7150,8162850
20221123,09:15:03,18325.15,13000,8162850
20221123,09:15:04,18325.10,6450,8162850
20221123,09:15:05,18324.00,5250,8162850
20221123,09:15:05,18322.00,1050,8162850
20221123,09:15:07,18313.05,12100,8162850
20221123,09:15:08,18310.00,5850,8162850
20221123,09:15:09,18308.20,3050,8162850
20221123,09:15:10,18308.20,1200,8162850
20221123,09:15:11,18315.25,1700,8162850
20221123,09:15:12,18320.75,4900,8162850
20221123,09:15:13,18313.95,4350,8162850
20221123,09:15:14,18310.70,5500,8162850
20221123,09:15:15,18316.75,6000,8162850
20221123,09:15:16,18315.00,1500,8162850
20221123,09:15:17,18316.80,1250,8162850
20221123,09:15:18,18313.35,5050,8162850
20221123,09:15:19,18317.40,2000,8162850
20221123,09:15:20,18318.10,4950,8162850
20221123,09:15:21,18320.20,5200,8162850
20221123,09:15:22,18321.65,3300,8162850
20221123,09:15:23,18324.05,6450,8162850
20221123,09:15:23,18320.15,400,8162850
20221123,09:15:24,18324.40,3400,8162850
20221123,09:15:25,18321.40,3900,8162850
20221123,09:15:26,18317.15,14850,8162850
20221123,09:15:27,18320.00,10000,8162850
20221123,09:15:28,18317.75,13050,8162850
20221123,09:15:29,18318.50,3100,8162850
20221123,09:15:30,18318.95,550,8162850
20221123,09:15:31,18322.10,1750,8162850
20221123,09:15:32,18322.00,1050,8162850
20221123,09:15:33,18320.70,1700,8162850
20221123,09:15:34,18320.70,1750,8162850
20221123,09:15:35,18321.75,5250,8162850
20221123,09:15:36,18320.00,900,8162850
20221123,09:15:37,18320.00,1100,8162850
20221123,09:15:38,18320.00,1950,8162850
20221123,09:15:39,18317.85,1450,8162850
20221123,09:15:40,18318.00,1150,8162850
20221123,09:15:41,18317.35,2650,8162850
20221123,09:15:42,18320.00,800,8162850
20221123,09:15:43,18317.30,2500,8162850
20221123,09:15:44,18320.85,550,8162850
20221123,09:15:45,18321.05,2600,8162850
20221123,09:15:46,18318.65,450,8162850
20221123,09:15:47,18318.05,2950,8162850
20221123,09:15:49,18320.00,1250,8162850
20221123,09:15:50,18320.00,900,8162850
20221123,09:15:51,18321.90,2150,8162850
20221123,09:15:52,18322.00,500,8162850
20221123,09:15:53,18320.20,300,8162850
20221123,09:15:54,18321.10,1200,8162850
20221123,09:15:55,18324.65,1750,8162850
20221123,09:15:55,18321.05,100,8162850
20221123,09:15:56,18321.95,1500,8162850
20221123,09:15:57,18320.80,600,8162850
20221123,09:15:58,18322.00,250,8162850
20221123,09:15:59,18320.80,1350,8162850
20221123,09:16:00,18324.80,400,8162850
20221123,09:16:01,18322.80,900,8162850
20221123,09:16:02,18324.80,2050,8162850
20221123,09:16:03,18324.95,1300,8162850
20221123,09:16:04,18328.00,650,8162850
20221123,09:16:05,18328.00,2050,8162850
20221123,09:16:07,18328.10,3100,8162850
20221123,09:16:08,18330.00,1250,8162850
20221123,09:16:09,18327.40,3850,8162850
20221123,09:16:10,18329.50,800,8162850
20221123,09:16:11,18325.20,1900,8162850
20221123,09:16:12,18325.20,2350,8162850
20221123,09:16:13,18330.00,1300,8162850
20221123,09:16:13,18327.15,150,8162850
20221123,09:16:14,18330.00,1650,8162850
20221123,09:16:15,18330.00,1000,8162850
20221123,09:16:16,18331.95,2850,8162850
20221123,09:16:17,18330.10,2100,8162850
20221123,09:16:18,18332.15,500,8162850
20221123,09:16:19,18329.25,2800,8162850
20221123,09:16:20,18333.00,1700,8162850
20221123,09:16:22,18333.00,800,8162850
20221123,09:16:23,18332.00,650,8162850
20221123,09:16:24,18333.05,800,8162850
20221123,09:16:25,18330.95,1050,8162850
20221123,09:16:26,18331.35,400,8162850
20221123,09:16:27,18334.70,5350,8162850
20221123,09:16:28,18333.00,1900,8162850
20221123,09:16:29,18334.75,2000,8162850
20221123,09:16:30,18333.00,400,8162850
20221123,09:16:31,18333.00,500,8162850
20221123,09:16:32,18333.70,1850,8162850
20221123,09:16:32,18332.00,150,8162850
20221123,09:16:33,18330.20,950,8162850
20221123,09:16:34,18330.00,1050,8162850
20221123,09:16:35,18330.00,550,8162850
20221123,09:16:37,18328.00,1150,8162850
20221123,09:16:38,18328.00,600,8162850
20221123,09:16:39,18329.85,1400,8162850
20221123,09:16:40,18330.00,2600,8162850
20221123,09:16:41,18330.00,3150,8162850
20221123,09:16:42,18330.00,100,8162850
20221123,09:16:43,18330.00,8950,8162850
20221123,09:16:44,18330.00,2100,8162850
20221123,09:16:45,18330.00,3550,8162850
20221123,09:16:46,18329.00,4000,8162850
20221123,09:16:47,18329.60,400,8162850
20221123,09:16:49,18328.25,250,8162850
20221123,09:16:50,18330.00,250,8162850
20221123,09:16:51,18328.80,350,8162850
20221123,09:16:53,18328.80,1150,8162850
20221123,09:16:54,18328.30,1950,8162850
20221123,09:16:55,18328.30,200,8162850
20221123,09:16:56,18329.50,250,8162850
20221123,09:16:57,18329.50,400,8162850
20221123,09:16:58,18328.30,150,8162850
20221123,09:16:59,18328.05,300,8162850
20221123,09:17:00,18327.70,2000,8162850
20221123,09:17:01,18328.15,250,8162850
20221123,09:17:02,18328.25,150,8162850
20221123,09:17:03,18327.45,1700,8162850
20221123,09:17:04,18327.90,1300,8162850
20221123,09:17:05,18329.25,950,8162850
20221123,09:17:06,18331.95,600,8162850
20221123,09:17:07,18328.35,250,8162850
20221123,09:17:09,18328.70,200,8162850
20221123,09:17:10,18328.60,250,8162850
20221123,09:17:11,18328.90,1400,8162850
20221123,09:17:12,18330.00,750,8162850
20221123,09:17:13,18331.00,450,8162850
20221123,09:17:14,18330.00,1500,8162850
20221123,09:17:15,18330.00,200,8162850
20221123,09:17:16,18332.00,2650,8162850
20221123,09:17:17,18330.20,550,8162850
20221123,09:17:18,18330.55,250,8162850
20221123,09:17:19,18332.00,400,8162850
20221123,09:17:20,18331.25,700,8162850
20221123,09:17:20,18331.30,200,8162850
20221123,09:17:21,18331.35,400,8162850
20221123,09:17:22,18330.85,150,8162850
20221123,09:17:23,18330.80,450,8162850
20221123,09:17:24,18330.55,200,8162850
20221123,09:17:26,18331.00,1400,8162850
20221123,09:17:27,18330.55,250,8162850
20221123,09:17:27,18330.00,250,8162850
20221123,09:17:28,18330.00,1000,8162850
20221123,09:17:29,18330.00,50,8152600
20221123,09:17:30,18332.00,50,8152600
20221123,09:17:31,18332.00,500,8152600
20221123,09:17:33,18330.55,650,8152600
20221123,09:17:33,18330.00,450,8152600
20221123,09:17:35,18328.70,1000,8152600
20221123,09:17:36,18330.00,750,8152600
20221123,09:17:37,18330.00,1150,8152600
20221123,09:17:38,18330.00,1400,8152600
20221123,09:17:39,18330.75,1700,8152600
20221123,09:17:40,18330.80,800,8152600
20221123,09:17:41,18330.00,1250,8152600
20221123,09:17:42,18328.00,1350,8152600
20221123,09:17:43,18328.00,200,8152600
20221123,09:17:44,18329.85,100,8152600
20221123,09:17:45,18328.00,350,8152600
20221123,09:17:45,18327.00,100,8152600
20221123,09:17:46,18328.00,200,8152600
20221123,09:17:47,18326.95,1400,8152600
20221123,09:17:49,18325.25,500,8152600
20221123,09:17:50,18328.00,100,8152600
20221123,09:17:51,18325.40,50,8152600
20221123,09:17:52,18328.00,1300,8152600
20221123,09:17:53,18328.00,350,8152600
20221123,09:17:54,18328.00,300,8152600
20221123,09:17:55,18329.80,3050,8152600
20221123,09:17:56,18326.90,250,8152600
20221123,09:17:57,18326.85,800,8152600
20221123,09:17:58,18327.05,650,8152600
20221123,09:17:58,18326.90,200,8152600
20221123,09:17:59,18325.55,1800,8152600
20221123,09:18:00,18326.70,700,8152600
20221123,09:18:02,18326.90,2250,8152600
20221123,09:18:03,18329.00,3950,8152600
20221123,09:18:04,18326.05,650,8152600
20221123,09:18:05,18326.10,300,8152600
20221123,09:18:06,18328.55,1200,8152600
20221123,09:18:07,18326.90,350,8152600
20221123,09:18:08,18327.95,200,8152600
20221123,09:18:09,18329.00,900,8152600
20221123,09:18:10,18328.75,150,8152600
20221123,09:18:11,18325.75,250,8152600
20221123,09:18:12,18325.90,500,8152600
20221123,09:18:13,18326.90,250,8152600
20221123,09:18:14,18328.45,1250,8152600
20221123,09:18:15,18326.20,350,8152600
20221123,09:18:16,18327.30,900,8152600
20221123,09:18:18,18325.30,50,8152600
20221123,09:18:19,18325.00,700,8152600
20221123,09:18:20,18325.00,950,8152600
20221123,09:18:21,18325.30,2350,8152600
20221123,09:18:22,18324.80,750,8152600
20221123,09:18:23,18323.00,1100,8152600
20221123,09:18:24,18323.05,850,8152600
20221123,09:18:25,18322.20,200,8152600
20221123,09:18:26,18324.05,150,8152600
20221123,09:18:27,18322.20,800,8152600
20221123,09:18:28,18322.85,1050,8152600
20221123,09:18:29,18325.30,3450,8152600
20221123,09:18:30,18327.50,1550,8152600
20221123,09:18:31,18326.00,900,8152600
20221123,09:18:32,18326.35,1300,8152600
20221123,09:18:32,18326.25,50,8152600
20221123,09:18:34,18325.40,850,8152600
20221123,09:18:35,18326.15,900,8152600
20221123,09:18:37,18324.80,100,8152600
20221123,09:18:38,18326.00,150,8152600
20221123,09:18:39,18326.00,350,8152600
20221123,09:18:40,18326.40,750,8152600
20221123,09:18:41,18326.90,650,8152600
20221123,09:18:42,18326.60,850,8152600
20221123,09:18:44,18330.00,2300,8152600
20221123,09:18:45,18327.00,550,8152600
20221123,09:18:46,18327.90,550,8152600
20221123,09:18:47,18328.00,550,8152600
20221123,09:18:48,18330.00,50,8152600
20221123,09:18:50,18327.55,50,8152600
20221123,09:18:51,18328.05,700,8152600
20221123,09:18:52,18327.95,100,8152600
20221123,09:18:53,18327.35,150,8152600
20221123,09:18:56,18327.30,200,8152600
20221123,09:18:57,18327.35,600,8152600
20221123,09:18:58,18327.25,100,8152600
20221123,09:18:59,18326.60,1000,8152600
20221123,09:19:00,18327.00,400,8152600
20221123,09:19:01,18326.25,350,8152600
20221123,09:19:02,18325.90,600,8152600
20221123,09:19:03,18326.85,1800,8152600
20221123,09:19:04,18327.10,100,8152600
20221123,09:19:05,18326.00,650,8152600
20221123,09:19:06,18327.85,150,8152600
20221123,09:19:07,18325.60,700,8152600
20221123,09:19:08,18326.25,150,8152600
20221123,09:19:09,18328.00,550,8152600
20221123,09:19:10,18325.45,250,8152600
20221123,09:19:11,18327.05,50,8152600
20221123,09:19:12,18327.85,50,8152600
20221123,09:19:13,18325.00,250,8152600
20221123,09:19:15,18325.75,100,8152600
20221123,09:19:16,18325.70,300,8152600
20221123,09:19:17,18325.60,450,8152600
20221123,09:19:18,18325.55,950,8152600
20221123,09:19:20,18326.00,750,8152600
20221123,09:19:21,18326.75,400,8152600
20221123,09:19:22,18327.05,1850,8152600
20221123,09:19:23,18328.00,700,8152600
20221123,09:19:24,18327.65,1450,8152600
20221123,09:19:25,18327.65,100,8152600
20221123,09:19:27,18328.05,300,8152600
20221123,09:19:28,18329.75,250,8152600
20221123,09:19:29,18328.15,150,8152600
20221123,09:19:30,18327.85,500,8152600
20221123,09:19:31,18327.70,250,8152600
20221123,09:19:32,18329.05,50,8152600
20221123,09:19:33,18328.15,500,8152600
20221123,09:19:34,18329.45,350,8152600
20221123,09:19:35,18328.30,450,8152600
20221123,09:19:37,18329.10,950,8152600
20221123,09:19:38,18330.00,7250,8152600
20221123,09:19:39,18330.00,350,8152600
20221123,09:19:40,18330.40,550,8152600
20221123,09:19:41,18331.00,50,8152600
20221123,09:19:42,18330.00,50,8152600
20221123,09:19:43,18329.80,50,8152600
20221123,09:19:44,18331.20,450,8152600
20221123,09:19:45,18330.35,50,8152600
20221123,09:19:46,18329.55,50,8152600
20221123,09:19:48,18328.30,750,8152600
20221123,09:19:50,18330.15,100,8152600
20221123,09:19:52,18330.50,50,8152600
20221123,09:19:53,18329.00,300,8152600
20221123,09:19:54,18330.15,200,8152600
20221123,09:19:55,18328.75,50,8152600
20221123,09:19:56,18328.50,200,8152600
20221123,09:19:58,18328.15,150,8152600
20221123,09:19:59,18328.35,200,8152600
20221123,09:20:00,18333.00,18500,8152600
20221123,09:20:02,18329.05,1100,8152600
20221123,09:20:03,18332.35,450,8152600
20221123,09:20:04,18333.00,550,8152600
20221123,09:20:05,18330.80,250,8152600
20221123,09:20:06,18330.90,150,8152600
20221123,09:20:08,18332.75,500,8152600
20221123,09:20:09,18333.00,150,8152600
20221123,09:20:10,18333.40,750,8152600
20221123,09:20:11,18333.00,150,8152600
20221123,09:20:12,18334.00,2050,8152600
20221123,09:20:14,18331.90,1550,8152600
20221123,09:20:15,18331.25,1150,8152600
20221123,09:20:16,18331.45,550,8152600
20221123,09:20:17,18331.70,100,8152600
20221123,09:20:19,18333.00,1200,8152600
20221123,09:20:20,18331.55,450,8152600
20221123,09:20:21,18333.00,50,8152600
20221123,09:20:23,18331.25,50,8152600
20221123,09:20:24,18333.00,50,8152600
20221123,09:20:25,18330.50,100,8152600
20221123,09:20:26,18332.55,50,8152600
20221123,09:20:27,18332.75,100,8152600
20221123,09:20:29,18331.90,150,8152600
20221123,09:20:30,18330.70,100,8151600
20221123,09:20:31,18330.70,200,8151600
20221123,09:20:32,18330.40,1950,8151600
20221123,09:20:33,18332.90,250,8151600
20221123,09:20:34,18332.55,150,8151600
20221123,09:20:35,18330.00,400,8151600
20221123,09:20:37,18330.00,500,8151600
20221123,09:20:38,18329.55,500,8151600
20221123,09:20:39,18330.50,400,8151600
20221123,09:20:40,18329.10,550,8151600
20221123,09:20:41,18329.00,1900,8151600
20221123,09:20:42,18329.00,50,8151600
20221123,09:20:43,18329.10,200,8151600
20221123,09:20:44,18330.00,100,8151600
20221123,09:20:45,18329.15,150,8151600
20221123,09:20:46,18329.15,50,8151600
20221123,09:20:47,18329.20,150,8151600
20221123,09:20:48,18329.00,250,8151600
20221123,09:20:49,18329.00,300,8151600
20221123,09:20:50,18329.15,50,8151600
20221123,09:20:51,18330.00,50,8151600
20221123,09:20:53,18329.00,250,8151600
20221123,09:20:54,18328.95,300,8151600
20221123,09:20:55,18328.45,350,8151600
20221123,09:20:56,18328.85,250,8151600
20221123,09:20:58,18328.85,450,8151600
20221123,09:20:58,18328.55,250,8151600
20221123,09:20:59,18328.00,300,8151600
20221123,09:21:00,18328.25,1000,8151600
20221123,09:21:01,18328.40,650,8151600
20221123,09:21:02,18328.70,1100,8151600
20221123,09:21:03,18329.25,450,8151600
20221123,09:21:05,18330.00,1300,8151600
20221123,09:21:06,18330.00,1200,8151600
20221123,09:21:07,18330.00,550,8151600
20221123,09:21:08,18328.50,500,8151600
20221123,09:21:09,18329.45,50,8151600
20221123,09:21:10,18329.15,150,8151600
20221123,09:21:12,18328.00,2250,8151600
20221123,09:21:12,18328.00,150,8151600
20221123,09:21:13,18327.60,250,8151600
20221123,09:21:14,18327.50,150,8151600
20221123,09:21:15,18326.35,650,8151600
20221123,09:21:17,18328.00,200,8151600
20221123,09:21:18,18327.25,100,8151600
20221123,09:21:19,18326.00,200,8151600
20221123,09:21:20,18326.00,950,8151600
20221123,09:21:21,18326.55,300,8151600
20221123,09:21:23,18326.80,50,8151600
20221123,09:21:23,18327.25,50,8151600
20221123,09:21:24,18326.95,100,8151600
20221123,09:21:25,18329.00,600,8151600
20221123,09:21:26,18327.95,150,8151600
20221123,09:21:27,18326.60,150,8151600
20221123,09:21:29,18327.15,450,8151600
20221123,09:21:29,18326.75,50,8151600
20221123,09:21:30,18326.70,50,8151600
20221123,09:21:31,18326.55,100,8151600
20221123,09:21:32,18326.55,100,8151600
20221123,09:21:33,18326.55,150,8151600
20221123,09:21:34,18326.60,50,8151600
20221123,09:21:35,18326.60,100,8151600
20221123,09:21:36,18326.60,750,8151600
20221123,09:21:37,18327.05,200,8151600
20221123,09:21:38,18328.00,100,8151600
20221123,09:21:39,18327.30,50,8151600
20221123,09:21:40,18327.60,50,8151600
20221123,09:21:41,18327.55,350,8151600
20221123,09:21:42,18327.35,100,8151600
20221123,09:21:43,18327.30,50,8151600
20221123,09:21:46,18326.40,350,8151600
20221123,09:21:47,18326.30,450,8151600
20221123,09:21:47,18326.70,600,8151600
20221123,09:21:49,18327.05,250,8151600
20221123,09:21:50,18327.50,100,8151600
20221123,09:21:51,18327.00,50,8151600
20221123,09:21:51,18328.00,50,8151600
20221123,09:21:52,18326.90,100,8151600
20221123,09:21:53,18327.05,250,8151600
20221123,09:21:54,18327.35,50,8151600
20221123,09:21:55,18326.90,200,8151600
20221123,09:21:58,18328.00,100,8151600
20221123,09:21:59,18326.70,50,8151600
20221123,09:22:00,18327.05,500,8151600
20221123,09:22:01,18327.00,50,8151600
20221123,09:22:02,18328.00,100,8151600
20221123,09:22:03,18327.65,50,8151600
20221123,09:22:04,18328.00,1200,8151600
20221123,09:22:05,18326.45,750,8151600
20221123,09:22:08,18326.45,500,8151600
20221123,09:22:10,18326.35,500,8151600
20221123,09:22:12,18326.00,50,8151600
20221123,09:22:13,18326.00,150,8151600
20221123,09:22:15,18326.00,900,8151600
20221123,09:22:15,18326.00,50,8151600
20221123,09:22:16,18326.00,650,8151600
20221123,09:22:17,18326.00,650,8151600
20221123,09:22:18,18326.00,350,8151600
20221123,09:22:20,18326.00,600,8151600
20221123,09:22:20,18326.10,50,8151600
20221123,09:22:21,18327.30,50,8151600
20221123,09:22:22,18326.80,100,8151600
20221123,09:22:24,18326.35,350,8151600
20221123,09:22:25,18326.80,300,8151600
20221123,09:22:27,18326.15,50,8151600
20221123,09:22:30,18326.00,350,8151600
20221123,09:22:31,18326.10,100,8151600
20221123,09:22:32,18326.15,50,8151600
20221123,09:22:33,18326.00,100,8151600
20221123,09:22:35,18326.15,300,8151600
20221123,09:22:35,18326.00,200,8151600
20221123,09:22:36,18325.75,1300,8151600
20221123,09:22:37,18325.35,600,8151600
20221123,09:22:38,18325.15,950,8151600
20221123,09:22:39,18326.00,150,8151600
20221123,09:22:40,18325.25,150,8151600
20221123,09:22:42,18325.20,350,8151600
20221123,09:22:42,18325.60,50,8151600
20221123,09:22:43,18326.00,200,8151600
20221123,09:22:44,18325.00,200,8151600
20221123,09:22:45,18325.00,150,8151600
20221123,09:22:46,18325.00,50,8151600
20221123,09:22:47,18325.25,50,8151600
20221123,09:22:48,18324.20,900,8151600
20221123,09:22:50,18324.10,50,8151600
20221123,09:22:50,18324.00,100,8151600
20221123,09:22:51,18324.05,100,8151600
20221123,09:22:52,18324.40,1400,8151600
20221123,09:22:53,18324.25,50,8151600
20221123,09:22:54,18324.00,200,8151600
20221123,09:22:56,18324.00,200,8151600
20221123,09:22:57,18323.00,1000,8151600
20221123,09:22:58,18323.00,100,8151600
20221123,09:22:59,18322.20,1200,8151600
20221123,09:23:00,18322.15,550,8151600
20221123,09:23:01,18321.65,2500,8151600
20221123,09:23:03,18321.00,350,8151600
20221123,09:23:04,18321.00,600,8151600
20221123,09:23:05,18321.55,1050,8151600
20221123,09:23:06,18320.15,300,8151600
20221123,09:23:08,18320.65,400,8151600
20221123,09:23:08,18320.95,100,8151600
20221123,09:23:09,18320.60,950,8151600
20221123,09:23:10,18320.45,200,8151600
20221123,09:23:11,18320.00,1750,8151600
20221123,09:23:12,18320.00,950,8151600
20221123,09:23:14,18320.30,350,8151600
20221123,09:23:15,18319.65,1800,8151600
20221123,09:23:16,18320.00,200,8151600
20221123,09:23:17,18320.55,1000,8151600
20221123,09:23:19,18320.60,650,8151600
20221123,09:23:20,18321.35,1600,8151600
20221123,09:23:20,18321.95,400,8151600
20221123,09:23:21,18323.00,700,8151600
20221123,09:23:22,18321.95,2000,8151600
20221123,09:23:23,18322.25,500,8151600
20221123,09:23:24,18322.20,350,8151600
20221123,09:23:26,18322.40,650,8151600
20221123,09:23:27,18323.95,200,8151600
20221123,09:23:27,18323.95,50,8151600
20221123,09:23:28,18322.05,100,8151600
20221123,09:23:29,18321.45,1500,8144450
20221123,09:23:30,18323.85,300,8144450
20221123,09:23:32,18323.85,50,8144450
20221123,09:23:33,18322.00,250,8144450
20221123,09:23:34,18322.00,200,8144450
20221123,09:23:35,18324.00,400,8144450
20221123,09:23:36,18322.05,150,8144450
20221123,09:23:37,18322.10,50,8144450
20221123,09:23:40,18322.05,200,8144450
20221123,09:23:40,18322.45,700,8144450
20221123,09:23:41,18323.00,200,8144450
20221123,09:23:42,18322.90,50,8144450
20221123,09:23:43,18323.00,300,8144450
20221123,09:23:45,18323.05,600,8144450
20221123,09:23:46,18324.00,150,8144450
20221123,09:23:47,18322.90,150,8144450
20221123,09:23:47,18324.60,300,8144450
20221123,09:23:48,18323.95,50,8144450
20221123,09:23:49,18323.00,150,8144450
20221123,09:23:50,18323.65,300,8144450
20221123,09:23:52,18323.95,50,8144450
20221123,09:23:53,18324.00,100,8144450
20221123,09:23:55,18323.15,250,8144450
20221123,09:23:56,18324.95,150,8144450
20221123,09:23:58,18325.00,150,8144450
20221123,09:23:59,18325.00,200,8144450
20221123,09:24:00,18325.00,100,8144450
20221123,09:24:01,18324.95,150,8144450
20221123,09:24:02,18325.30,2100,8144450
20221123,09:24:03,18324.95,500,8144450
20221123,09:24:05,18326.45,200,8144450
20221123,09:24:06,18324.00,100,8144450
20221123,09:24:07,18325.85,200,8144450
20221123,09:24:07,18326.40,150,8144450
20221123,09:24:08,18326.55,550,8144450
20221123,09:24:09,18324.20,50,8144450
20221123,09:24:10,18324.20,150,8144450
20221123,09:24:11,18325.00,1800,8144450
20221123,09:24:12,18323.95,550,8144450
20221123,09:24:13,18324.05,350,8144450
20221123,09:24:15,18324.15,550,8144450
20221123,09:24:16,18324.80,650,8144450
20221123,09:24:17,18326.55,350,8144450
20221123,09:24:17,18324.70,250,8144450
20221123,09:24:18,18325.05,950,8144450
20221123,09:24:19,18325.10,300,8144450
20221123,09:24:20,18325.70,550,8144450
20221123,09:24:21,18325.95,300,8144450
20221123,09:24:22,18327.70,600,8144450
20221123,09:24:23,18329.90,1000,8144450
20221123,09:24:24,18327.55,600,8144450
20221123,09:24:25,18327.50,300,8144450
20221123,09:24:26,18328.00,400,8144450
20221123,09:24:27,18328.00,550,8144450
20221123,09:24:28,18328.75,550,8144450
20221123,09:24:29,18329.40,350,8144450
20221123,09:24:31,18328.85,200,8144450
20221123,09:24:32,18330.00,600,8144450
20221123,09:24:33,18329.95,250,8144450
20221123,09:24:34,18329.10,450,8144450
20221123,09:24:35,18329.35,100,8144450
20221123,09:24:36,18329.75,150,8144450
20221123,09:24:37,18329.40,700,8144450
20221123,09:24:39,18328.90,300,8144450
20221123,09:24:40,18330.00,300,8144450
20221123,09:24:41,18329.00,50,8144450
20221123,09:24:42,18328.45,1600,8144450
20221123,09:24:43,18329.05,200,8144450
20221123,09:24:44,18330.00,1200,8144450
20221123,09:24:46,18329.00,150,8144450
20221123,09:24:47,18330.00,150,8144450
20221123,09:24:48,18329.00,250,8144450
20221123,09:24:50,18328.20,100,8144450
20221123,09:24:51,18328.20,150,8144450
20221123,09:24:51,18328.20,50,8144450
20221123,09:24:52,18328.20,550,8144450
20221123,09:24:53,18330.00,550,8144450
20221123,09:24:54,18329.90,200,8144450
20221123,09:24:55,18330.00,100,8144450
20221123,09:24:56,18328.20,100,8144450
20221123,09:24:58,18328.00,100,8144450
20221123,09:24:59,18328.05,1650,8144450
20221123,09:25:00,18330.00,400,8144450
20221123,09:25:01,18329.80,750,8144450
20221123,09:25:01,18328.45,50,8144450
20221123,09:25:02,18330.80,100,8144450
20221123,09:25:03,18330.75,550,8144450
20221123,09:25:04,18327.05,1200,8144450
20221123,09:25:05,18327.50,400,8144450
20221123,09:25:07,18329.20,350,8144450
20221123,09:25:08,18327.35,500,8144450
20221123,09:25:09,18330.00,150,8144450
20221123,09:25:10,18330.00,150,8144450
20221123,09:25:11,18328.60,200,8144450
20221123,09:25:12,18328.95,100,8144450
20221123,09:25:13,18330.00,200,8144450
20221123,09:25:15,18329.20,100,8144450
20221123,09:25:16,18328.00,50,8144450
20221123,09:25:17,18327.10,300,8144450
20221123,09:25:19,18327.95,2600,8144450
20221123,09:25:20,18328.55,150,8144450
20221123,09:25:22,18328.70,100,8144450
20221123,09:25:22,18330.00,50,8144450
20221123,09:25:25,18330.00,50,8144450
20221123,09:25:26,18330.00,50,8144450
20221123,09:25:27,18329.95,50,8144450
20221123,09:25:28,18330.00,300,8144450
20221123,09:25:31,18329.95,1150,8144450
20221123,09:25:32,18331.00,100,8144450
20221123,09:25:33,18331.10,50,8144450
20221123,09:25:35,18331.60,50,8144450
20221123,09:25:36,18331.15,150,8144450
20221123,09:25:37,18332.00,950,8144450
20221123,09:25:38,18330.85,400,8144450
20221123,09:25:39,18332.00,200,8144450
20221123,09:25:40,18332.00,200,8144450
20221123,09:25:42,18331.40,200,8144450
20221123,09:25:44,18332.15,100,8144450
20221123,09:25:45,18332.60,100,8144450
20221123,09:25:45,18334.00,1800,8144450
20221123,09:25:46,18333.65,450,8144450
20221123,09:25:47,18333.60,550,8144450
20221123,09:25:48,18333.90,1400,8144450
20221123,09:25:49,18333.00,700,8144450
20221123,09:25:50,18332.95,750,8144450
20221123,09:25:51,18333.05,450,8144450
20221123,09:25:52,18331.40,150,8144450
20221123,09:25:54,18332.40,350,8144450
20221123,09:25:55,18330.95,300,8144450
20221123,09:25:56,18332.45,200,8144450
20221123,09:25:56,18332.50,50,8144450
20221123,09:25:57,18333.10,950,8144450
20221123,09:25:59,18332.40,850,8144450
20221123,09:25:59,18332.45,250,8144450
20221123,09:26:01,18330.00,1100,8144450
20221123,09:26:02,18332.90,300,8144450
20221123,09:26:03,18331.00,1200,8144450
20221123,09:26:04,18332.50,1000,8144450
20221123,09:26:05,18330.00,300,8144450
20221123,09:26:05,18332.25,50,8144450
20221123,09:26:07,18330.00,100,8144450
20221123,09:26:08,18331.70,350,8144450
20221123,09:26:09,18331.90,200,8144450
20221123,09:26:10,18331.80,200,8144450
20221123,09:26:12,18330.00,50,8144450
20221123,09:26:13,18329.25,300,8144450
20221123,09:26:14,18329.75,300,8144450
20221123,09:26:15,18328.50,50,8144450
20221123,09:26:16,18329.25,550,8144450
20221123,09:26:17,18329.00,200,8144450
20221123,09:26:17,18329.00,50,8144450
20221123,09:26:18,18328.00,100,8144450
20221123,09:26:19,18328.00,150,8144450
20221123,09:26:21,18327.15,550,8144450
20221123,09:26:22,18327.80,350,8144450
20221123,09:26:23,18330.00,650,8144450
20221123,09:26:24,18328.60,350,8144450
20221123,09:26:25,18329.00,50,8144450
20221123,09:26:26,18328.05,200,8144450
20221123,09:26:27,18329.00,350,8144450
20221123,09:26:27,18331.00,100,8144450
20221123,09:26:28,18328.75,150,8144450
20221123,09:26:30,18330.00,100,8138900
20221123,09:26:32,18331.50,250,8138900
20221123,09:26:33,18332.05,300,8138900
20221123,09:26:33,18328.80,100,8138900
20221123,09:26:34,18329.10,100,8138900
20221123,09:26:35,18332.45,50,8138900
20221123,09:26:36,18332.40,50,8138900
20221123,09:26:37,18329.40,50,8138900
20221123,09:26:39,18329.35,150,8138900
20221123,09:26:40,18331.90,50,8138900
20221123,09:26:41,18329.00,450,8138900
20221123,09:26:42,18332.00,250,8138900
20221123,09:26:42,18332.00,50,8138900
20221123,09:26:43,18332.25,300,8138900
20221123,09:26:45,18329.45,300,8138900
20221123,09:26:46,18332.00,150,8138900
20221123,09:26:47,18332.00,100,8138900
20221123,09:26:47,18332.00,50,8138900
20221123,09:26:48,18332.00,750,8138900
20221123,09:26:49,18331.90,150,8138900
20221123,09:26:53,18331.90,150,8138900
20221123,09:26:54,18330.00,300,8138900
20221123,09:26:54,18331.95,50,8138900
20221123,09:26:56,18332.15,150,8138900
20221123,09:26:58,18332.50,250,8138900
20221123,09:26:59,18332.35,50,8138900
20221123,09:27:00,18332.40,350,8138900
20221123,09:27:00,18332.25,100,8138900
20221123,09:27:01,18332.45,250,8138900
20221123,09:27:02,18331.95,400,8138900
20221123,09:27:04,18329.45,750,8138900
20221123,09:27:05,18332.00,400,8138900
20221123,09:27:05,18332.10,100,8138900
20221123,09:27:06,18331.85,1050,8138900
20221123,09:27:07,18330.00,450,8138900
20221123,09:27:09,18332.00,400,8138900
20221123,09:27:10,18329.45,400,8138900
20221123,09:27:11,18332.25,300,8138900
20221123,09:27:11,18332.25,100,8138900
20221123,09:27:12,18332.60,700,8138900
20221123,09:27:13,18329.10,500,8138900
20221123,09:27:15,18329.25,1050,8138900
20221123,09:27:16,18328.80,400,8138900
20221123,09:27:17,18331.40,100,8138900
20221123,09:27:18,18331.45,300,8138900
20221123,09:27:18,18331.60,100,8138900
20221123,09:27:21,18328.85,100,8138900
20221123,09:27:22,18331.25,100,8138900
20221123,09:27:22,18331.15,300,8138900
20221123,09:27:24,18331.15,200,8138900
20221123,09:27:24,18331.45,50,8138900
20221123,09:27:25,18328.85,300,8138900
20221123,09:27:27,18329.55,300,8138900
20221123,09:27:28,18331.40,300,8138900
20221123,09:27:29,18329.55,300,8138900
20221123,09:27:30,18331.85,100,8138900
20221123,09:27:31,18329.35,150,8138900
20221123,09:27:31,18331.20,50,8138900
20221123,09:27:32,18331.20,250,8138900
20221123,09:27:33,18330.90,450,8138900
20221123,09:27:34,18330.00,250,8138900
20221123,09:27:35,18330.75,50,8138900
20221123,09:27:37,18330.60,50,8138900
20221123,09:27:38,18330.00,100,8138900
20221123,09:27:39,18330.00,600,8138900
20221123,09:27:40,18330.60,1650,8138900
20221123,09:27:40,18329.55,200,8138900
20221123,09:27:41,18332.00,550,8138900
20221123,09:27:42,18332.10,450,8138900
20221123,09:27:44,18330.00,1850,8138900
20221123,09:27:45,18329.10,1200,8138900
20221123,09:27:46,18332.35,250,8138900
20221123,09:27:47,18332.00,50,8138900
20221123,09:27:48,18330.50,50,8138900
20221123,09:27:49,18330.50,1250,8138900
20221123,09:27:50,18329.10,850,8138900
20221123,09:27:51,18329.05,300,8138900
20221123,09:27:52,18329.05,150,8138900
20221123,09:27:53,18330.00,300,8138900
20221123,09:27:53,18330.00,2150,8138900
20221123,09:27:54,18332.00,400,8138900
20221123,09:27:55,18332.85,400,8138900
20221123,09:27:56,18333.00,1250,8138900
20221123,09:27:58,18333.05,1950,8138900
20221123,09:27:59,18333.45,1150,8138900
20221123,09:28:00,18332.55,200,8138900
20221123,09:28:01,18332.80,3100,8138900
20221123,09:28:01,18332.95,650,8138900
20221123,09:28:02,18332.70,100,8138900
20221123,09:28:04,18330.00,300,8138900
20221123,09:28:05,18329.35,1500,8138900
20221123,09:28:06,18330.35,700,8138900
20221123,09:28:07,18329.55,500,8138900
20221123,09:28:07,18330.90,50,8138900
20221123,09:28:08,18330.00,3400,8138900
20221123,09:28:10,18330.55,1050,8138900
20221123,09:28:11,18332.85,650,8138900
20221123,09:28:12,18330.10,150,8138900
20221123,09:28:13,18333.80,600,8138900
20221123,09:28:14,18330.60,1600,8138900
20221123,09:28:14,18330.90,450,8138900
20221123,09:28:15,18331.75,200,8138900
20221123,09:28:17,18330.50,1300,8138900
20221123,09:28:18,18330.35,400,8138900
20221123,09:28:19,18330.50,850,8138900
20221123,09:28:20,18331.75,350,8138900
20221123,09:28:21,18331.75,150,8138900
20221123,09:28:21,18331.75,100,8138900
20221123,09:28:22,18330.40,1300,8138900
20221123,09:28:24,18330.55,1150,8138900
20221123,09:28:25,18330.50,600,8138900
20221123,09:28:26,18332.85,900,8138900
20221123,09:28:27,18330.30,400,8138900
20221123,09:28:28,18331.80,450,8138900
20221123,09:28:28,18333.10,100,8138900
20221123,09:28:29,18330.35,100,8138900
20221123,09:28:31,18332.35,50,8138900
20221123,09:28:32,18331.50,200,8138900
20221123,09:28:33,18331.95,150,8138900
20221123,09:28:34,18330.00,600,8138900
20221123,09:28:34,18331.65,100,8138900
20221123,09:28:35,18330.00,150,8138900
20221123,09:28:37,18329.40,100,8138900
20221123,09:28:38,18331.15,100,8138900
20221123,09:28:39,18329.65,100,8138900
20221123,09:28:41,18330.45,100,8138900
20221123,09:28:41,18330.45,50,8138900
20221123,09:28:43,18329.90,150,8138900
20221123,09:28:44,18330.45,150,8138900
20221123,09:28:45,18329.05,100,8138900
20221123,09:28:47,18329.00,350,8138900
20221123,09:28:47,18329.00,100,8138900
20221123,09:28:49,18329.00,100,8138900
20221123,09:28:50,18329.75,300,8138900
20221123,09:28:51,18330.00,500,8138900
20221123,09:28:52,18330.00,550,8138900
20221123,09:28:53,18330.00,500,8138900
20221123,09:28:53,18330.95,400,8138900
20221123,09:28:54,18332.00,100,8138900
20221123,09:28:56,18329.75,200,8138900
20221123,09:28:57,18330.80,50,8138900
20221123,09:28:58,18329.75,100,8138900
20221123,09:28:59,18329.75,50,8138900
20221123,09:29:00,18330.55,100,8138900
20221123,09:29:00,18329.65,50,8138900
20221123,09:29:01,18330.55,100,8138900
20221123,09:29:03,18329.75,150,8138900
20221123,09:29:04,18331.25,250,8138900
20221123,09:29:05,18332.00,600,8138900
20221123,09:29:06,18329.45,200,8138900
20221123,09:29:08,18330.60,50,8138900
20221123,09:29:08,18330.60,200,8138900
20221123,09:29:10,18330.60,50,8138900
20221123,09:29:11,18330.00,100,8138900
20221123,09:29:12,18331.80,100,8138900
20221123,09:29:13,18331.80,300,8138900
20221123,09:29:14,18329.75,500,8138900
20221123,09:29:15,18329.55,550,8138900
20221123,09:29:15,18331.25,100,8138900
20221123,09:29:17,18330.00,250,8138900
20221123,09:29:18,18329.05,100,8138900
20221123,09:29:20,18329.20,250,8138900
20221123,09:29:21,18331.60,150,8138900
20221123,09:29:22,18331.55,100,8138900
20221123,09:29:23,18330.00,200,8138900
20221123,09:29:23,18331.00,150,8138900
20221123,09:29:24,18330.00,100,8138900
20221123,09:29:26,18329.00,11000,8138900
20221123,09:29:27,18330.65,2700,8138900
20221123,09:29:28,18331.00,550,8138900
20221123,09:29:29,18329.35,150,8138900
20221123,09:29:30,18329.40,1200,8138900
20221123,09:29:31,18331.75,150,8169950
20221123,09:29:32,18331.00,4900,8169950
20221123,09:29:33,18329.65,1150,8169950
20221123,09:29:34,18331.20,14200,8169950
20221123,09:29:34,18331.60,1000,8169950
20221123,09:29:35,18332.25,1200,8169950
20221123,09:29:36,18333.15,2850,8169950
20221123,09:29:37,18330.30,750,8169950
20221123,09:29:39,18330.00,1450,8169950
20221123,09:29:40,18332.00,100,8169950
20221123,09:29:41,18332.00,2500,8169950
20221123,09:29:42,18329.55,1050,8169950
20221123,09:29:43,18332.00,1200,8169950
20221123,09:29:44,18331.95,500,8169950
20221123,09:29:45,18329.50,1150,8169950
20221123,09:29:46,18332.00,2350,8169950
20221123,09:29:47,18331.90,500,8169950
20221123,09:29:47,18329.50,250,8169950
20221123,09:29:48,18331.40,1100,8169950
20221123,09:29:49,18330.05,300,8169950
20221123,09:29:50,18330.00,49000,8169950
20221123,09:29:52,18332.05,3200,8169950
20221123,09:29:53,18330.00,1300,8169950
20221123,09:29:54,18332.25,1300,8169950
20221123,09:29:56,18331.00,50,8169950
20221123,09:29:58,18331.90,50,8169950
20221123,09:29:59,18330.20,50,8169950
20221123,09:30:00,18330.75,2600,8169950
20221123,09:30:01,18329.90,550,8169950
20221123,09:30:02,18329.85,650,8169950
20221123,09:30:03,18330.10,800,8169950
20221123,09:30:04,18330.10,1350,8169950
20221123,09:30:05,18330.40,2900,8169950
20221123,09:30:06,18330.55,600,8169950
20221123,09:30:07,18330.50,1850,8169950
20221123,09:30:08,18332.00,400,8169950
20221123,09:30:09,18332.00,1050,8169950
20221123,09:30:10,18330.05,200,8169950
20221123,09:30:11,18332.00,100,8169950
20221123,09:30:12,18332.00,450,8169950
20221123,09:30:16,18330.25,50,8169950
20221123,09:30:17,18330.25,2000,8169950
20221123,09:30:18,18331.00,200,8169950
20221123,09:30:19,18331.80,2550,8169950
20221123,09:30:20,18331.00,950,8169950
20221123,09:30:21,18331.95,350,8169950
20221123,09:30:22,18331.95,500,8169950
20221123,09:30:23,18331.95,900,8169950
20221123,09:30:24,18331.00,950,8169950
20221123,09:30:25,18330.00,50,8169950
20221123,09:30:26,18329.50,150,8169950
20221123,09:30:27,18329.20,450,8169950
20221123,09:30:28,18329.15,1850,8169950
20221123,09:30:29,18329.00,50,8169950
20221123,09:30:31,18329.00,2000,8169950
20221123,09:30:32,18330.00,50,8169950
20221123,09:30:33,18330.00,1050,8169950
20221123,09:30:34,18330.00,50,8169950
20221123,09:30:35,18328.55,1100,8169950
20221123,09:30:36,18329.00,50,8169950
20221123,09:30:37,18329.00,2200,8169950
20221123,09:30:38,18328.60,850,8169950
20221123,09:30:39,18329.00,1400,8169950
20221123,09:30:40,18328.70,1200,8169950
20221123,09:30:41,18328.70,1950,8169950
20221123,09:30:42,18330.00,250,8169950
20221123,09:30:43,18330.00,50,8169950
20221123,09:30:44,18329.25,50,8169950
20221123,09:30:46,18328.75,750,8169950
20221123,09:30:48,18328.70,150,8169950
20221123,09:30:50,18328.30,250,8169950
20221123,09:30:51,18328.75,400,8169950
20221123,09:30:52,18328.80,50,8169950
20221123,09:30:53,18328.80,350,8169950
20221123,09:30:54,18328.20,150,8169950
20221123,09:30:55,18328.30,100,8169950
20221123,09:30:56,18328.00,1600,8169950
20221123,09:30:57,18328.00,100,8169950
20221123,09:30:58,18327.50,950,8169950
20221123,09:31:00,18326.85,450,8169950
20221123,09:31:01,18326.50,350,8169950
20221123,09:31:02,18326.55,450,8169950
20221123,09:31:03,18326.20,1750,8169950
20221123,09:31:04,18327.95,600,8169950
20221123,09:31:06,18327.95,700,8169950
20221123,09:31:07,18325.20,1350,8169950
20221123,09:31:08,18324.70,2250,8169950
20221123,09:31:09,18324.35,550,8169950
20221123,09:31:10,18324.15,850,8169950
20221123,09:31:11,18324.15,650,8169950
20221123,09:31:12,18324.15,1350,8169950
20221123,09:31:13,18324.00,1650,8169950
20221123,09:31:14,18324.05,350,8169950
20221123,09:31:15,18325.05,800,8169950
20221123,09:31:16,18325.05,1150,8169950
20221123,09:31:17,18325.10,800,8169950
20221123,09:31:18,18325.10,250,8169950
20221123,09:31:20,18327.95,2400,8169950
20221123,09:31:21,18328.00,100,8169950
20221123,09:31:22,18326.10,1850,8169950
20221123,09:31:23,18326.30,50,8169950
20221123,09:31:24,18326.85,1800,8169950
20221123,09:31:26,18326.40,2050,8169950
20221123,09:31:27,18326.45,400,8169950
20221123,09:31:28,18328.55,350,8169950
20221123,09:31:29,18326.30,500,8169950
20221123,09:31:30,18326.30,1900,8169950
20221123,09:31:31,18325.85,600,8169950
20221123,09:31:32,18325.85,100,8169950
20221123,09:31:33,18325.85,250,8169950
20221123,09:31:34,18325.70,750,8169950
20221123,09:31:35,18326.10,250,8169950
20221123,09:31:36,18325.55,700,8169950
20221123,09:31:37,18325.50,250,8169950
20221123,09:31:39,18325.50,50,8169950
20221123,09:31:40,18325.50,850,8169950
20221123,09:31:42,18325.65,750,8169950
20221123,09:31:43,18325.60,500,8169950
20221123,09:31:44,18325.55,250,8169950
20221123,09:31:45,18325.55,1450,8169950
20221123,09:31:47,18326.00,500,8169950
20221123,09:31:48,18325.70,1100,8169950
20221123,09:31:49,18326.10,900,8169950
20221123,09:31:50,18326.05,1050,8169950
20221123,09:31:51,18326.05,300,8169950
20221123,09:31:52,18325.95,50,8169950
20221123,09:31:54,18326.00,200,8169950
20221123,09:31:55,18326.05,300,8169950
20221123,09:31:57,18326.05,100,8169950
20221123,09:31:58,18326.10,50,8169950
20221123,09:31:59,18326.45,600,8169950
20221123,09:32:02,18327.00,900,8169950
20221123,09:32:04,18326.60,50,8169950
20221123,09:32:05,18326.55,150,8169950
20221123,09:32:06,18327.00,1100,8169950
20221123,09:32:07,18327.00,350,8169950
20221123,09:32:09,18327.00,50,8169950
20221123,09:32:10,18326.55,700,8169950
20221123,09:32:11,18326.10,100,8169950
20221123,09:32:12,18326.10,150,8169950
20221123,09:32:13,18327.00,150,8169950
20221123,09:32:14,18326.00,100,8169950
20221123,09:32:16,18325.70,2100,8169950
20221123,09:32:18,18326.00,50,8169950
20221123,09:32:19,18326.05,50,8169950
20221123,09:32:20,18327.00,300,8169950
20221123,09:32:21,18327.30,1300,8169950
20221123,09:32:22,18327.00,250,8169950
20221123,09:32:23,18327.45,300,8169950
20221123,09:32:24,18327.70,550,8169950
20221123,09:32:26,18327.70,550,8169950
20221123,09:32:26,18327.70,750,8169950
20221123,09:32:27,18327.70,200,8169950
20221123,09:32:28,18329.00,350,8169950
20221123,09:32:29,18328.95,650,8169950
20221123,09:32:30,18329.80,150,8169950
20221123,09:32:33,18329.80,400,8256250
20221123,09:32:34,18330.00,500,8256250
20221123,09:32:37,18330.00,100,8256250
20221123,09:32:38,18329.10,100,8256250
20221123,09:32:39,18330.00,100,8256250
20221123,09:32:40,18330.00,50,8256250
20221123,09:32:42,18329.25,50,8256250
20221123,09:32:43,18330.00,50,8256250
20221123,09:32:49,18329.00,450,8256250
20221123,09:32:52,18329.95,1200,8256250
20221123,09:32:52,18329.95,50,8256250
20221123,09:32:54,18329.00,350,8256250
20221123,09:32:55,18329.10,50,8256250
20221123,09:32:56,18330.00,500,8256250
20221123,09:32:58,18330.05,700,8256250
20221123,09:32:59,18330.05,1000,8256250
20221123,09:33:00,18330.85,150,8256250
20221123,09:33:04,18330.85,100,8256250
20221123,09:33:05,18330.85,200,8256250
20221123,09:33:06,18330.85,1650,8256250
20221123,09:33:07,18330.85,100,8256250
20221123,09:33:08,18330.85,6750,8256250
20221123,09:33:09,18330.40,4250,8256250
20221123,09:33:11,18330.40,50,8256250
20221123,09:33:11,18330.60,50,8256250
20221123,09:33:12,18331.80,100,8256250
20221123,09:33:13,18330.50,350,8256250
20221123,09:33:14,18330.85,1000,8256250
20221123,09:33:15,18331.00,250,8256250
20221123,09:33:16,18332.60,1100,8256250
20221123,09:33:18,18331.85,150,8256250
20221123,09:33:18,18333.00,50,8256250
20221123,09:33:19,18331.85,50,8256250
20221123,09:33:20,18331.85,750,8256250
20221123,09:33:21,18331.85,150,8256250
20221123,09:33:22,18331.85,100,8256250
20221123,09:33:23,18333.00,150,8256250
20221123,09:33:25,18332.75,1150,8256250
20221123,09:33:25,18332.75,200,8256250
20221123,09:33:26,18333.00,350,8256250
20221123,09:33:27,18333.60,400,8256250
20221123,09:33:31,18331.00,450,8256250
20221123,09:33:31,18331.00,100,8256250
20221123,09:33:32,18333.40,150,8256250
20221123,09:33:33,18333.40,100,8256250
20221123,09:33:34,18332.00,150,8256250
20221123,09:33:35,18332.00,300,8256250
20221123,09:33:37,18332.00,250,8256250
20221123,09:33:40,18333.00,100,8256250
20221123,09:33:41,18333.40,400,8256250
20221123,09:33:43,18334.00,350,8256250
20221123,09:33:44,18334.00,200,8256250
20221123,09:33:46,18334.80,250,8256250
20221123,09:33:47,18334.80,400,8256250
20221123,09:33:48,18334.90,250,8256250
20221123,09:33:49,18337.70,4850,8256250
20221123,09:33:50,18338.00,750,8256250
20221123,09:33:51,18339.65,2450,8256250
20221123,09:33:52,18339.75,300,8256250
20221123,09:33:53,18338.00,1750,8256250
20221123,09:33:55,18339.85,1400,8256250
20221123,09:33:55,18339.85,550,8256250
20221123,09:33:56,18339.85,2000,8256250
20221123,09:33:57,18338.60,250,8256250
20221123,09:33:58,18336.15,450,8256250
20221123,09:33:59,18337.45,900,8256250
20221123,09:34:00,18337.25,2250,8256250
20221123,09:34:01,18337.10,550,8256250
20221123,09:34:03,18338.00,650,8256250
20221123,09:34:04,18335.00,150,8256250
20221123,09:34:04,18337.00,100,8256250
20221123,09:34:05,18336.15,150,8256250
20221123,09:34:06,18336.50,400,8256250
20221123,09:34:07,18336.00,300,8256250
20221123,09:34:08,18335.00,1600,8256250
20221123,09:34:10,18335.10,1800,8256250
20221123,09:34:11,18335.55,350,8256250
20221123,09:34:12,18336.05,200,8256250
20221123,09:34:15,18334.05,300,8256250
20221123,09:34:15,18335.15,1800,8256250
20221123,09:34:17,18335.25,250,8256250
20221123,09:34:18,18334.00,150,8256250
20221123,09:34:19,18334.50,750,8256250
20221123,09:34:20,18333.25,200,8256250
20221123,09:34:22,18334.05,100,8256250
20221123,09:34:22,18333.00,50,8256250
20221123,09:34:23,18334.50,150,8256250
20221123,09:34:24,18334.50,1500,8256250
20221123,09:34:25,18332.60,700,8256250
20221123,09:34:27,18335.00,250,8256250
20221123,09:34:29,18334.90,100,8256250
20221123,09:34:30,18334.75,50,8256250
20221123,09:34:31,18334.90,300,8256250
20221123,09:34:34,18334.50,100,8256250
20221123,09:34:35,18334.90,50,8256250
20221123,09:34:37,18334.90,50,8256250
20221123,09:34:38,18334.50,700,8256250
20221123,09:34:41,18334.90,200,8256250
20221123,09:34:42,18335.00,150,8256250
20221123,09:34:44,18336.00,50,8256250
20221123,09:34:45,18336.00,50,8256250
20221123,09:34:45,18337.90,500,8256250
20221123,09:34:46,18338.85,250,8256250
20221123,09:34:48,18339.35,600,8256250
20221123,09:34:50,18336.00,750,8256250
20221123,09:34:51,18335.25,350,8256250
20221123,09:34:52,18335.70,250,8256250
20221123,09:34:53,18338.35,250,8256250
20221123,09:34:54,18338.35,1250,8256250
20221123,09:34:56,18338.35,100,8256250
20221123,09:34:57,18338.35,100,8256250
20221123,09:34:58,18338.65,300,8256250
20221123,09:34:59,18338.80,500,8256250
20221123,09:35:02,18338.95,100,8256250
20221123,09:35:02,18339.35,1000,8256250
20221123,09:35:03,18338.05,300,8256250
20221123,09:35:04,18337.95,600,8256250
20221123,09:35:06,18338.20,7250,8256250
20221123,09:35:07,18338.05,600,8256250
20221123,09:35:07,18338.05,150,8256250
20221123,09:35:08,18338.00,200,8256250
20221123,09:35:09,18338.05,200,8256250
20221123,09:35:10,18337.65,3350,8256250
20221123,09:35:11,18335.00,150,8256250
20221123,09:35:13,18336.80,750,8256250
20221123,09:35:14,18336.80,550,8256250
20221123,09:35:15,18336.90,150,8256250
20221123,09:35:16,18336.60,50,8256250
20221123,09:35:17,18335.85,150,8256250
20221123,09:35:19,18335.05,100,8256250
20221123,09:35:20,18335.00,300,8256250
20221123,09:35:21,18334.95,150,8256250
20221123,09:35:22,18334.95,50,8256250
20221123,09:35:23,18335.40,1550,8256250
20221123,09:35:25,18335.30,100,8256250
20221123,09:35:27,18332.05,1550,8256250
20221123,09:35:29,18335.00,750,8256250
20221123,09:35:31,18332.40,300,8256250
20221123,09:35:33,18334.00,100,8267250
20221123,09:35:36,18334.00,50,8267250
20221123,09:35:38,18334.00,50,8267250
20221123,09:35:39,18334.00,50,8267250
20221123,09:35:40,18335.00,100,8267250
20221123,09:35:41,18335.30,150,8267250
20221123,09:35:44,18334.45,200,8267250
20221123,09:35:45,18337.30,200,8267250
20221123,09:35:46,18337.05,150,8267250
20221123,09:35:47,18336.65,50,8267250
20221123,09:35:48,18336.65,350,8267250
20221123,09:35:51,18336.20,50,8267250
20221123,09:35:52,18335.15,500,8267250
20221123,09:35:53,18336.20,200,8267250
20221123,09:35:54,18334.75,100,8267250
20221123,09:35:56,18334.20,500,8267250
20221123,09:35:59,18335.90,50,8267250
20221123,09:36:01,18335.50,100,8267250
20221123,09:36:02,18335.65,350,8267250
20221123,09:36:03,18335.70,50,8267250
20221123,09:36:04,18335.55,150,8267250
20221123,09:36:05,18335.35,400,8267250
20221123,09:36:07,18334.20,100,8267250
20221123,09:36:08,18335.35,100,8267250
20221123,09:36:08,18334.20,100,8267250
20221123,09:36:10,18335.10,150,8267250
20221123,09:36:11,18335.00,50,8267250
20221123,09:36:14,18335.00,650,8267250
20221123,09:36:15,18334.85,100,8267250
20221123,09:36:16,18334.25,1700,8267250
20221123,09:36:16,18334.25,100,8267250
20221123,09:36:17,18334.20,1400,8267250
20221123,09:36:18,18334.10,50,8267250
20221123,09:36:20,18334.15,50,8267250
20221123,09:36:21,18334.15,250,8267250
20221123,09:36:23,18333.15,200,8267250
20221123,09:36:24,18334.10,100,8267250
20221123,09:36:25,18334.10,50,8267250
20221123,09:36:26,18334.10,600,8267250
20221123,09:36:27,18333.15,400,8267250
20221123,09:36:30,18333.35,700,8267250
20221123,09:36:31,18333.35,100,8267250
20221123,09:36:32,18331.00,300,8267250
20221123,09:36:33,18331.15,50,8267250
20221123,09:36:34,18333.00,1900,8267250
20221123,09:36:35,18332.95,50,8267250
20221123,09:36:37,18331.00,50,8267250
20221123,09:36:38,18330.20,50,8267250
20221123,09:36:39,18330.00,100,8267250
20221123,09:36:40,18330.20,1700,8267250
20221123,09:36:41,18331.00,400,8267250
20221123,09:36:43,18331.95,1050,8267250
20221123,09:36:45,18332.30,2100,8267250
20221123,09:36:46,18332.00,150,8267250
20221123,09:36:47,18331.00,100,8267250
20221123,09:36:48,18331.90,50,8267250
20221123,09:36:51,18332.05,200,8267250
20221123,09:36:52,18331.95,100,8267250
20221123,09:36:53,18331.95,150,8267250
20221123,09:36:54,18331.20,850,8267250
20221123,09:36:55,18331.20,150,8267250
20221123,09:36:56,18332.10,100,8267250
20221123,09:36:57,18331.25,100,8267250
20221123,09:36:59,18331.20,350,8267250
20221123,09:37:00,18331.20,200,8267250
20221123,09:37:01,18331.05,50,8267250
20221123,09:37:02,18331.60,50,8267250
20221123,09:37:03,18331.05,100,8267250
20221123,09:37:05,18331.40,250,8267250
20221123,09:37:06,18331.40,250,8267250
20221123,09:37:07,18331.00,50,8267250
20221123,09:37:08,18331.00,100,8267250
20221123,09:37:09,18331.40,200,8267250
20221123,09:37:14,18331.20,200,8267250
20221123,09:37:15,18330.10,400,8267250
20221123,09:37:16,18328.20,2400,8267250
20221123,09:37:17,18330.85,50,8267250
20221123,09:37:18,18329.10,50,8267250
20221123,09:37:19,18328.55,400,8267250
20221123,09:37:20,18330.05,50,8267250
20221123,09:37:21,18328.70,100,8267250
20221123,09:37:24,18329.55,200,8267250
20221123,09:37:25,18331.00,150,8267250
20221123,09:37:26,18330.60,100,8267250
20221123,09:37:27,18329.25,350,8267250
20221123,09:37:28,18331.00,200,8267250
20221123,09:37:30,18328.55,300,8267250
20221123,09:37:31,18328.10,300,8267250
20221123,09:37:32,18330.80,200,8267250
20221123,09:37:33,18328.55,50,8267250
20221123,09:37:36,18328.10,150,8267250
20221123,09:37:37,18329.00,50,8267250
20221123,09:37:38,18327.80,250,8267250
20221123,09:37:39,18328.80,50,8267250
20221123,09:37:40,18327.60,250,8267250
20221123,09:37:40,18327.85,50,8267250
20221123,09:37:43,18328.00,150,8267250
20221123,09:37:44,18328.40,100,8267250
20221123,09:37:45,18327.05,100,8267250
20221123,09:37:46,18328.15,300,8267250
20221123,09:37:46,18328.20,500,8267250
20221123,09:37:47,18325.05,600,8267250
20221123,09:37:48,18325.25,300,8267250
20221123,09:37:50,18325.00,200,8267250
20221123,09:37:53,18325.00,250,8267250
20221123,09:37:54,18325.00,1600,8267250
20221123,09:37:55,18326.00,50,8267250
20221123,09:37:57,18327.90,200,8267250
20221123,09:37:58,18326.00,50,8267250
20221123,09:37:59,18326.30,100,8267250
20221123,09:38:01,18327.50,900,8267250
20221123,09:38:02,18327.95,200,8267250
20221123,09:38:03,18328.00,50,8267250
20221123,09:38:04,18327.50,100,8267250
20221123,09:38:06,18327.50,50,8267250
20221123,09:38:07,18326.40,550,8267250
20221123,09:38:09,18326.00,100,8267250
20221123,09:38:10,18326.00,50,8267250
20221123,09:38:11,18326.05,50,8267250
20221123,09:38:13,18325.40,1150,8267250
20221123,09:38:15,18325.00,200,8267250
20221123,09:38:16,18325.00,50,8267250
20221123,09:38:18,18325.00,300,8267250
20221123,09:38:19,18326.00,200,8267250
20221123,09:38:20,18325.05,200,8267250
20221123,09:38:21,18325.00,1000,8267250
20221123,09:38:22,18326.00,250,8267250
20221123,09:38:24,18327.00,50,8267250
20221123,09:38:25,18328.00,250,8267250
20221123,09:38:27,18326.00,100,8267250
20221123,09:38:29,18325.00,1800,8267250
20221123,09:38:30,18327.85,250,8267250
20221123,09:38:33,18325.40,1750,8268850
20221123,09:38:33,18327.00,100,8268850
20221123,09:38:35,18326.00,100,8268850
20221123,09:38:36,18326.00,50,8268850
20221123,09:38:37,18326.00,300,8268850
20221123,09:38:38,18325.05,250,8268850
20221123,09:38:43,18326.65,100,8268850
20221123,09:38:44,18326.55,50,8268850
20221123,09:38:45,18325.25,100,8268850
20221123,09:38:46,18327.10,1500,8268850
20221123,09:38:47,18327.15,1650,8268850
20221123,09:38:51,18327.15,900,8268850
20221123,09:38:54,18325.25,250,8268850
20221123,09:38:56,18326.65,750,8268850
20221123,09:38:57,18325.25,50,8268850
20221123,09:38:57,18325.25,750,8268850
20221123,09:38:58,18325.00,100,8268850
20221123,09:39:01,18325.80,450,8268850
20221123,09:39:02,18326.65,250,8268850
20221123,09:39:03,18325.40,1200,8268850
20221123,09:39:04,18327.00,350,8268850
20221123,09:39:06,18326.95,600,8268850
20221123,09:39:10,18327.00,250,8268850
20221123,09:39:11,18325.05,100,8268850
20221123,09:39:12,18325.05,850,8268850
20221123,09:39:14,18326.35,1050,8268850
20221123,09:39:15,18325.00,50,8268850
20221123,09:39:16,18325.00,100,8268850
20221123,09:39:17,18325.00,2500,8268850
20221123,09:39:18,18324.50,2500,8268850
20221123,09:39:19,18324.30,100,8268850
20221123,09:39:21,18322.65,400,8268850
20221123,09:39:22,18322.65,50,8268850
20221123,09:39:23,18320.70,1500,8268850
20221123,09:39:24,18320.65,50,8268850
20221123,09:39:26,18320.55,14600,8268850
20221123,09:39:27,18320.90,500,8268850
20221123,09:39:28,18320.30,1200,8268850
20221123,09:39:29,18321.50,850,8268850
20221123,09:39:30,18320.60,100,8268850
20221123,09:39:31,18320.55,250,8268850
20221123,09:39:33,18321.30,500,8268850
20221123,09:39:34,18322.05,1800,8268850
20221123,09:39:35,18323.00,1850,8268850
20221123,09:39:36,18323.00,250,8268850
20221123,09:39:37,18324.85,1050,8268850
20221123,09:39:39,18325.50,300,8268850
20221123,09:39:40,18324.90,50,8268850
20221123,09:39:41,18322.65,550,8268850
20221123,09:39:42,18322.30,3050,8268850
20221123,09:39:43,18324.50,50,8268850
20221123,09:39:44,18323.05,150,8268850
20221123,09:39:46,18322.95,2700,8268850
20221123,09:39:47,18325.00,100,8268850
20221123,09:39:48,18322.65,3200,8268850
20221123,09:39:49,18322.65,100,8268850
20221123,09:39:54,18322.65,550,8268850
20221123,09:39:55,18324.50,50,8268850
20221123,09:39:56,18324.50,50,8268850
20221123,09:39:57,18324.50,600,8268850
20221123,09:39:58,18323.50,2050,8268850
20221123,09:39:58,18325.00,100,8268850
20221123,09:39:59,18323.40,50,8268850
20221123,09:40:01,18323.25,2100,8268850
20221123,09:40:02,18323.05,700,8268850
20221123,09:40:03,18325.00,250,8268850
20221123,09:40:04,18325.00,200,8268850
20221123,09:40:05,18325.00,100,8268850
20221123,09:40:07,18325.00,600,8268850
20221123,09:40:09,18323.40,100,8268850
20221123,09:40:10,18323.40,50,8268850
20221123,09:40:11,18324.05,50,8268850
20221123,09:40:12,18323.50,150,8268850
20221123,09:40:13,18322.00,2000,8268850
20221123,09:40:15,18322.00,550,8268850
20221123,09:40:16,18321.30,50,8268850
20221123,09:40:18,18320.10,200,8268850
20221123,09:40:19,18322.20,50,8268850
20221123,09:40:20,18320.00,850,8268850
20221123,09:40:21,18320.00,200,8268850
20221123,09:40:23,18319.60,1400,8268850
20221123,09:40:24,18317.00,1450,8268850
20221123,09:40:25,18317.00,250,8268850
20221123,09:40:26,18316.10,250,8268850
20221123,09:40:27,18315.35,5650,8268850
20221123,09:40:28,18316.00,50,8268850
20221123,09:40:28,18313.20,150,8268850
20221123,09:40:29,18313.20,200,8268850
20221123,09:40:31,18315.30,250,8268850
20221123,09:40:32,18315.05,150,8268850
20221123,09:40:33,18315.00,350,8268850
20221123,09:40:33,18313.15,250,8268850
20221123,09:40:34,18315.00,250,8268850
20221123,09:40:35,18314.95,950,8268850
20221123,09:40:36,18317.00,100,8268850
20221123,09:40:37,18317.00,1000,8268850
20221123,09:40:38,18318.00,50,8268850
20221123,09:40:39,18316.25,550,8268850
20221123,09:40:40,18316.80,50,8268850
20221123,09:40:42,18316.65,100,8268850
20221123,09:40:43,18316.60,150,8268850
20221123,09:40:44,18316.65,50,8268850
20221123,09:40:46,18317.00,100,8268850
20221123,09:40:47,18317.00,450,8268850
20221123,09:40:48,18318.90,300,8268850
20221123,09:40:49,18316.95,100,8268850
20221123,09:40:50,18319.00,150,8268850
20221123,09:40:51,18316.75,150,8268850
20221123,09:40:53,18318.00,50,8268850
20221123,09:40:54,18316.75,250,8268850
20221123,09:40:55,18314.25,1800,8268850
20221123,09:40:56,18315.95,150,8268850
20221123,09:40:57,18316.65,350,8268850
20221123,09:40:58,18316.65,100,8268850
20221123,09:41:00,18315.15,50,8268850
20221123,09:41:01,18313.00,750,8268850
20221123,09:41:02,18315.15,750,8268850
20221123,09:41:03,18312.50,200,8268850
20221123,09:41:04,18314.10,50,8268850
20221123,09:41:05,18311.10,1000,8268850
20221123,09:41:06,18310.00,4150,8268850
20221123,09:41:07,18313.45,200,8268850
20221123,09:41:08,18311.30,300,8268850
20221123,09:41:09,18312.75,350,8268850
20221123,09:41:10,18313.95,350,8268850
20221123,09:41:11,18315.00,650,8268850
20221123,09:41:12,18312.10,100,8268850
20221123,09:41:13,18312.30,350,8268850
20221123,09:41:14,18312.10,250,8268850
20221123,09:41:15,18313.90,1200,8268850
20221123,09:41:16,18312.45,700,8268850
20221123,09:41:17,18313.10,150,8268850
20221123,09:41:18,18312.60,600,8268850
20221123,09:41:19,18314.00,950,8268850
20221123,09:41:20,18313.05,1450,8268850
20221123,09:41:21,18312.95,550,8268850
20221123,09:41:21,18312.95,150,8268850
20221123,09:41:23,18313.75,800,8268850
20221123,09:41:24,18314.40,100,8268850
20221123,09:41:25,18314.40,50,8268850
20221123,09:41:26,18314.35,100,8268850
20221123,09:41:27,18314.00,100,8268850
20221123,09:41:28,18315.00,1400,8268850
20221123,09:41:29,18316.00,250,8268850
20221123,09:41:31,18313.60,100,8268850
20221123,09:41:32,18314.00,400,8268850
20221123,09:41:33,18314.00,100,8268850
20221123,09:41:34,18314.00,250,8282950
20221123,09:41:35,18313.00,400,8282950
20221123,09:41:36,18313.20,750,8282950
20221123,09:41:37,18313.05,50,8282950
20221123,09:41:38,18313.00,100,8282950
20221123,09:41:39,18312.00,1200,8282950
20221123,09:41:40,18312.80,400,8282950
20221123,09:41:41,18313.00,100,8282950
20221123,09:41:42,18311.10,100,8282950
20221123,09:41:44,18312.00,50,8282950
20221123,09:41:45,18313.00,150,8282950
20221123,09:41:46,18312.00,100,8282950
20221123,09:41:47,18313.05,100,8282950
20221123,09:41:49,18313.05,100,8282950
20221123,09:41:50,18313.50,100,8282950
20221123,09:41:51,18312.00,250,8282950
20221123,09:41:52,18312.00,200,8282950
20221123,09:41:53,18313.10,50,8282950
20221123,09:41:54,18313.40,150,8282950
20221123,09:41:55,18312.00,150,8282950
20221123,09:41:57,18311.45,250,8282950
20221123,09:41:58,18311.85,200,8282950
20221123,09:41:59,18313.40,300,8282950
20221123,09:42:00,18312.00,50,8282950
20221123,09:42:01,18312.30,100,8282950
20221123,09:42:02,18311.15,250,8282950
20221123,09:42:03,18313.00,400,8282950
20221123,09:42:04,18310.40,100,8282950
20221123,09:42:05,18311.00,150,8282950
20221123,09:42:06,18310.30,250,8282950
20221123,09:42:07,18310.10,400,8282950
20221123,09:42:08,18310.65,350,8282950
20221123,09:42:09,18310.45,350,8282950
20221123,09:42:10,18310.35,150,8282950
20221123,09:42:11,18310.80,1050,8282950
20221123,09:42:13,18310.75,450,8282950
20221123,09:42:15,18310.35,250,8282950
20221123,09:42:16,18310.10,650,8282950
20221123,09:42:17,18310.10,50,8282950
20221123,09:42:18,18310.00,1850,8282950
20221123,09:42:19,18310.75,50,8282950
20221123,09:42:20,18310.00,200,8282950
20221123,09:42:21,18310.00,650,8282950
20221123,09:42:22,18310.00,50,8282950
20221123,09:42:23,18310.00,200,8282950
20221123,09:42:24,18310.15,50,8282950
20221123,09:42:25,18311.00,150,8282950
20221123,09:42:26,18311.05,200,8282950
20221123,09:42:28,18311.15,50,8282950
20221123,09:42:29,18311.20,350,8282950
20221123,09:42:30,18310.95,1400,8282950
20221123,09:42:31,18311.05,150,8282950
20221123,09:42:33,18310.05,300,8282950
20221123,09:42:34,18310.00,50,8282950
20221123,09:42:35,18310.30,100,8282950
20221123,09:42:36,18311.65,50,8282950
20221123,09:42:37,18310.75,750,8282950
20221123,09:42:38,18310.75,100,8282950
20221123,09:42:39,18312.00,300,8282950
20221123,09:42:43,18311.75,500,8282950
20221123,09:42:44,18312.00,50,8282950
20221123,09:42:45,18311.90,400,8282950
20221123,09:42:46,18311.90,50,8282950
20221123,09:42:47,18313.50,3850,8282950
20221123,09:42:48,18314.80,200,8282950
20221123,09:42:49,18313.40,350,8282950
20221123,09:42:51,18314.25,200,8282950
20221123,09:42:52,18313.60,150,8282950
20221123,09:42:53,18312.85,150,8282950
20221123,09:42:54,18312.00,50,8282950
20221123,09:42:56,18312.85,100,8282950
20221123,09:42:58,18312.05,200,8282950
20221123,09:42:59,18311.90,50,8282950
20221123,09:43:00,18312.10,50,8282950
20221123,09:43:01,18312.15,50,8282950
20221123,09:43:02,18311.55,1200,8282950
20221123,09:43:03,18311.00,4100,8282950
20221123,09:43:04,18311.75,50,8282950
20221123,09:43:05,18311.00,150,8282950
20221123,09:43:06,18310.00,100,8282950
20221123,09:43:07,18310.80,750,8282950
20221123,09:43:09,18310.90,250,8282950
20221123,09:43:10,18310.95,300,8282950
20221123,09:43:11,18311.75,50,8282950
20221123,09:43:12,18311.35,100,8282950
20221123,09:43:13,18310.85,50,8282950
20221123,09:43:14,18311.10,350,8282950
20221123,09:43:15,18310.55,100,8282950
20221123,09:43:17,18311.00,50,8282950
20221123,09:43:18,18310.50,200,8282950
20221123,09:43:19,18311.15,50,8282950
20221123,09:43:20,18311.35,2850,8282950
20221123,09:43:21,18310.00,100,8282950
20221123,09:43:24,18309.00,350,8282950
20221123,09:43:25,18310.00,100,8282950
20221123,09:43:26,18309.00,950,8282950
20221123,09:43:27,18309.00,200,8282950
20221123,09:43:29,18310.95,600,8282950
20221123,09:43:30,18311.30,50,8282950
20221123,09:43:32,18311.00,50,8282950
20221123,09:43:33,18311.15,250,8282950
20221123,09:43:34,18311.30,1450,8282950
20221123,09:43:36,18310.10,700,8282950
20221123,09:43:37,18312.00,300,8282950
20221123,09:43:38,18311.95,50,8282950
20221123,09:43:40,18310.95,50,8282950
20221123,09:43:41,18312.00,500,8282950
20221123,09:43:42,18310.95,250,8282950
20221123,09:43:45,18310.85,1300,8282950
20221123,09:43:46,18310.65,350,8282950
20221123,09:43:47,18312.15,100,8282950
20221123,09:43:48,18311.40,400,8282950
20221123,09:43:49,18312.60,300,8282950
20221123,09:43:50,18310.65,50,8282950
20221123,09:43:51,18311.30,100,8282950
20221123,09:43:52,18311.25,150,8282950
20221123,09:43:53,18312.50,50,8282950
20221123,09:43:55,18312.75,150,8282950
20221123,09:43:56,18312.95,300,8282950
20221123,09:43:57,18311.45,50,8282950
20221123,09:43:59,18313.35,200,8282950
20221123,09:44:02,18311.50,100,8282950
20221123,09:44:03,18311.25,250,8282950
20221123,09:44:04,18313.00,150,8282950
20221123,09:44:05,18312.75,150,8282950
20221123,09:44:06,18310.40,100,8282950
20221123,09:44:07,18311.35,150,8282950
20221123,09:44:08,18312.60,250,8282950
20221123,09:44:09,18311.15,50,8282950
20221123,09:44:10,18311.40,200,8282950
20221123,09:44:11,18311.40,100,8282950
20221123,09:44:12,18311.40,250,8282950
20221123,09:44:13,18311.00,300,8282950
20221123,09:44:15,18311.00,450,8282950
20221123,09:44:16,18311.00,100,8282950
20221123,09:44:17,18311.45,850,8282950
20221123,09:44:19,18311.15,600,8282950
20221123,09:44:20,18313.20,700,8282950
20221123,09:44:21,18311.85,1050,8282950
20221123,09:44:22,18313.00,1350,8282950
20221123,09:44:23,18313.40,100,8282950
20221123,09:44:25,18313.75,100,8282950
20221123,09:44:26,18313.50,650,8282950
20221123,09:44:27,18313.50,50,8282950
20221123,09:44:28,18313.90,300,8282950
20221123,09:44:29,18313.50,50,8282950
20221123,09:44:32,18313.10,100,8282950
20221123,09:44:33,18312.80,50,8282950
20221123,09:44:34,18311.00,400,8281250
20221123,09:44:35,18312.50,550,8281250
20221123,09:44:36,18313.10,1050,8281250
20221123,09:44:37,18312.15,1300,8281250
20221123,09:44:40,18311.95,100,8281250
20221123,09:44:40,18311.90,50,8281250
20221123,09:44:41,18311.00,50,8281250
20221123,09:44:42,18312.25,550,8281250
20221123,09:44:43,18312.25,50,8281250
20221123,09:44:44,18311.00,300,8281250
20221123,09:44:47,18311.00,150,8281250
20221123,09:44:48,18310.95,1000,8281250
20221123,09:44:49,18311.00,50,8281250
20221123,09:44:50,18310.40,600,8281250
20221123,09:44:52,18310.40,100,8281250
20221123,09:44:54,18310.40,150,8281250
20221123,09:44:54,18309.30,50,8281250
20221123,09:44:55,18311.00,650,8281250
20221123,09:44:56,18309.00,300,8281250
20221123,09:44:57,18308.50,200,8281250
20221123,09:44:58,18308.50,50,8281250
20221123,09:45:01,18308.85,100,8281250
20221123,09:45:02,18308.75,50,8281250
20221123,09:45:03,18309.10,900,8281250
20221123,09:45:04,18310.00,700,8281250
20221123,09:45:05,18308.50,100,8281250
20221123,09:45:07,18308.50,400,8281250
20221123,09:45:08,18308.50,400,8281250
20221123,09:45:09,18309.80,250,8281250
20221123,09:45:10,18306.20,3850,8281250
20221123,09:45:11,18305.65,750,8281250
20221123,09:45:12,18305.65,1000,8281250
20221123,09:45:13,18305.60,650,8281250
20221123,09:45:15,18305.60,450,8281250
20221123,09:45:15,18306.00,100,8281250
20221123,09:45:16,18306.20,250,8281250
20221123,09:45:17,18306.25,400,8281250
20221123,09:45:18,18307.95,350,8281250
20221123,09:45:19,18305.60,700,8281250
20221123,09:45:20,18305.65,100,8281250
20221123,09:45:21,18305.60,50,8281250
20221123,09:45:22,18305.60,400,8281250
20221123,09:45:23,18305.55,400,8281250
20221123,09:45:24,18306.00,100,8281250
20221123,09:45:25,18305.55,300,8281250
20221123,09:45:27,18306.65,250,8281250
20221123,09:45:28,18306.75,250,8281250
20221123,09:45:29,18307.70,550,8281250
20221123,09:45:30,18307.45,200,8281250
20221123,09:45:31,18306.05,800,8281250
20221123,09:45:33,18306.15,500,8281250
20221123,09:45:34,18307.00,100,8281250
20221123,09:45:35,18307.00,100,8281250
20221123,09:45:36,18307.15,500,8281250
20221123,09:45:38,18307.20,50,8281250
20221123,09:45:39,18307.00,50,8281250
20221123,09:45:40,18307.05,400,8281250
20221123,09:45:41,18306.00,950,8281250
20221123,09:45:42,18306.00,100,8281250
20221123,09:45:44,18306.00,50,8281250
20221123,09:45:45,18306.70,450,8281250
20221123,09:45:46,18306.70,50,8281250
20221123,09:45:47,18306.80,350,8281250
20221123,09:45:48,18306.05,100,8281250
20221123,09:45:50,18304.00,4000,8281250
20221123,09:45:50,18304.90,50,8281250
20221123,09:45:51,18302.00,4000,8281250
20221123,09:45:52,18301.45,2100,8281250
20221123,09:45:53,18304.85,200,8281250
20221123,09:45:54,18304.00,400,8281250
20221123,09:45:56,18304.00,500,8281250
20221123,09:45:57,18306.90,2000,8281250
20221123,09:45:58,18306.05,250,8281250
20221123,09:45:59,18305.35,600,8281250
20221123,09:46:01,18302.60,150,8281250
20221123,09:46:02,18304.50,400,8281250
20221123,09:46:03,18302.05,900,8281250
20221123,09:46:04,18303.00,150,8281250
20221123,09:46:05,18303.00,2100,8281250
20221123,09:46:07,18305.20,100,8281250
20221123,09:46:09,18304.00,150,8281250
20221123,09:46:10,18304.00,50,8281250
20221123,09:46:12,18302.10,800,8281250
20221123,09:46:13,18304.75,400,8281250
20221123,09:46:14,18304.75,1700,8281250
20221123,09:46:15,18304.85,250,8281250
20221123,09:46:16,18304.00,50,8281250
20221123,09:46:17,18304.95,150,8281250
20221123,09:46:19,18305.00,150,8281250
20221123,09:46:20,18304.00,100,8281250
20221123,09:46:20,18303.00,250,8281250
20221123,09:46:22,18302.05,350,8281250
20221123,09:46:23,18302.00,150,8281250
20221123,09:46:25,18302.00,500,8281250
20221123,09:46:26,18304.10,150,8281250
20221123,09:46:27,18302.00,550,8281250
20221123,09:46:28,18302.00,950,8281250
20221123,09:46:29,18302.00,250,8281250
20221123,09:46:30,18301.20,300,8281250
20221123,09:46:32,18302.80,50,8281250
20221123,09:46:33,18302.00,200,8281250
20221123,09:46:34,18304.00,200,8281250
20221123,09:46:35,18302.25,100,8281250
20221123,09:46:37,18302.15,150,8281250
20221123,09:46:38,18302.00,500,8281250
20221123,09:46:39,18301.20,350,8281250
20221123,09:46:40,18304.00,550,8281250
20221123,09:46:42,18303.85,100,8281250
20221123,09:46:43,18304.00,200,8281250
20221123,09:46:43,18302.20,350,8281250
20221123,09:46:44,18303.85,150,8281250
20221123,09:46:45,18303.20,500,8281250
20221123,09:46:46,18304.00,50,8281250
20221123,09:46:47,18304.00,50,8281250
20221123,09:46:48,18304.75,100,8281250
20221123,09:46:49,18305.00,450,8281250
20221123,09:46:51,18305.00,100,8281250
20221123,09:46:52,18305.00,250,8281250
20221123,09:46:55,18305.00,500,8281250
20221123,09:46:56,18303.00,350,8281250
20221123,09:46:57,18305.00,650,8281250
20221123,09:46:58,18305.00,100,8281250
20221123,09:46:59,18305.00,50,8281250
20221123,09:47:00,18305.20,50,8281250
20221123,09:47:01,18304.70,150,8281250
20221123,09:47:02,18304.95,100,8281250
20221123,09:47:03,18306.00,100,8281250
20221123,09:47:04,18306.00,50,8281250
20221123,09:47:06,18305.15,50,8281250
20221123,09:47:07,18306.00,200,8281250
20221123,09:47:08,18306.00,200,8281250
20221123,09:47:10,18304.40,150,8281250
20221123,09:47:11,18306.00,700,8281250
20221123,09:47:11,18305.95,50,8281250
20221123,09:47:12,18304.90,200,8281250
20221123,09:47:13,18304.90,50,8281250
20221123,09:47:14,18305.00,50,8281250
20221123,09:47:16,18305.00,1250,8281250
20221123,09:47:18,18304.00,1600,8281250
20221123,09:47:20,18305.00,750,8281250
20221123,09:47:22,18305.00,250,8281250
20221123,09:47:23,18304.15,1200,8281250
20221123,09:47:24,18304.00,50,8281250
20221123,09:47:25,18304.15,50,8281250
20221123,09:47:28,18305.00,50,8281250
20221123,09:47:29,18305.00,100,8281250
20221123,09:47:30,18304.95,50,8281250
20221123,09:47:31,18305.00,150,8281250
20221123,09:47:32,18303.10,250,8281250
20221123,09:47:33,18304.05,300,8281250
20221123,09:47:34,18304.05,850,8291650
20221123,09:47:35,18303.75,100,8291650
20221123,09:47:39,18303.00,50,8291650
20221123,09:47:41,18302.00,450,8291650
20221123,09:47:42,18302.85,100,8291650
20221123,09:47:43,18302.00,150,8291650
20221123,09:47:44,18302.00,650,8291650
20221123,09:47:45,18302.45,50,8291650
20221123,09:47:46,18303.20,700,8291650
20221123,09:47:49,18303.00,100,8291650
20221123,09:47:50,18302.90,250,8291650
20221123,09:47:51,18302.00,950,8291650
20221123,09:47:53,18302.00,50,8291650
20221123,09:47:54,18302.00,50,8291650
20221123,09:47:56,18302.45,550,8291650
20221123,09:47:58,18302.00,50,8291650
20221123,09:47:59,18301.75,750,8291650
20221123,09:48:01,18302.90,600,8291650
20221123,09:48:02,18302.55,150,8291650
20221123,09:48:03,18302.05,600,8291650
20221123,09:48:05,18302.50,50,8291650
20221123,09:48:06,18303.00,1850,8291650
20221123,09:48:07,18303.90,50,8291650
20221123,09:48:10,18305.00,1400,8291650
20221123,09:48:11,18305.00,600,8291650
20221123,09:48:12,18305.00,600,8291650
20221123,09:48:14,18305.95,350,8291650
20221123,09:48:15,18306.00,500,8291650
20221123,09:48:16,18305.65,100,8291650
20221123,09:48:17,18305.75,200,8291650
20221123,09:48:18,18306.00,900,8291650
20221123,09:48:19,18306.00,2100,8291650
20221123,09:48:20,18307.00,1900,8291650
20221123,09:48:20,18308.00,1850,8291650
20221123,09:48:21,18309.90,3250,8291650
20221123,09:48:22,18309.60,200,8291650
20221123,09:48:24,18308.65,150,8291650
20221123,09:48:26,18310.00,1250,8291650
20221123,09:48:27,18309.80,250,8291650
20221123,09:48:29,18307.50,300,8291650
20221123,09:48:30,18308.55,150,8291650
20221123,09:48:31,18308.55,1650,8291650
20221123,09:48:32,18307.95,600,8291650
20221123,09:48:33,18308.00,150,8291650
20221123,09:48:35,18308.55,200,8291650
20221123,09:48:36,18308.55,100,8291650
20221123,09:48:37,18309.00,500,8291650
20221123,09:48:37,18309.60,50,8291650
20221123,09:48:38,18308.00,200,8291650
20221123,09:48:39,18309.35,50,8291650
20221123,09:48:41,18308.70,150,8291650
20221123,09:48:42,18308.00,150,8291650
20221123,09:48:43,18308.90,250,8291650
20221123,09:48:45,18308.85,300,8291650
20221123,09:48:46,18308.85,200,8291650
20221123,09:48:48,18307.40,150,8291650
20221123,09:48:49,18308.90,250,8291650
20221123,09:48:50,18308.90,100,8291650
20221123,09:48:51,18308.90,200,8291650
20221123,09:48:52,18308.85,200,8291650
20221123,09:48:53,18308.95,250,8291650
20221123,09:48:55,18309.35,550,8291650
20221123,09:48:56,18310.00,400,8291650
20221123,09:48:57,18310.00,150,8291650
20221123,09:48:58,18310.00,50,8291650
20221123,09:48:59,18311.00,100,8291650
20221123,09:49:01,18311.00,100,8291650
20221123,09:49:02,18310.60,500,8291650
20221123,09:49:03,18311.05,850,8291650
20221123,09:49:04,18311.25,150,8291650
20221123,09:49:05,18311.00,200,8291650
20221123,09:49:07,18312.20,450,8291650
20221123,09:49:08,18310.50,50,8291650
20221123,09:49:09,18310.50,1450,8291650
20221123,09:49:10,18311.95,650,8291650
20221123,09:49:11,18312.00,200,8291650
20221123,09:49:13,18311.95,200,8291650
20221123,09:49:14,18311.90,100,8291650
20221123,09:49:15,18311.15,250,8291650
20221123,09:49:16,18312.00,50,8291650
20221123,09:49:18,18313.00,500,8291650
20221123,09:49:20,18311.20,1000,8291650
20221123,09:49:21,18311.20,200,8291650
20221123,09:49:22,18311.20,50,8291650
20221123,09:49:23,18312.45,150,8291650
20221123,09:49:24,18313.45,800,8291650
20221123,09:49:25,18313.25,600,8291650
20221123,09:49:26,18313.00,200,8291650
20221123,09:49:28,18312.95,350,8291650
20221123,09:49:29,18311.95,150,8291650
20221123,09:49:30,18311.95,200,8291650
20221123,09:49:31,18312.75,100,8291650
20221123,09:49:32,18313.10,150,8291650
20221123,09:49:33,18313.00,1000,8291650
20221123,09:49:35,18312.75,150,8291650
20221123,09:49:36,18312.00,200,8291650
20221123,09:49:37,18312.95,100,8291650
20221123,09:49:38,18312.95,250,8291650
20221123,09:49:39,18312.95,150,8291650
20221123,09:49:41,18311.35,350,8291650
20221123,09:49:43,18313.10,50,8291650
20221123,09:49:44,18313.10,400,8291650
20221123,09:49:45,18314.40,600,8291650
20221123,09:49:46,18314.60,150,8291650
20221123,09:49:47,18314.20,250,8291650
20221123,09:49:49,18314.40,50,8291650
20221123,09:49:50,18315.00,350,8291650
20221123,09:49:51,18315.00,50,8291650
20221123,09:49:52,18314.95,250,8291650
20221123,09:49:53,18314.70,50,8291650
20221123,09:49:54,18314.70,50,8291650
20221123,09:49:55,18314.95,750,8291650
20221123,09:49:57,18314.95,100,8291650
20221123,09:49:58,18314.00,300,8291650
20221123,09:49:59,18314.95,100,8291650
20221123,09:50:00,18313.05,350,8291650
20221123,09:50:01,18312.05,700,8291650
20221123,09:50:03,18314.00,600,8291650
20221123,09:50:04,18313.80,750,8291650
20221123,09:50:05,18314.00,350,8291650
20221123,09:50:06,18311.30,450,8291650
20221123,09:50:07,18314.15,450,8291650
20221123,09:50:09,18311.40,200,8291650
20221123,09:50:10,18311.40,50,8291650
20221123,09:50:11,18314.95,100,8291650
20221123,09:50:12,18314.95,150,8291650
20221123,09:50:16,18314.95,150,8291650
20221123,09:50:17,18314.95,50,8291650
20221123,09:50:18,18315.00,100,8291650
20221123,09:50:19,18313.90,100,8291650
20221123,09:50:20,18315.00,100,8291650
20221123,09:50:21,18313.95,50,8291650
20221123,09:50:24,18313.95,50,8291650
20221123,09:50:25,18313.90,100,8291650
20221123,09:50:26,18313.95,50,8291650
20221123,09:50:27,18314.00,1050,8291650
20221123,09:50:28,18314.00,50,8291650
20221123,09:50:30,18314.20,300,8291650
20221123,09:50:31,18314.00,100,8291650
20221123,09:50:32,18315.00,1400,8291650
20221123,09:50:34,18315.00,50,8291650
20221123,09:50:35,18314.95,200,8289250
20221123,09:50:36,18315.00,50,8289250
20221123,09:50:37,18315.00,1850,8289250
20221123,09:50:41,18315.45,3800,8289250
20221123,09:50:42,18311.75,350,8289250
20221123,09:50:43,18315.00,2300,8289250
20221123,09:50:44,18314.45,200,8289250
20221123,09:50:46,18314.60,1750,8289250
20221123,09:50:48,18314.45,100,8289250
20221123,09:50:49,18314.20,100,8289250
20221123,09:50:50,18312.05,50,8289250
20221123,09:50:52,18311.85,250,8289250
20221123,09:50:53,18314.40,600,8289250
20221123,09:50:54,18311.85,950,8289250
20221123,09:50:56,18314.40,450,8289250
20221123,09:50:58,18314.25,300,8289250
20221123,09:50:59,18311.80,100,8289250
20221123,09:51:01,18311.85,350,8289250
20221123,09:51:03,18311.80,300,8289250
20221123,09:51:04,18314.70,50,8289250
20221123,09:51:06,18314.50,350,8289250
20221123,09:51:07,18311.80,200,8289250
20221123,09:51:08,18314.50,850,8289250
20221123,09:51:09,18312.10,100,8289250
20221123,09:51:10,18311.80,300,8289250
20221123,09:51:11,18311.80,50,8289250
20221123,09:51:12,18311.80,50,8289250
20221123,09:51:15,18311.90,300,8289250
20221123,09:51:17,18313.75,100,8289250
20221123,09:51:18,18313.75,50,8289250
20221123,09:51:22,18314.00,100,8289250
20221123,09:51:24,18313.00,150,8289250
20221123,09:51:26,18314.00,100,8289250
20221123,09:51:27,18311.85,1800,8289250
20221123,09:51:28,18314.70,300,8289250
20221123,09:51:29,18314.00,500,8289250
20221123,09:51:30,18314.65,150,8289250
20221123,09:51:31,18314.50,50,8289250
20221123,09:51:32,18311.95,100,8289250
20221123,09:51:34,18314.20,100,8289250
20221123,09:51:35,18314.65,50,8289250
20221123,09:51:36,18315.00,200,8289250
20221123,09:51:38,18315.00,100,8289250
20221123,09:51:40,18314.95,200,8289250
20221123,09:51:42,18315.00,50,8289250
20221123,09:51:46,18315.00,50,8289250
20221123,09:51:47,18313.05,100,8289250
20221123,09:51:48,18313.05,50,8289250
20221123,09:51:49,18315.00,100,8289250
20221123,09:51:50,18313.60,1300,8289250
20221123,09:51:52,18314.90,100,8289250
20221123,09:51:53,18316.00,400,8289250
20221123,09:51:56,18316.15,400,8289250
20221123,09:51:56,18314.95,50,8289250
20221123,09:51:58,18314.50,300,8289250
20221123,09:51:59,18316.95,100,8289250
20221123,09:52:00,18316.05,50,8289250
20221123,09:52:01,18318.00,1100,8289250
20221123,09:52:02,18318.00,150,8289250
20221123,09:52:04,18317.25,300,8289250
20221123,09:52:05,18317.40,50,8289250
20221123,09:52:06,18316.60,50,8289250
20221123,09:52:07,18316.50,200,8289250
20221123,09:52:08,18316.95,100,8289250
20221123,09:52:09,18316.05,100,8289250
20221123,09:52:09,18316.05,50,8289250
20221123,09:52:11,18317.00,100,8289250
20221123,09:52:12,18316.00,200,8289250
20221123,09:52:14,18316.45,50,8289250
20221123,09:52:15,18316.75,150,8289250
20221123,09:52:16,18315.50,50,8289250
20221123,09:52:17,18316.00,250,8289250
20221123,09:52:19,18314.00,2550,8289250
20221123,09:52:20,18316.15,100,8289250
20221123,09:52:22,18314.50,500,8289250
20221123,09:52:23,18315.05,50,8289250
20221123,09:52:25,18315.00,100,8289250
20221123,09:52:27,18314.50,250,8289250
20221123,09:52:28,18314.30,350,8289250
20221123,09:52:29,18314.25,150,8289250
20221123,09:52:32,18313.95,100,8289250
20221123,09:52:33,18313.90,200,8289250
20221123,09:52:33,18313.90,50,8289250
20221123,09:52:34,18313.40,350,8289250
20221123,09:52:36,18312.40,150,8289250
20221123,09:52:38,18313.70,50,8289250
20221123,09:52:41,18313.70,100,8289250
20221123,09:52:43,18313.00,1600,8289250
20221123,09:52:47,18313.90,50,8289250
20221123,09:52:48,18313.00,200,8289250
20221123,09:52:50,18313.00,50,8289250
20221123,09:52:51,18313.00,200,8289250
20221123,09:52:53,18313.00,100,8289250
20221123,09:52:54,18313.00,50,8289250
20221123,09:52:55,18313.00,50,8289250
20221123,09:52:57,18313.00,50,8289250
20221123,09:52:58,18313.00,100,8289250
20221123,09:53:00,18312.20,100,8289250
20221123,09:53:02,18313.60,350,8289250
20221123,09:53:04,18312.20,1750,8289250
20221123,09:53:05,18311.30,50,8289250
20221123,09:53:06,18311.00,200,8289250
20221123,09:53:07,18312.15,400,8289250
20221123,09:53:08,18312.20,200,8289250
20221123,09:53:09,18311.60,950,8289250
20221123,09:53:10,18311.00,150,8289250
20221123,09:53:12,18311.65,100,8289250
20221123,09:53:13,18311.00,800,8289250
20221123,09:53:14,18310.60,2100,8289250
20221123,09:53:16,18309.75,400,8289250
20221123,09:53:17,18309.95,250,8289250
20221123,09:53:18,18309.15,150,8289250
20221123,09:53:19,18309.10,50,8289250
20221123,09:53:22,18309.10,50,8289250
20221123,09:53:23,18309.95,250,8289250
20221123,09:53:24,18308.00,50,8289250
20221123,09:53:26,18309.05,1300,8289250
20221123,09:53:28,18308.20,450,8289250
20221123,09:53:30,18308.00,150,8289250
20221123,09:53:31,18308.05,50,8289250
20221123,09:53:40,18310.35,50,8302800
20221123,09:53:41,18308.20,100,8302800
20221123,09:53:44,18308.20,100,8302800
20221123,09:53:45,18310.10,1950,8302800
20221123,09:53:46,18310.90,150,8302800
20221123,09:53:47,18310.50,150,8302800
20221123,09:53:48,18308.20,50,8302800
20221123,09:53:50,18310.00,100,8302800
20221123,09:53:54,18310.00,50,8302800
20221123,09:53:55,18308.20,150,8302800
20221123,09:53:56,18308.00,100,8302800
20221123,09:53:57,18310.40,250,8302800
20221123,09:54:00,18309.10,100,8302800
20221123,09:54:01,18308.25,150,8302800
20221123,09:54:02,18309.00,50,8302800
20221123,09:54:03,18308.20,1500,8302800
20221123,09:54:05,18308.15,50,8302800
20221123,09:54:06,18308.15,50,8302800
20221123,09:54:07,18308.00,50,8302800
20221123,09:54:08,18311.00,1100,8302800
20221123,09:54:09,18309.00,50,8302800
20221123,09:54:10,18310.85,650,8302800
20221123,09:54:11,18307.75,100,8302800
20221123,09:54:12,18309.60,50,8302800
20221123,09:54:13,18307.00,500,8302800
20221123,09:54:15,18307.05,50,8302800
20221123,09:54:16,18306.85,250,8302800
20221123,09:54:17,18306.10,250,8302800
20221123,09:54:18,18309.30,50,8302800
20221123,09:54:20,18307.95,100,8302800
20221123,09:54:21,18308.70,250,8302800
20221123,09:54:22,18306.00,250,8302800
20221123,09:54:24,18307.90,100,8302800
20221123,09:54:25,18305.15,400,8302800
20221123,09:54:26,18307.50,50,8302800
20221123,09:54:27,18306.95,150,8302800
20221123,09:54:28,18307.00,150,8302800
20221123,09:54:29,18306.00,150,8302800
20221123,09:54:31,18306.00,50,8302800
20221123,09:54:32,18305.30,50,8302800
20221123,09:54:33,18304.00,1050,8302800
20221123,09:54:34,18305.00,150,8302800
20221123,09:54:35,18305.00,150,8302800
20221123,09:54:36,18305.00,50,8302800
20221123,09:54:37,18305.00,400,8302800
20221123,09:54:38,18305.00,100,8302800
20221123,09:54:39,18306.15,250,8302800
20221123,09:54:40,18303.25,50,8302800
20221123,09:54:43,18302.50,550,8302800
20221123,09:54:44,18303.85,100,8302800
20221123,09:54:46,18302.50,50,8302800
20221123,09:54:47,18302.45,50,8302800
20221123,09:54:48,18302.85,750,8302800
20221123,09:54:49,18302.90,400,8302800
20221123,09:54:50,18301.15,750,8302800
20221123,09:54:51,18300.50,1950,8302800
20221123,09:54:53,18300.40,150,8302800
20221123,09:54:54,18300.25,100,8302800
20221123,09:54:55,18300.25,100,8302800
20221123,09:54:56,18300.10,250,8302800
20221123,09:54:57,18300.05,50,8302800
20221123,09:54:58,18300.05,250,8302800
20221123,09:54:59,18300.05,200,8302800
20221123,09:55:00,18301.00,250,8302800
20221123,09:55:01,18301.70,250,8302800
20221123,09:55:02,18300.40,400,8302800
20221123,09:55:03,18300.70,1250,8302800
20221123,09:55:04,18300.05,350,8302800
20221123,09:55:05,18302.00,150,8302800
20221123,09:55:06,18300.80,450,8302800
20221123,09:55:07,18302.10,150,8302800
20221123,09:55:08,18301.45,200,8302800
20221123,09:55:10,18302.10,200,8302800
20221123,09:55:11,18301.85,600,8302800
20221123,09:55:13,18301.00,250,8302800
20221123,09:55:14,18300.05,350,8302800
20221123,09:55:16,18300.95,250,8302800
20221123,09:55:19,18300.00,5200,8302800
20221123,09:55:20,18300.00,200,8302800
20221123,09:55:21,18300.00,200,8302800
20221123,09:55:22,18300.00,950,8302800
20221123,09:55:23,18300.15,2300,8302800
20221123,09:55:25,18300.10,600,8302800
20221123,09:55:27,18300.15,50,8302800
20221123,09:55:28,18300.00,950,8302800
20221123,09:55:29,18300.15,200,8302800
20221123,09:55:30,18300.00,250,8302800
20221123,09:55:31,18300.15,250,8302800
20221123,09:55:32,18300.15,100,8302800
20221123,09:55:33,18300.00,1050,8302800
20221123,09:55:35,18300.00,2700,8302800
20221123,09:55:36,18297.55,10750,8302800
20221123,09:55:37,18300.00,5000,8302800
20221123,09:55:39,18300.00,4100,8302800
20221123,09:55:40,18300.00,500,8302800
20221123,09:55:41,18300.15,200,8302800
20221123,09:55:42,18300.00,50,8302800
20221123,09:55:45,18300.00,200,8302800
20221123,09:55:45,18300.00,50,8302800
20221123,09:55:46,18300.00,450,8302800
20221123,09:55:47,18300.00,1000,8302800
20221123,09:55:48,18300.00,1200,8302800
20221123,09:55:49,18300.15,2000,8302800
20221123,09:55:51,18300.00,300,8302800
20221123,09:55:52,18300.50,500,8302800
20221123,09:55:53,18300.50,50,8302800
20221123,09:55:54,18300.80,150,8302800
20221123,09:55:55,18301.00,2200,8302800
20221123,09:55:57,18300.00,300,8302800
20221123,09:55:58,18300.70,450,8302800
20221123,09:55:59,18301.90,250,8302800
20221123,09:56:01,18300.95,50,8302800
20221123,09:56:03,18300.15,400,8302800
20221123,09:56:04,18300.15,250,8302800
20221123,09:56:05,18300.00,550,8302800
20221123,09:56:06,18300.15,2650,8302800
20221123,09:56:07,18300.15,400,8302800
20221123,09:56:09,18301.05,250,8302800
20221123,09:56:09,18300.00,600,8302800
20221123,09:56:10,18300.35,1700,8302800
20221123,09:56:11,18300.00,1000,8302800
20221123,09:56:12,18300.00,4000,8302800
20221123,09:56:13,18301.50,3450,8302800
20221123,09:56:15,18300.00,900,8302800
20221123,09:56:15,18300.00,150,8302800
20221123,09:56:16,18300.00,1250,8302800
20221123,09:56:17,18302.00,1200,8302800
20221123,09:56:18,18300.00,1250,8302800
20221123,09:56:20,18300.00,650,8302800
20221123,09:56:21,18300.00,450,8302800
20221123,09:56:22,18300.00,250,8302800
20221123,09:56:23,18300.00,600,8302800
20221123,09:56:24,18300.40,100,8302800
20221123,09:56:25,18300.00,900,8302800
20221123,09:56:27,18300.00,1000,8302800
20221123,09:56:28,18300.00,100,8302800
20221123,09:56:29,18300.15,50,8302800
20221123,09:56:33,18300.00,2100,8302800
20221123,09:56:34,18300.15,150,8302800
20221123,09:56:36,18300.10,350,8302000
20221123,09:56:37,18300.15,300,8302000
20221123,09:56:38,18300.05,200,8302000
20221123,09:56:39,18300.05,100,8302000
20221123,09:56:41,18300.05,50,8302000
20221123,09:56:43,18300.00,550,8302000
20221123,09:56:44,18300.00,600,8302000
20221123,09:56:45,18300.00,100,8302000
20221123,09:56:46,18300.00,200,8302000
20221123,09:56:48,18300.05,100,8302000
20221123,09:56:48,18300.05,200,8302000
20221123,09:56:49,18300.00,1000,8302000
20221123,09:56:50,18300.00,300,8302000
20221123,09:56:51,18300.00,200,8302000
20221123,09:56:52,18300.00,450,8302000
20221123,09:56:54,18300.00,700,8302000
20221123,09:56:55,18300.00,150,8302000
20221123,09:56:57,18300.00,150,8302000
20221123,09:56:58,18300.00,50,8302000
20221123,09:57:00,18300.00,250,8302000
20221123,09:57:01,18297.55,1300,8302000
20221123,09:57:02,18297.60,600,8302000
20221123,09:57:03,18297.00,1050,8302000
20221123,09:57:04,18297.00,150,8302000
20221123,09:57:05,18297.50,150,8302000
20221123,09:57:07,18297.00,200,8302000
20221123,09:57:07,18298.00,100,8302000
20221123,09:57:08,18298.00,50,8302000
20221123,09:57:10,18298.05,750,8302000
20221123,09:57:11,18298.20,100,8302000
20221123,09:57:14,18298.05,150,8302000
20221123,09:57:15,18298.00,150,8302000
20221123,09:57:16,18299.15,650,8302000
20221123,09:57:17,18300.00,350,8302000
20221123,09:57:18,18299.00,100,8302000
20221123,09:57:20,18298.00,150,8302000
20221123,09:57:22,18298.00,100,8302000
20221123,09:57:23,18298.00,100,8302000
20221123,09:57:24,18298.95,50,8302000
20221123,09:57:25,18298.00,150,8302000
20221123,09:57:27,18299.00,2150,8302000
20221123,09:57:28,18299.15,350,8302000
20221123,09:57:30,18299.70,50,8302000
20221123,09:57:32,18299.15,150,8302000
20221123,09:57:35,18299.15,100,8302000
20221123,09:57:35,18299.15,50,8302000
20221123,09:57:36,18298.45,12800,8302000
20221123,09:57:37,18300.00,100,8302000
20221123,09:57:38,18299.35,150,8302000
20221123,09:57:39,18299.35,50,8302000
20221123,09:57:43,18297.90,100,8302000
20221123,09:57:44,18298.00,200,8302000
20221123,09:57:46,18297.70,800,8302000
20221123,09:57:49,18297.50,150,8302000
20221123,09:57:50,18297.00,150,8302000
20221123,09:57:51,18297.95,800,8302000
20221123,09:57:52,18298.15,150,8302000
20221123,09:57:53,18297.90,100,8302000
20221123,09:57:54,18298.30,3900,8302000
20221123,09:57:55,18296.90,400,8302000
20221123,09:57:58,18296.70,400,8302000
20221123,09:57:58,18296.90,300,8302000
20221123,09:57:59,18298.90,100,8302000
20221123,09:58:00,18297.90,50,8302000
20221123,09:58:03,18297.00,50,8302000
20221123,09:58:04,18297.00,100,8302000
20221123,09:58:04,18299.35,600,8302000
20221123,09:58:05,18299.55,100,8302000
20221123,09:58:06,18299.45,250,8302000
20221123,09:58:07,18298.55,700,8302000
20221123,09:58:10,18298.55,100,8302000
20221123,09:58:11,18296.00,1950,8302000
20221123,09:58:12,18297.00,50,8302000
20221123,09:58:13,18296.60,100,8302000
20221123,09:58:15,18297.00,100,8302000
20221123,09:58:16,18297.00,50,8302000
20221123,09:58:17,18297.00,150,8302000
20221123,09:58:17,18297.00,100,8302000
20221123,09:58:18,18298.50,1100,8302000
20221123,09:58:19,18298.75,750,8302000
20221123,09:58:20,18297.55,50,8302000
20221123,09:58:21,18297.35,100,8302000
20221123,09:58:23,18299.00,200,8302000
20221123,09:58:25,18299.00,800,8302000
20221123,09:58:26,18298.10,100,8302000
20221123,09:58:29,18299.70,50,8302000
20221123,09:58:31,18299.70,250,8302000
20221123,09:58:32,18299.75,150,8302000
20221123,09:58:32,18299.75,50,8302000
20221123,09:58:33,18300.00,300,8302000
20221123,09:58:34,18301.50,350,8302000
20221123,09:58:38,18299.75,100,8302000
20221123,09:58:40,18301.90,250,8302000
20221123,09:58:41,18301.75,500,8302000
20221123,09:58:42,18301.85,100,8302000
20221123,09:58:44,18300.00,100,8302000
20221123,09:58:45,18300.05,100,8302000
20221123,09:58:47,18299.95,100,8302000
20221123,09:58:48,18301.90,950,8302000
20221123,09:58:48,18299.55,50,8302000
20221123,09:58:49,18302.00,550,8302000
20221123,09:58:50,18300.00,1100,8302000
20221123,09:58:51,18301.90,100,8302000
20221123,09:58:52,18302.45,300,8302000
20221123,09:58:54,18300.70,150,8302000
20221123,09:58:55,18301.90,100,8302000
20221123,09:58:55,18300.05,200,8302000
20221123,09:58:56,18301.90,100,8302000
20221123,09:58:57,18301.90,50,8302000
20221123,09:58:58,18300.60,800,8302000
20221123,09:59:00,18301.90,50,8302000
20221123,09:59:01,18301.65,750,8302000
20221123,09:59:02,18301.85,3800,8302000
20221123,09:59:02,18301.55,300,8302000
20221123,09:59:03,18301.35,150,8302000
20221123,09:59:04,18302.00,50,8302000
20221123,09:59:05,18302.00,50,8302000
20221123,09:59:06,18303.00,600,8302000
20221123,09:59:07,18301.75,50,8302000
20221123,09:59:09,18303.00,1700,8302000
20221123,09:59:10,18302.30,200,8302000
20221123,09:59:11,18302.35,350,8302000
20221123,09:59:12,18302.30,50,8302000
20221123,09:59:13,18303.00,250,8302000
20221123,09:59:15,18303.00,100,8302000
20221123,09:59:17,18303.00,50,8302000
20221123,09:59:18,18304.00,250,8302000
20221123,09:59:19,18302.05,200,8302000
20221123,09:59:20,18304.00,50,8302000
20221123,09:59:22,18304.00,100,8302000
20221123,09:59:23,18304.15,650,8302000
20221123,09:59:24,18303.25,500,8302000
20221123,09:59:24,18303.25,50,8302000
20221123,09:59:25,18302.75,100,8302000
20221123,09:59:26,18302.90,50,8302000
20221123,09:59:29,18301.80,200,8302000
20221123,09:59:30,18302.00,200,8302000
20221123,09:59:31,18303.90,300,8302000
20221123,09:59:32,18301.65,900,8302000
20221123,09:59:34,18303.20,100,8302000
20221123,09:59:35,18301.65,100,8302000
20221123,09:59:36,18302.90,600,8302000
20221123,09:59:37,18301.00,100,8318250
20221123,09:59:38,18302.90,250,8318250
20221123,09:59:40,18300.70,300,8318250
20221123,09:59:41,18302.00,50,8318250
20221123,09:59:42,18302.05,50,8318250
20221123,09:59:43,18302.05,1300,8318250
20221123,09:59:44,18302.05,50,8318250
20221123,09:59:45,18302.05,50,8318250
20221123,09:59:47,18301.50,50,8318250
20221123,09:59:48,18301.50,150,8318250
20221123,09:59:49,18301.50,350,8318250
20221123,09:59:50,18301.35,150,8318250
20221123,09:59:50,18301.95,50,8318250
20221123,09:59:51,18301.00,100,8318250
20221123,09:59:52,18300.70,450,8318250
20221123,09:59:53,18300.05,50,8318250
20221123,09:59:54,18300.75,50,8318250
20221123,09:59:56,18300.00,200,8318250
20221123,09:59:57,18300.75,200,8318250
20221123,09:59:58,18300.00,350,8318250
20221123,09:59:59,18301.00,150,8318250
20221123,10:00:02,18301.00,50,8318250
20221123,10:00:03,18301.05,100,8318250
20221123,10:00:04,18301.00,500,8318250
20221123,10:00:05,18301.00,300,8318250
20221123,10:00:06,18301.00,1150,8318250
20221123,10:00:08,18301.00,300,8318250
20221123,10:00:09,18301.00,50,8318250
20221123,10:00:10,18301.00,2050,8318250
20221123,10:00:11,18301.85,600,8318250
20221123,10:00:14,18301.80,150,8318250
20221123,10:00:16,18301.85,50,8318250
20221123,10:00:17,18301.50,50,8318250
20221123,10:00:18,18301.35,750,8318250
20221123,10:00:20,18301.00,1050,8318250
20221123,10:00:21,18301.25,450,8318250
20221123,10:00:22,18300.00,950,8318250
20221123,10:00:23,18300.40,950,8318250
20221123,10:00:25,18300.00,100,8318250
20221123,10:00:26,18300.85,1050,8318250
20221123,10:00:27,18300.00,100,8318250
20221123,10:00:28,18300.00,400,8318250
20221123,10:00:29,18300.80,150,8318250
20221123,10:00:34,18300.55,250,8318250
20221123,10:00:35,18300.80,150,8318250
20221123,10:00:37,18300.75,250,8318250
20221123,10:00:38,18299.80,550,8318250
20221123,10:00:39,18299.80,50,8318250
20221123,10:00:40,18299.50,100,8318250
20221123,10:00:41,18298.00,450,8318250
20221123,10:00:42,18300.00,150,8318250
20221123,10:00:44,18299.70,50,8318250
20221123,10:00:45,18298.20,250,8318250
20221123,10:00:47,18297.05,400,8318250
20221123,10:00:48,18297.00,50,8318250
20221123,10:00:49,18298.05,50,8318250
20221123,10:00:53,18297.50,400,8318250
20221123,10:00:55,18298.45,50,8318250
20221123,10:00:56,18299.00,100,8318250
20221123,10:00:58,18300.20,150,8318250
20221123,10:01:00,18298.80,150,8318250
20221123,10:01:01,18298.15,300,8318250
20221123,10:01:02,18298.00,250,8318250
20221123,10:01:03,18300.10,50,8318250
20221123,10:01:05,18299.65,100,8318250
20221123,10:01:07,18299.00,150,8318250
20221123,10:01:08,18299.00,100,8318250
20221123,10:01:09,18299.00,900,8318250
20221123,10:01:10,18299.55,250,8318250
20221123,10:01:12,18299.75,3800,8318250
20221123,10:01:13,18299.05,550,8318250
20221123,10:01:16,18299.90,1600,8318250
20221123,10:01:17,18299.90,150,8318250
20221123,10:01:19,18299.90,300,8318250
20221123,10:01:21,18300.10,50,8318250
20221123,10:01:22,18300.00,200,8318250
20221123,10:01:22,18300.75,50,8318250
20221123,10:01:24,18301.00,50,8318250
20221123,10:01:26,18301.40,850,8318250
20221123,10:01:27,18300.50,50,8318250
20221123,10:01:29,18300.15,350,8318250
20221123,10:01:30,18301.00,150,8318250
20221123,10:01:32,18301.90,50,8318250
20221123,10:01:33,18302.00,100,8318250
20221123,10:01:34,18302.05,50,8318250
20221123,10:01:35,18303.50,150,8318250
20221123,10:01:36,18302.30,150,8318250
20221123,10:01:37,18301.00,500,8318250
20221123,10:01:38,18301.00,150,8318250
20221123,10:01:40,18301.00,50,8318250
20221123,10:01:41,18301.00,1150,8318250
20221123,10:01:42,18301.00,100,8318250
20221123,10:01:43,18300.60,150,8318250
20221123,10:01:44,18301.00,150,8318250
20221123,10:01:44,18301.35,50,8318250
20221123,10:01:46,18302.05,500,8318250
20221123,10:01:49,18301.35,150,8318250
20221123,10:01:50,18301.55,50,8318250
20221123,10:01:51,18300.05,250,8318250
20221123,10:01:52,18301.95,1950,8318250
20221123,10:01:53,18300.80,150,8318250
20221123,10:01:55,18301.20,800,8318250
20221123,10:01:57,18299.80,300,8318250
20221123,10:01:58,18299.80,150,8318250
20221123,10:01:59,18299.80,150,8318250
20221123,10:02:01,18299.05,50,8318250
20221123,10:02:03,18298.80,100,8318250
20221123,10:02:05,18299.25,100,8318250
20221123,10:02:06,18297.00,300,8318250
20221123,10:02:08,18298.00,500,8318250
20221123,10:02:10,18298.00,50,8318250
20221123,10:02:11,18298.00,100,8318250
20221123,10:02:12,18298.00,50,8318250
20221123,10:02:13,18297.60,100,8318250
20221123,10:02:14,18297.80,200,8318250
20221123,10:02:15,18297.80,50,8318250
20221123,10:02:17,18297.80,50,8318250
20221123,10:02:20,18297.95,1200,8318250
20221123,10:02:23,18296.05,100,8318250
20221123,10:02:25,18297.20,50,8318250
20221123,10:02:26,18298.00,250,8318250
20221123,10:02:27,18299.50,100,8318250
20221123,10:02:31,18299.90,50,8318250
20221123,10:02:32,18300.50,400,8318250
20221123,10:02:33,18299.00,2250,8318250
20221123,10:02:34,18299.00,1150,8318250
20221123,10:02:35,18301.20,150,8318250
20221123,10:02:35,18301.90,50,8318250
20221123,10:02:37,18300.30,850,8311250
20221123,10:02:38,18301.05,350,8311250
20221123,10:02:41,18300.00,150,8311250
20221123,10:02:41,18300.00,1800,8311250
20221123,10:02:42,18300.00,600,8311250
20221123,10:02:44,18300.45,50,8311250
20221123,10:02:45,18300.95,350,8311250
20221123,10:02:46,18300.80,50,8311250
20221123,10:02:48,18300.45,300,8311250
20221123,10:02:49,18300.85,100,8311250
20221123,10:02:51,18300.95,150,8311250
20221123,10:02:52,18300.00,50,8311250
20221123,10:02:53,18300.85,100,8311250
20221123,10:02:54,18300.85,350,8311250
20221123,10:02:57,18300.85,50,8311250
20221123,10:03:00,18300.85,50,8311250
20221123,10:03:02,18300.30,1750,8311250
20221123,10:03:03,18300.30,50,8311250
20221123,10:03:04,18302.25,500,8311250
20221123,10:03:05,18301.65,150,8311250
20221123,10:03:06,18304.35,150,8311250
20221123,10:03:10,18302.00,1850,8311250
20221123,10:03:11,18303.70,50,8311250
20221123,10:03:12,18303.70,50,8311250
20221123,10:03:13,18302.05,200,8311250
20221123,10:03:15,18303.70,100,8311250
20221123,10:03:16,18303.55,200,8311250
20221123,10:03:17,18303.85,300,8311250
20221123,10:03:18,18303.00,150,8311250
20221123,10:03:19,18303.55,200,8311250
20221123,10:03:21,18304.35,100,8311250
20221123,10:03:21,18304.35,50,8311250
20221123,10:03:23,18305.00,400,8311250
20221123,10:03:24,18305.10,50,8311250
20221123,10:03:25,18304.40,200,8311250
20221123,10:03:26,18306.00,100,8311250
20221123,10:03:27,18304.35,50,8311250
20221123,10:03:28,18304.35,50,8311250
20221123,10:03:29,18306.00,50,8311250
20221123,10:03:30,18305.30,50,8311250
20221123,10:03:33,18305.30,600,8311250
20221123,10:03:34,18306.00,100,8311250
20221123,10:03:35,18304.80,1050,8311250
20221123,10:03:37,18306.00,100,8311250
20221123,10:03:38,18306.55,250,8311250
20221123,10:03:39,18305.30,250,8311250
20221123,10:03:40,18305.85,300,8311250
20221123,10:03:41,18305.30,100,8311250
20221123,10:03:43,18305.00,1050,8311250
20221123,10:03:45,18305.25,200,8311250
20221123,10:03:46,18306.40,250,8311250
20221123,10:03:48,18305.65,2150,8311250
20221123,10:03:49,18305.65,200,8311250
20221123,10:03:51,18306.00,150,8311250
20221123,10:03:52,18305.25,50,8311250
20221123,10:03:53,18305.30,100,8311250
20221123,10:03:54,18305.30,300,8311250
20221123,10:03:55,18305.95,50,8311250
20221123,10:03:56,18305.00,350,8311250
20221123,10:03:57,18306.05,50,8311250
20221123,10:03:58,18306.75,200,8311250
20221123,10:03:59,18303.55,2150,8311250
20221123,10:04:00,18304.95,300,8311250
20221123,10:04:01,18304.05,2100,8311250
20221123,10:04:03,18303.60,250,8311250
20221123,10:04:04,18305.65,1850,8311250
20221123,10:04:05,18305.30,2150,8311250
20221123,10:04:06,18304.95,50,8311250
20221123,10:04:07,18304.00,1900,8311250
20221123,10:04:08,18303.80,100,8311250
20221123,10:04:09,18303.70,1150,8311250
20221123,10:04:10,18306.00,250,8311250
20221123,10:04:10,18306.10,50,8311250
20221123,10:04:12,18306.50,50,8311250
20221123,10:04:15,18305.00,100,8311250
20221123,10:04:16,18306.50,50,8311250
20221123,10:04:17,18304.50,100,8311250
20221123,10:04:18,18304.50,2000,8311250
20221123,10:04:19,18306.50,100,8311250
20221123,10:04:21,18306.50,50,8311250
20221123,10:04:22,18306.50,50,8311250
20221123,10:04:23,18306.50,300,8311250
20221123,10:04:24,18306.80,150,8311250
20221123,10:04:26,18307.10,50,8311250
20221123,10:04:26,18307.00,100,8311250
20221123,10:04:28,18307.00,200,8311250
20221123,10:04:29,18307.00,100,8311250
20221123,10:04:30,18306.05,150,8311250
20221123,10:04:31,18306.50,150,8311250
20221123,10:04:33,18306.50,50,8311250
20221123,10:04:34,18306.50,50,8311250
20221123,10:04:35,18306.50,50,8311250
20221123,10:04:36,18306.50,150,8311250
20221123,10:04:37,18306.05,550,8311250
20221123,10:04:39,18305.20,700,8311250
20221123,10:04:40,18306.55,200,8311250
20221123,10:04:41,18305.00,50,8311250
20221123,10:04:42,18306.55,50,8311250
20221123,10:04:43,18306.60,50,8311250
20221123,10:04:46,18306.30,150,8311250
20221123,10:04:47,18306.30,1700,8311250
20221123,10:04:48,18306.95,1450,8311250
20221123,10:04:49,18306.85,350,8311250
20221123,10:04:50,18305.00,50,8311250
20221123,10:04:52,18305.00,1750,8311250
20221123,10:04:53,18306.40,50,8311250
20221123,10:04:54,18306.50,2450,8311250
20221123,10:04:55,18306.40,300,8311250
20221123,10:04:56,18305.70,50,8311250
20221123,10:04:57,18305.00,100,8311250
20221123,10:04:58,18303.20,550,8311250
20221123,10:05:00,18305.15,50,8311250
20221123,10:05:01,18305.10,150,8311250
20221123,10:05:02,18303.25,50,8311250
20221123,10:05:03,18303.00,200,8311250
20221123,10:05:04,18302.10,100,8311250
20221123,10:05:05,18303.00,100,8311250
20221123,10:05:06,18303.00,50,8311250
20221123,10:05:09,18302.10,100,8311250
20221123,10:05:10,18302.00,350,8311250
20221123,10:05:11,18303.00,300,8311250
20221123,10:05:12,18302.10,100,8311250
20221123,10:05:14,18302.10,250,8311250
20221123,10:05:15,18302.10,100,8311250
20221123,10:05:16,18302.10,450,8311250
20221123,10:05:17,18302.10,100,8311250
20221123,10:05:20,18302.10,1400,8311250
20221123,10:05:21,18302.80,650,8311250
20221123,10:05:22,18302.80,50,8311250
20221123,10:05:23,18302.65,100,8311250
20221123,10:05:24,18302.65,50,8311250
20221123,10:05:27,18304.50,1550,8311250
20221123,10:05:28,18305.00,100,8311250
20221123,10:05:29,18304.90,150,8311250
20221123,10:05:30,18304.90,100,8311250
20221123,10:05:34,18304.80,50,8311250
20221123,10:05:36,18304.00,50,8311250
20221123,10:05:37,18304.80,50,8311250
20221123,10:05:38,18304.90,100,8320550
20221123,10:05:42,18304.75,100,8320550
20221123,10:05:43,18304.15,50,8320550
20221123,10:05:45,18304.15,50,8320550
20221123,10:05:46,18304.15,50,8320550
20221123,10:05:47,18304.00,500,8320550
20221123,10:05:48,18302.75,50,8320550
20221123,10:05:50,18304.00,900,8320550
20221123,10:05:51,18304.00,50,8320550
20221123,10:05:52,18303.85,100,8320550
20221123,10:05:53,18303.80,50,8320550
20221123,10:05:56,18303.55,300,8320550
20221123,10:05:57,18303.65,50,8320550
20221123,10:05:58,18303.80,100,8320550
20221123,10:05:59,18303.00,50,8320550
20221123,10:06:01,18303.00,100,8320550
20221123,10:06:02,18303.00,150,8320550
