20221107,09:15:00,41869.00,1,2072450
20221107,09:15:00,41790.00,1700,2072450
20221107,09:15:01,41752.10,4050,2072450
20221107,09:15:02,41752.20,1950,2072450
20221107,09:15:03,41760.90,2000,2072450
20221107,09:15:05,41771.50,3175,2072450
20221107,09:15:06,41732.05,6925,2072450
20221107,09:15:07,41730.00,3050,2072450
20221107,09:15:08,41718.00,14700,2072450
20221107,09:15:09,41675.35,6975,2072450
20221107,09:15:11,41666.65,3275,2072450
20221107,09:15:12,41689.95,3325,2072450
20221107,09:15:13,41691.00,1900,2072450
20221107,09:15:14,41699.95,2825,2072450
20221107,09:15:16,41699.95,3200,2072450
20221107,09:15:17,41710.30,3150,2072450
20221107,09:15:19,41707.05,2600,2072450
20221107,09:15:20,41726.70,1975,2072450
20221107,09:15:21,41722.95,1725,2072450
20221107,09:15:23,41734.45,3025,2072450
20221107,09:15:24,41739.95,2950,2072450
20221107,09:15:26,41750.00,3375,2072450
20221107,09:15:28,41763.05,3000,2072450
20221107,09:15:29,41759.15,1975,2072450
20221107,09:15:31,41771.40,2025,2072450
20221107,09:15:32,41761.50,2600,2072450
20221107,09:15:34,41763.60,3400,2072450
20221107,09:15:36,41777.40,2750,2072450
20221107,09:15:37,41770.75,2050,2072450
20221107,09:15:39,41780.00,5300,2072450
20221107,09:15:40,41780.30,3450,2072450
20221107,09:15:42,41784.30,3000,2072450
20221107,09:15:44,41787.90,3550,2072450
20221107,09:15:45,41798.80,4125,2072450
20221107,09:15:47,41800.00,6225,2072450
20221107,09:15:49,41809.95,3750,2072450
20221107,09:15:50,41808.35,2250,2072450
20221107,09:15:52,41823.20,3550,2072450
20221107,09:15:53,41822.55,3275,2072450
20221107,09:15:55,41827.55,2275,2072450
20221107,09:15:57,41838.30,5075,2072450
20221107,09:15:58,41830.35,2300,2072450
20221107,09:16:00,41836.95,2700,2072450
20221107,09:16:02,41842.40,6750,2072450
20221107,09:16:03,41837.75,3350,2072450
20221107,09:16:05,41833.45,5525,2072450
20221107,09:16:06,41842.20,2600,2072450
20221107,09:16:08,41847.50,3600,2072450
20221107,09:16:10,41836.25,5150,2072450
20221107,09:16:11,41841.60,3025,2072450
20221107,09:16:13,41850.00,3275,2072450
20221107,09:16:14,41849.65,8400,2072450
20221107,09:16:16,41857.05,1600,2072450
20221107,09:16:18,41869.55,4825,2072450
20221107,09:16:19,41878.00,4425,2072450
20221107,09:16:21,41879.00,4500,2072450
20221107,09:16:22,41879.00,2625,2072450
20221107,09:16:24,41862.00,5700,2072450
20221107,09:16:26,41873.40,6575,2072450
20221107,09:16:27,41874.95,3475,2072450
20221107,09:16:29,41879.50,3250,2072450
20221107,09:16:31,41880.00,4150,2072450
20221107,09:16:32,41880.60,5300,2072450
20221107,09:16:34,41871.35,2825,2072450
20221107,09:16:36,41870.00,5675,2072450
20221107,09:16:37,41856.95,3400,2072450
20221107,09:16:39,41860.00,4125,2072450
20221107,09:16:40,41865.00,3250,2072450
20221107,09:16:42,41870.85,3325,2072450
20221107,09:16:44,41862.20,1025,2072450
20221107,09:16:45,41856.15,2725,2072450
20221107,09:16:47,41843.60,10050,2072450
20221107,09:16:49,41840.30,3400,2072450
20221107,09:16:50,41829.85,3625,2072450
20221107,09:16:52,41825.10,1425,2072450
20221107,09:16:54,41828.70,1600,2072450
20221107,09:16:55,41812.70,2600,2072450
20221107,09:16:57,41807.75,2075,2072450
20221107,09:16:58,41803.95,1850,2072450
20221107,09:17:00,41800.00,1950,2072450
20221107,09:17:02,41802.05,3050,2072450
20221107,09:17:03,41814.45,1825,2072450
20221107,09:17:05,41825.80,1725,2072450
20221107,09:17:07,41829.35,1300,2072450
20221107,09:17:08,41840.00,1150,2072450
20221107,09:17:10,41850.25,4850,2072450
20221107,09:17:12,41826.55,2000,2072450
20221107,09:17:13,41829.85,1425,2072450
20221107,09:17:15,41827.15,1900,2072450
20221107,09:17:16,41836.05,1075,2072450
20221107,09:17:18,41836.10,800,2072450
20221107,09:17:20,41846.05,1850,2072450
20221107,09:17:21,41825.75,2450,2072450
20221107,09:17:23,41832.20,1675,2095875
20221107,09:17:25,41820.10,1625,2095875
20221107,09:17:26,41825.25,1100,2095875
20221107,09:17:28,41826.50,1175,2095875
20221107,09:17:30,41834.00,800,2095875
20221107,09:17:31,41825.65,1225,2095875
20221107,09:17:33,41825.75,500,2095875
20221107,09:17:34,41831.95,575,2095875
20221107,09:17:36,41826.85,1200,2095875
20221107,09:17:38,41824.85,1525,2095875
20221107,09:17:39,41826.80,1825,2095875
20221107,09:17:41,41826.00,675,2095875
20221107,09:17:43,41820.20,1500,2095875
20221107,09:17:44,41819.40,1350,2095875
20221107,09:17:46,41825.75,2150,2095875
20221107,09:17:48,41821.90,1000,2095875
20221107,09:17:49,41815.05,1250,2095875
20221107,09:17:51,41815.00,1575,2095875
20221107,09:17:52,41821.55,700,2095875
20221107,09:17:54,41820.05,1325,2095875
20221107,09:17:56,41824.15,1000,2095875
20221107,09:17:58,41824.25,525,2095875
20221107,09:17:59,41821.30,650,2095875
20221107,09:18:01,41817.75,475,2095875
20221107,09:18:02,41819.90,425,2095875
20221107,09:18:04,41823.20,1825,2095875
20221107,09:18:06,41828.05,1300,2095875
20221107,09:18:07,41823.75,1450,2095875
20221107,09:18:09,41823.85,4600,2095875
20221107,09:18:11,41821.80,1325,2095875
20221107,09:18:12,41825.95,350,2095875
20221107,09:18:14,41825.55,475,2095875
20221107,09:18:16,41825.00,1075,2095875
20221107,09:18:17,41832.00,1850,2095875
20221107,09:18:19,41828.50,1225,2095875
20221107,09:18:21,41816.25,925,2095875
20221107,09:18:22,41819.05,575,2095875
20221107,09:18:24,41821.10,350,2095875
20221107,09:18:26,41816.90,2575,2095875
20221107,09:18:27,41817.90,1100,2095875
20221107,09:18:29,41815.00,425,2095875
20221107,09:18:31,41820.00,475,2095875
20221107,09:18:32,41815.85,925,2095875
20221107,09:18:34,41820.00,1250,2095875
20221107,09:18:36,41820.75,2950,2095875
20221107,09:18:37,41815.85,150,2095875
20221107,09:18:39,41815.25,500,2095875
20221107,09:18:41,41815.25,2900,2095875
20221107,09:18:42,41811.45,975,2095875
20221107,09:18:44,41815.35,425,2095875
20221107,09:18:46,41814.40,1050,2095875
20221107,09:18:47,41814.55,850,2095875
20221107,09:18:49,41810.20,1425,2095875
20221107,09:18:51,41814.35,1825,2095875
20221107,09:18:52,41817.10,1925,2095875
20221107,09:18:54,41818.65,1450,2095875
20221107,09:18:56,41821.35,950,2095875
20221107,09:18:57,41820.65,425,2095875
20221107,09:18:59,41821.75,900,2095875
20221107,09:19:01,41822.50,950,2095875
20221107,09:19:02,41822.65,675,2095875
20221107,09:19:04,41819.60,875,2095875
20221107,09:19:06,41823.80,1225,2095875
20221107,09:19:07,41826.80,300,2095875
20221107,09:19:09,41824.00,925,2095875
20221107,09:19:11,41826.10,850,2095875
20221107,09:19:12,41826.30,1100,2095875
20221107,09:19:14,41832.25,4200,2095875
20221107,09:19:15,41833.75,1325,2095875
20221107,09:19:17,41834.00,825,2095875
20221107,09:19:19,41835.00,450,2095875
20221107,09:19:20,41831.05,1550,2095875
20221107,09:19:22,41821.10,2300,2095875
20221107,09:19:24,41820.15,600,2095875
20221107,09:19:25,41821.65,550,2095875
20221107,09:19:27,41829.15,1175,2095875
20221107,09:19:29,41826.35,550,2095875
20221107,09:19:30,41833.45,600,2095875
20221107,09:19:32,41833.55,2175,2095875
20221107,09:19:34,41830.90,1425,2095875
20221107,09:19:35,41833.35,750,2095875
20221107,09:19:37,41822.75,1150,2095875
20221107,09:19:39,41824.50,1475,2095875
20221107,09:19:40,41827.60,325,2095875
20221107,09:19:42,41825.25,1125,2095875
20221107,09:19:44,41820.20,325,2095875
20221107,09:19:45,41817.60,1475,2095875
20221107,09:19:47,41820.25,300,2095875
20221107,09:19:49,41827.45,100,2095875
20221107,09:19:50,41826.85,925,2095875
20221107,09:19:52,41824.20,450,2095875
20221107,09:19:54,41829.00,825,2095875
20221107,09:19:55,41820.80,1875,2095875
20221107,09:19:57,41829.55,900,2095875
20221107,09:19:59,41823.30,1375,2095875
20221107,09:20:00,41829.60,2525,2095875
20221107,09:20:02,41840.00,2075,2095875
20221107,09:20:04,41840.00,1750,2095875
20221107,09:20:05,41844.00,1300,2095875
20221107,09:20:07,41847.30,1025,2095875
20221107,09:20:09,41849.00,775,2095875
20221107,09:20:10,41851.00,4750,2095875
20221107,09:20:12,41851.05,1975,2095875
20221107,09:20:14,41840.80,1175,2095875
20221107,09:20:15,41834.90,750,2095875
20221107,09:20:17,41835.75,300,2095875
20221107,09:20:19,41836.50,725,2095875
20221107,09:20:20,41836.50,750,2095875
20221107,09:20:22,41836.45,425,2095875
20221107,09:20:24,41827.90,525,2119250
20221107,09:20:25,41838.45,500,2119250
20221107,09:20:27,41832.70,75,2119250
20221107,09:20:29,41837.10,750,2119250
20221107,09:20:30,41830.00,825,2119250
20221107,09:20:32,41837.85,150,2119250
20221107,09:20:34,41829.75,275,2119250
20221107,09:20:35,41833.10,750,2119250
20221107,09:20:37,41836.60,350,2119250
20221107,09:20:39,41837.55,7825,2119250
20221107,09:20:40,41822.75,10050,2119250
20221107,09:20:42,41826.00,9750,2119250
20221107,09:20:44,41822.20,13250,2119250
20221107,09:20:45,41821.00,100,2119250
20221107,09:20:47,41815.70,1525,2119250
20221107,09:20:49,41821.40,1850,2119250
20221107,09:20:50,41823.45,125,2119250
20221107,09:20:52,41827.20,375,2119250
20221107,09:20:54,41830.00,1550,2119250
20221107,09:20:55,41827.20,350,2119250
20221107,09:20:57,41827.20,900,2119250
20221107,09:20:59,41816.85,975,2119250
20221107,09:21:00,41815.20,400,2119250
20221107,09:21:02,41818.25,125,2119250
20221107,09:21:04,41816.80,175,2119250
20221107,09:21:05,41815.45,575,2119250
20221107,09:21:07,41815.25,175,2119250
20221107,09:21:09,41814.95,250,2119250
20221107,09:21:10,41816.85,350,2119250
20221107,09:21:12,41820.00,2150,2119250
20221107,09:21:14,41820.35,550,2119250
20221107,09:21:15,41820.25,200,2119250
20221107,09:21:17,41825.00,550,2119250
20221107,09:21:19,41826.40,600,2119250
20221107,09:21:20,41826.40,350,2119250
20221107,09:21:22,41827.10,275,2119250
20221107,09:21:24,41830.00,50,2119250
20221107,09:21:25,41830.95,1500,2119250
20221107,09:21:27,41829.60,250,2119250
20221107,09:21:29,41831.75,150,2119250
20221107,09:21:30,41830.30,625,2119250
20221107,09:21:32,41835.00,300,2119250
20221107,09:21:34,41836.00,250,2119250
20221107,09:21:35,41827.30,400,2119250
20221107,09:21:37,41830.45,525,2119250
20221107,09:21:39,41829.35,125,2119250
20221107,09:21:40,41828.65,125,2119250
20221107,09:21:42,41830.20,425,2119250
20221107,09:21:44,41830.00,125,2119250
20221107,09:21:45,41827.25,225,2119250
20221107,09:21:47,41831.65,150,2119250
20221107,09:21:49,41833.10,300,2119250
20221107,09:21:50,41831.65,75,2119250
20221107,09:21:52,41835.00,425,2119250
20221107,09:21:54,41835.00,125,2119250
20221107,09:21:55,41835.25,525,2119250
20221107,09:21:57,41835.00,850,2119250
20221107,09:21:59,41835.05,125,2119250
20221107,09:22:00,41830.45,125,2119250
20221107,09:22:02,41832.05,275,2119250
20221107,09:22:04,41834.75,525,2119250
20221107,09:22:05,41834.65,200,2119250
20221107,09:22:07,41830.00,250,2119250
20221107,09:22:09,41833.75,400,2119250
20221107,09:22:10,41833.75,125,2119250
20221107,09:22:12,41828.40,450,2119250
20221107,09:22:13,41830.00,200,2119250
20221107,09:22:15,41828.35,350,2119250
20221107,09:22:17,41833.05,475,2119250
20221107,09:22:19,41833.00,325,2119250
20221107,09:22:20,41830.00,1100,2119250
20221107,09:22:22,41830.00,1100,2119250
20221107,09:22:24,41825.05,1050,2119250
20221107,09:22:25,41818.00,575,2119250
20221107,09:22:27,41820.80,575,2119250
20221107,09:22:29,41823.95,375,2119250
20221107,09:22:30,41826.40,450,2119250
20221107,09:22:32,41825.00,450,2119250
20221107,09:22:34,41825.75,425,2119250
20221107,09:22:35,41824.15,700,2119250
20221107,09:22:37,41826.80,75,2119250
20221107,09:22:39,41825.25,750,2119250
20221107,09:22:40,41825.20,150,2119250
20221107,09:22:42,41823.80,600,2119250
20221107,09:22:44,41825.15,250,2119250
20221107,09:22:45,41826.70,325,2119250
20221107,09:22:47,41822.25,225,2119250
20221107,09:22:49,41824.45,150,2119250
20221107,09:22:50,41825.00,425,2119250
20221107,09:22:52,41824.40,25,2119250
20221107,09:22:53,41820.00,625,2119250
20221107,09:22:55,41807.05,1125,2119250
20221107,09:22:57,41807.55,625,2119250
20221107,09:22:58,41808.05,1050,2119250
20221107,09:23:00,41809.15,1650,2119250
20221107,09:23:02,41805.60,575,2119250
20221107,09:23:03,41800.00,3225,2119250
20221107,09:23:05,41793.80,850,2119250
20221107,09:23:07,41793.40,1125,2119250
20221107,09:23:08,41789.95,1075,2119250
20221107,09:23:10,41786.75,1700,2119250
20221107,09:23:12,41787.15,275,2119250
20221107,09:23:13,41791.05,1125,2119250
20221107,09:23:15,41791.05,1125,2119250
20221107,09:23:17,41791.70,750,2119250
20221107,09:23:18,41786.00,75,2119250
20221107,09:23:20,41789.20,275,2119250
20221107,09:23:22,41789.40,75,2122575
20221107,09:23:23,41795.00,150,2122575
20221107,09:23:25,41800.00,550,2122575
20221107,09:23:27,41803.25,800,2122575
20221107,09:23:28,41809.45,2325,2122575
20221107,09:23:30,41810.00,750,2122575
20221107,09:23:32,41804.80,200,2122575
20221107,09:23:33,41799.95,650,2122575
20221107,09:23:35,41806.60,300,2122575
20221107,09:23:37,41799.75,175,2122575
20221107,09:23:38,41804.30,875,2122575
20221107,09:23:40,41800.90,200,2122575
20221107,09:23:42,41800.90,1050,2122575
20221107,09:23:43,41805.00,425,2122575
20221107,09:23:45,41809.70,750,2122575
20221107,09:23:47,41810.10,1000,2122575
20221107,09:23:48,41809.65,525,2122575
20221107,09:23:50,41805.40,350,2122575
20221107,09:23:52,41803.70,925,2122575
20221107,09:23:53,41807.90,325,2122575
20221107,09:23:55,41808.80,1150,2122575
20221107,09:23:57,41818.00,850,2122575
20221107,09:23:58,41812.50,450,2122575
20221107,09:24:00,41819.80,100,2122575
20221107,09:24:02,41818.70,700,2122575
20221107,09:24:03,41820.00,375,2122575
20221107,09:24:05,41821.55,1475,2122575
20221107,09:24:07,41821.95,1375,2122575
20221107,09:24:08,41815.80,1200,2122575
20221107,09:24:10,41818.35,500,2122575
20221107,09:24:12,41815.00,850,2122575
20221107,09:24:13,41812.00,650,2122575
20221107,09:24:15,41806.10,975,2122575
20221107,09:24:17,41805.60,200,2122575
20221107,09:24:18,41804.60,150,2122575
20221107,09:24:20,41804.80,75,2122575
20221107,09:24:22,41802.00,50,2122575
20221107,09:24:23,41801.05,125,2122575
20221107,09:24:25,41805.15,600,2122575
20221107,09:24:27,41807.85,200,2122575
20221107,09:24:28,41808.15,225,2122575
20221107,09:24:30,41812.35,325,2122575
20221107,09:24:32,41799.20,325,2122575
20221107,09:24:33,41805.00,200,2122575
20221107,09:24:35,41803.40,50,2122575
20221107,09:24:37,41803.40,400,2122575
20221107,09:24:38,41801.00,425,2122575
20221107,09:24:40,41804.10,675,2122575
20221107,09:24:42,41801.65,350,2122575
20221107,09:24:43,41802.50,625,2122575
20221107,09:24:45,41800.20,950,2122575
20221107,09:24:47,41799.45,1125,2122575
20221107,09:24:48,41799.40,250,2122575
20221107,09:24:50,41795.65,300,2122575
20221107,09:24:52,41796.20,325,2122575
20221107,09:24:53,41795.60,325,2122575
20221107,09:24:55,41798.40,75,2122575
20221107,09:24:57,41795.15,950,2122575
20221107,09:24:58,41795.20,25,2122575
20221107,09:25:00,41795.00,275,2122575
20221107,09:25:02,41787.75,1475,2122575
20221107,09:25:03,41787.00,475,2122575
20221107,09:25:05,41791.75,875,2122575
20221107,09:25:07,41785.20,350,2122575
20221107,09:25:08,41792.30,350,2122575
20221107,09:25:10,41785.20,975,2122575
20221107,09:25:12,41787.00,650,2122575
20221107,09:25:13,41786.00,500,2122575
20221107,09:25:15,41780.20,200,2122575
20221107,09:25:17,41790.00,1850,2122575
20221107,09:25:18,41789.25,700,2122575
20221107,09:25:20,41785.20,250,2122575
20221107,09:25:22,41786.10,250,2122575
20221107,09:25:23,41788.00,125,2122575
20221107,09:25:25,41797.25,2000,2122575
20221107,09:25:27,41796.05,275,2122575
20221107,09:25:28,41796.85,250,2122575
20221107,09:25:30,41800.00,900,2122575
20221107,09:25:32,41805.90,550,2122575
20221107,09:25:33,41800.05,600,2122575
20221107,09:25:35,41792.80,3950,2122575
20221107,09:25:37,41791.95,425,2122575
20221107,09:25:38,41786.20,225,2122575
20221107,09:25:40,41781.45,875,2122575
20221107,09:25:42,41780.20,875,2122575
20221107,09:25:43,41784.90,425,2122575
20221107,09:25:45,41784.95,1100,2122575
20221107,09:25:47,41785.60,825,2122575
20221107,09:25:48,41784.85,200,2122575
20221107,09:25:50,41783.00,100,2122575
20221107,09:25:52,41782.10,450,2122575
20221107,09:25:53,41785.65,275,2122575
20221107,09:25:55,41790.00,800,2122575
20221107,09:25:57,41791.55,1575,2122575
20221107,09:25:58,41795.80,225,2122575
20221107,09:26:00,41792.20,425,2122575
20221107,09:26:02,41788.20,375,2122575
20221107,09:26:03,41791.60,150,2122575
20221107,09:26:05,41792.00,100,2122575
20221107,09:26:07,41783.95,3100,2122575
20221107,09:26:08,41791.10,375,2122575
20221107,09:26:10,41785.10,50,2122575
20221107,09:26:12,41785.85,250,2122575
20221107,09:26:13,41786.75,325,2122575
20221107,09:26:15,41792.00,1025,2122575
20221107,09:26:17,41794.85,175,2122575
20221107,09:26:18,41795.00,75,2122575
20221107,09:26:20,41793.90,175,2122575
20221107,09:26:22,41798.75,75,2122575
20221107,09:26:23,41798.75,275,2130050
20221107,09:26:25,41800.00,500,2130050
20221107,09:26:27,41799.75,250,2130050
20221107,09:26:28,41786.00,2250,2130050
20221107,09:26:30,41786.10,300,2130050
20221107,09:26:32,41793.00,200,2130050
20221107,09:26:33,41795.00,100,2130050
20221107,09:26:35,41793.30,200,2130050
20221107,09:26:37,41790.50,150,2130050
20221107,09:26:38,41791.70,275,2130050
20221107,09:26:40,41796.85,325,2130050
20221107,09:26:42,41800.00,275,2130050
20221107,09:26:43,41795.50,175,2130050
20221107,09:26:45,41800.00,250,2130050
20221107,09:26:47,41800.35,1825,2130050
20221107,09:26:48,41804.35,175,2130050
20221107,09:26:50,41805.90,500,2130050
20221107,09:26:52,41809.00,175,2130050
20221107,09:26:53,41809.15,150,2130050
20221107,09:26:55,41806.15,900,2130050
20221107,09:26:57,41806.90,650,2130050
20221107,09:26:58,41804.45,1325,2130050
20221107,09:27:00,41807.30,1125,2130050
20221107,09:27:02,41811.50,225,2130050
20221107,09:27:03,41808.75,525,2130050
20221107,09:27:05,41814.00,250,2130050
20221107,09:27:07,41815.00,150,2130050
20221107,09:27:08,41815.70,550,2130050
20221107,09:27:10,41820.00,225,2130050
20221107,09:27:12,41815.55,1300,2130050
20221107,09:27:13,41821.00,250,2130050
20221107,09:27:15,41821.00,325,2130050
20221107,09:27:17,41820.00,375,2130050
20221107,09:27:18,41821.00,150,2130050
20221107,09:27:20,41825.00,525,2130050
20221107,09:27:22,41827.65,1125,2130050
20221107,09:27:23,41829.55,850,2130050
20221107,09:27:25,41825.20,325,2130050
20221107,09:27:27,41821.55,475,2130050
20221107,09:27:28,41821.40,200,2130050
20221107,09:27:30,41815.15,475,2130050
20221107,09:27:32,41812.45,1000,2130050
20221107,09:27:33,41820.60,300,2130050
20221107,09:27:35,41814.05,250,2130050
20221107,09:27:37,41820.45,250,2130050
20221107,09:27:38,41818.75,175,2130050
20221107,09:27:40,41824.95,550,2130050
20221107,09:27:42,41825.30,625,2130050
20221107,09:27:43,41828.00,125,2130050
20221107,09:27:45,41829.60,275,2130050
20221107,09:27:47,41829.75,2275,2130050
20221107,09:27:48,41829.75,275,2130050
20221107,09:27:50,41829.55,2475,2130050
20221107,09:27:52,41825.90,575,2130050
20221107,09:27:53,41830.70,225,2130050
20221107,09:27:55,41834.00,275,2130050
20221107,09:27:57,41833.80,200,2130050
20221107,09:27:58,41834.60,500,2130050
20221107,09:28:00,41835.00,425,2130050
20221107,09:28:02,41833.20,250,2130050
20221107,09:28:03,41839.85,775,2130050
20221107,09:28:05,41839.90,175,2130050
20221107,09:28:07,41840.00,1500,2130050
20221107,09:28:08,41843.95,1550,2130050
20221107,09:28:10,41844.75,550,2130050
20221107,09:28:12,41848.00,1175,2130050
20221107,09:28:13,41843.40,1125,2130050
20221107,09:28:15,41846.90,1175,2130050
20221107,09:28:17,41845.00,625,2130050
20221107,09:28:18,41842.50,275,2130050
20221107,09:28:20,41840.95,375,2130050
20221107,09:28:22,41838.95,875,2130050
20221107,09:28:23,41835.85,1000,2130050
20221107,09:28:25,41834.40,200,2130050
20221107,09:28:27,41829.30,3350,2130050
20221107,09:28:28,41835.95,50,2130050
20221107,09:28:30,41834.75,125,2130050
20221107,09:28:32,41829.75,900,2130050
20221107,09:28:33,41825.55,450,2130050
20221107,09:28:35,41830.20,75,2130050
20221107,09:28:37,41825.45,1375,2130050
20221107,09:28:38,41823.40,250,2130050
20221107,09:28:40,41820.00,525,2130050
20221107,09:28:42,41819.50,250,2130050
20221107,09:28:43,41811.85,25,2130050
20221107,09:28:45,41820.00,75,2130050
20221107,09:28:46,41820.00,50,2130050
20221107,09:28:48,41815.25,25,2130050
20221107,09:28:50,41820.20,50,2130050
20221107,09:28:51,41825.45,250,2130050
20221107,09:28:53,41821.05,325,2130050
20221107,09:28:55,41826.10,450,2130050
20221107,09:28:57,41820.00,525,2130050
20221107,09:28:58,41823.85,100,2130050
20221107,09:29:00,41823.75,200,2130050
20221107,09:29:02,41823.25,1175,2130050
20221107,09:29:03,41823.25,350,2130050
20221107,09:29:05,41824.05,800,2130050
20221107,09:29:06,41822.60,400,2130050
20221107,09:29:08,41823.85,850,2130050
20221107,09:29:10,41823.65,200,2130050
20221107,09:29:11,41823.75,225,2130050
20221107,09:29:13,41824.05,950,2130050
20221107,09:29:15,41830.05,575,2130050
20221107,09:29:16,41838.90,650,2130050
20221107,09:29:18,41840.00,650,2130050
20221107,09:29:20,41831.30,1300,2130050
20221107,09:29:21,41836.90,250,2130050
20221107,09:29:23,41830.95,350,2141025
20221107,09:29:25,41835.70,1250,2141025
20221107,09:29:26,41831.55,1300,2141025
20221107,09:29:28,41831.50,125,2141025
20221107,09:29:30,41825.95,300,2141025
20221107,09:29:31,41828.45,600,2141025
20221107,09:29:33,41824.20,125,2141025
20221107,09:29:35,41828.60,125,2141025
20221107,09:29:36,41830.20,1075,2141025
20221107,09:29:38,41830.00,400,2141025
20221107,09:29:40,41829.95,75,2141025
20221107,09:29:41,41831.55,525,2141025
20221107,09:29:43,41830.25,350,2141025
20221107,09:29:45,41832.00,325,2141025
20221107,09:29:46,41830.10,600,2141025
20221107,09:29:48,41837.50,2200,2141025
20221107,09:29:50,41837.90,500,2141025
20221107,09:29:51,41835.00,1725,2141025
20221107,09:29:53,41836.40,3775,2141025
20221107,09:29:55,41833.85,1600,2141025
20221107,09:29:56,41833.45,775,2141025
20221107,09:29:58,41830.20,225,2141025
20221107,09:30:00,41826.50,175,2141025
20221107,09:30:01,41835.00,1075,2141025
20221107,09:30:03,41830.15,125,2141025
20221107,09:30:05,41841.90,5500,2141025
20221107,09:30:06,41843.15,725,2141025
20221107,09:30:08,41839.25,650,2141025
20221107,09:30:10,41836.20,400,2141025
20221107,09:30:11,41836.20,175,2141025
20221107,09:30:13,41837.20,950,2141025
20221107,09:30:15,41833.85,975,2141025
20221107,09:30:16,41826.00,150,2141025
20221107,09:30:18,41826.25,375,2141025
20221107,09:30:20,41831.60,475,2141025
20221107,09:30:21,41829.30,850,2141025
20221107,09:30:23,41829.30,400,2141025
20221107,09:30:25,41833.10,375,2141025
20221107,09:30:26,41831.60,625,2141025
20221107,09:30:28,41833.00,50,2141025
20221107,09:30:30,41831.00,925,2141025
20221107,09:30:31,41831.30,300,2141025
20221107,09:30:33,41830.00,225,2141025
20221107,09:30:35,41830.05,600,2141025
20221107,09:30:36,41823.50,5475,2141025
20221107,09:30:38,41826.65,75,2141025
20221107,09:30:40,41825.10,650,2141025
20221107,09:30:41,41820.85,625,2141025
20221107,09:30:43,41818.10,250,2141025
20221107,09:30:45,41811.60,250,2141025
20221107,09:30:46,41814.55,525,2141025
20221107,09:30:48,41811.20,225,2141025
20221107,09:30:50,41810.65,1025,2141025
20221107,09:30:51,41815.25,600,2141025
20221107,09:30:53,41814.15,500,2141025
20221107,09:30:55,41812.45,575,2141025
20221107,09:30:56,41805.75,575,2141025
20221107,09:30:58,41810.00,1375,2141025
20221107,09:31:00,41805.05,250,2141025
20221107,09:31:01,41805.50,1900,2141025
20221107,09:31:03,41808.50,725,2141025
20221107,09:31:05,41809.35,450,2141025
20221107,09:31:06,41800.15,575,2141025
20221107,09:31:08,41806.05,675,2141025
20221107,09:31:10,41807.75,200,2141025
20221107,09:31:11,41808.85,450,2141025
20221107,09:31:13,41816.05,1500,2141025
20221107,09:31:15,41817.65,1100,2141025
20221107,09:31:16,41819.45,175,2141025
20221107,09:31:18,41824.30,400,2141025
20221107,09:31:20,41827.40,325,2141025
20221107,09:31:21,41825.15,225,2141025
20221107,09:31:23,41823.90,325,2141025
20221107,09:31:25,41827.25,200,2141025
20221107,09:31:26,41828.00,25,2141025
20221107,09:31:28,41822.50,325,2141025
20221107,09:31:30,41824.05,150,2141025
20221107,09:31:31,41824.20,150,2141025
20221107,09:31:33,41828.95,300,2141025
20221107,09:31:35,41827.50,275,2141025
20221107,09:31:36,41828.55,400,2141025
20221107,09:31:38,41830.65,250,2141025
20221107,09:31:40,41834.45,275,2141025
20221107,09:31:41,41834.45,425,2141025
20221107,09:31:43,41835.75,1000,2141025
20221107,09:31:45,41837.90,200,2141025
20221107,09:31:46,41835.00,350,2141025
20221107,09:31:48,41836.65,200,2141025
20221107,09:31:50,41837.15,675,2141025
20221107,09:31:51,41835.90,1025,2141025
20221107,09:31:53,41834.45,525,2141025
20221107,09:31:55,41835.00,200,2141025
20221107,09:31:56,41831.55,1050,2141025
20221107,09:31:58,41826.40,475,2141025
20221107,09:32:00,41833.65,225,2141025
20221107,09:32:01,41828.40,150,2141025
20221107,09:32:03,41831.95,375,2141025
20221107,09:32:05,41832.45,1250,2141025
20221107,09:32:06,41832.45,125,2141025
20221107,09:32:08,41827.65,700,2141025
20221107,09:32:10,41832.45,50,2141025
20221107,09:32:11,41831.90,50,2141025
20221107,09:32:13,41828.45,150,2141025
20221107,09:32:14,41827.55,375,2141025
20221107,09:32:16,41834.75,925,2141025
20221107,09:32:18,41838.00,1200,2141025
20221107,09:32:19,41834.85,475,2141025
20221107,09:32:21,41835.00,25,2141025
20221107,09:32:23,41835.70,175,2141025
20221107,09:32:24,41836.45,575,2168375
20221107,09:32:26,41835.00,475,2168375
20221107,09:32:28,41834.00,250,2168375
20221107,09:32:29,41840.00,350,2168375
20221107,09:32:31,41838.60,1100,2168375
20221107,09:32:32,41838.65,500,2168375
20221107,09:32:34,41840.55,225,2168375
20221107,09:32:36,41840.05,225,2168375
20221107,09:32:37,41842.95,375,2168375
20221107,09:32:39,41837.00,200,2168375
20221107,09:32:41,41839.75,200,2168375
20221107,09:32:42,41837.00,425,2168375
20221107,09:32:44,41836.90,950,2168375
20221107,09:32:45,41835.00,125,2168375
20221107,09:32:47,41830.40,100,2168375
20221107,09:32:49,41833.20,350,2168375
20221107,09:32:50,41830.10,225,2168375
20221107,09:32:52,41832.35,100,2168375
20221107,09:32:54,41832.70,100,2168375
20221107,09:32:55,41833.55,200,2168375
20221107,09:32:57,41832.50,575,2168375
20221107,09:32:58,41837.40,200,2168375
20221107,09:33:00,41830.05,250,2168375
20221107,09:33:02,41830.90,425,2168375
20221107,09:33:03,41820.00,700,2168375
20221107,09:33:05,41831.35,5575,2168375
20221107,09:33:07,41836.95,75,2168375
20221107,09:33:08,41831.10,300,2168375
20221107,09:33:10,41830.20,175,2168375
20221107,09:33:12,41824.00,200,2168375
20221107,09:33:13,41820.75,125,2168375
20221107,09:33:15,41821.15,25,2168375
20221107,09:33:17,41822.05,100,2168375
20221107,09:33:18,41827.00,175,2168375
20221107,09:33:20,41822.45,25,2168375
20221107,09:33:22,41822.50,350,2168375
20221107,09:33:23,41826.00,325,2168375
20221107,09:33:25,41822.00,50,2168375
20221107,09:33:27,41822.15,25,2168375
20221107,09:33:28,41819.75,625,2168375
20221107,09:33:30,41819.80,475,2168375
20221107,09:33:32,41821.50,50,2168375
20221107,09:33:33,41819.95,225,2168375
20221107,09:33:35,41819.75,650,2168375
20221107,09:33:37,41820.80,475,2168375
20221107,09:33:38,41823.50,150,2168375
20221107,09:33:40,41820.30,75,2168375
20221107,09:33:41,41819.55,150,2168375
20221107,09:33:43,41825.00,450,2168375
20221107,09:33:45,41821.15,150,2168375
20221107,09:33:46,41821.35,250,2168375
20221107,09:33:48,41821.05,100,2168375
20221107,09:33:50,41821.00,175,2168375
20221107,09:33:51,41825.55,300,2168375
20221107,09:33:53,41822.05,25,2168375
20221107,09:33:55,41826.15,125,2168375
20221107,09:33:56,41821.55,150,2168375
20221107,09:33:58,41826.60,700,2168375
20221107,09:34:00,41827.00,550,2168375
20221107,09:34:01,41822.00,675,2168375
20221107,09:34:03,41822.05,500,2168375
20221107,09:34:05,41826.25,125,2168375
20221107,09:34:06,41826.30,575,2168375
20221107,09:34:08,41826.05,1300,2168375
20221107,09:34:10,41823.05,1075,2168375
20221107,09:34:11,41821.40,175,2168375
20221107,09:34:13,41819.05,525,2168375
20221107,09:34:15,41823.90,150,2168375
20221107,09:34:16,41820.00,350,2168375
20221107,09:34:18,41821.50,100,2168375
20221107,09:34:20,41815.05,175,2168375
20221107,09:34:21,41805.45,300,2168375
20221107,09:34:23,41806.55,225,2168375
20221107,09:34:25,41802.35,750,2168375
20221107,09:34:26,41806.40,200,2168375
20221107,09:34:28,41806.55,225,2168375
20221107,09:34:30,41805.25,400,2168375
20221107,09:34:31,41805.25,525,2168375
20221107,09:34:33,41809.05,175,2168375
20221107,09:34:35,41811.10,1325,2168375
20221107,09:34:36,41814.75,275,2168375
20221107,09:34:38,41809.75,825,2168375
20221107,09:34:40,41806.40,200,2168375
20221107,09:34:41,41809.35,175,2168375
20221107,09:34:43,41805.10,175,2168375
20221107,09:34:45,41805.00,425,2168375
20221107,09:34:46,41801.00,950,2168375
20221107,09:34:48,41794.35,2925,2168375
20221107,09:34:50,41791.25,350,2168375
20221107,09:34:51,41791.25,1575,2168375
20221107,09:34:53,41791.50,275,2168375
20221107,09:34:55,41797.05,1500,2168375
20221107,09:34:56,41793.40,500,2168375
20221107,09:34:58,41796.75,175,2168375
20221107,09:35:00,41791.00,575,2168375
20221107,09:35:01,41787.00,375,2168375
20221107,09:35:03,41772.75,2675,2168375
20221107,09:35:05,41774.90,700,2168375
20221107,09:35:06,41775.05,600,2168375
20221107,09:35:08,41776.95,575,2168375
20221107,09:35:10,41779.75,775,2168375
20221107,09:35:11,41779.55,225,2168375
20221107,09:35:13,41780.20,400,2168375
20221107,09:35:15,41785.70,650,2168375
20221107,09:35:16,41780.55,300,2168375
20221107,09:35:18,41788.25,300,2168375
20221107,09:35:20,41789.60,325,2168375
20221107,09:35:21,41789.95,200,2168375
20221107,09:35:23,41794.30,325,2168375
20221107,09:35:24,41793.15,575,2173300
20221107,09:35:26,41799.00,275,2173300
20221107,09:35:28,41799.90,350,2173300
20221107,09:35:29,41794.60,675,2173300
20221107,09:35:31,41792.95,300,2173300
20221107,09:35:32,41797.45,250,2173300
20221107,09:35:34,41794.80,225,2173300
20221107,09:35:36,41794.30,225,2173300
20221107,09:35:37,41800.00,150,2173300
20221107,09:35:39,41797.45,225,2173300
20221107,09:35:41,41794.85,425,2173300
20221107,09:35:42,41786.45,475,2173300
20221107,09:35:44,41787.90,700,2173300
20221107,09:35:45,41788.00,25,2173300
20221107,09:35:47,41787.40,375,2173300
20221107,09:35:49,41775.00,1025,2173300
20221107,09:35:50,41778.30,350,2173300
20221107,09:35:52,41778.95,75,2173300
20221107,09:35:53,41776.10,425,2173300
20221107,09:35:55,41779.80,250,2173300
20221107,09:35:57,41777.10,500,2173300
20221107,09:35:58,41780.00,350,2173300
20221107,09:36:00,41777.85,1150,2173300
20221107,09:36:01,41776.15,225,2173300
20221107,09:36:03,41776.65,200,2173300
20221107,09:36:05,41777.45,650,2173300
20221107,09:36:06,41777.05,50,2173300
20221107,09:36:08,41776.35,925,2173300
20221107,09:36:09,41775.00,675,2173300
20221107,09:36:11,41788.25,325,2173300
20221107,09:36:13,41787.55,250,2173300
20221107,09:36:14,41788.00,150,2173300
20221107,09:36:16,41788.65,325,2173300
20221107,09:36:18,41799.90,525,2173300
20221107,09:36:19,41800.00,1025,2173300
20221107,09:36:21,41800.40,2750,2173300
20221107,09:36:23,41805.00,300,2173300
20221107,09:36:24,41803.90,50,2173300
20221107,09:36:26,41808.95,125,2173300
20221107,09:36:28,41812.40,250,2173300
20221107,09:36:29,41817.80,225,2173300
20221107,09:36:31,41818.75,550,2173300
20221107,09:36:33,41818.65,325,2173300
20221107,09:36:34,41805.05,400,2173300
20221107,09:36:36,41805.00,100,2173300
20221107,09:36:38,41809.90,75,2173300
20221107,09:36:39,41805.20,200,2173300
20221107,09:36:41,41810.00,200,2173300
20221107,09:36:43,41803.75,275,2173300
20221107,09:36:44,41801.55,125,2173300
20221107,09:36:46,41802.00,375,2173300
20221107,09:36:48,41800.00,200,2173300
20221107,09:36:49,41801.20,150,2173300
20221107,09:36:51,41802.55,400,2173300
20221107,09:36:53,41805.05,75,2173300
20221107,09:36:54,41809.55,125,2173300
20221107,09:36:56,41805.05,50,2173300
20221107,09:36:58,41805.05,200,2173300
20221107,09:36:59,41805.00,125,2173300
20221107,09:37:01,41802.75,150,2173300
20221107,09:37:03,41805.40,150,2173300
20221107,09:37:04,41804.95,475,2173300
20221107,09:37:06,41800.35,50,2173300
20221107,09:37:08,41805.05,200,2173300
20221107,09:37:09,41799.60,200,2173300
20221107,09:37:11,41800.75,300,2173300
20221107,09:37:13,41798.40,200,2173300
20221107,09:37:14,41802.00,300,2173300
20221107,09:37:16,41793.95,200,2173300
20221107,09:37:17,41791.30,75,2173300
20221107,09:37:19,41797.35,75,2173300
20221107,09:37:21,41797.70,200,2173300
20221107,09:37:22,41797.35,225,2173300
20221107,09:37:24,41800.05,725,2173300
20221107,09:37:26,41797.55,450,2173300
20221107,09:37:27,41797.55,475,2173300
20221107,09:37:29,41798.20,75,2173300
20221107,09:37:31,41800.00,150,2173300
20221107,09:37:32,41800.00,50,2173300
20221107,09:37:34,41799.80,2525,2173300
20221107,09:37:36,41801.80,800,2173300
20221107,09:37:37,41805.15,400,2173300
20221107,09:37:39,41807.50,100,2173300
20221107,09:37:41,41801.05,400,2173300
20221107,09:37:43,41805.15,125,2173300
20221107,09:37:44,41803.55,300,2173300
20221107,09:37:46,41808.55,250,2173300
20221107,09:37:48,41801.95,150,2173300
20221107,09:37:49,41809.00,150,2173300
20221107,09:37:51,41806.90,275,2173300
20221107,09:37:53,41803.20,250,2173300
20221107,09:37:54,41807.10,175,2173300
20221107,09:37:56,41810.00,525,2173300
20221107,09:37:58,41808.30,850,2173300
20221107,09:37:59,41803.00,600,2173300
20221107,09:38:01,41804.25,625,2173300
20221107,09:38:03,41803.55,175,2173300
20221107,09:38:04,41800.00,100,2173300
20221107,09:38:06,41803.25,25,2173300
20221107,09:38:08,41801.70,75,2173300
20221107,09:38:09,41805.00,250,2173300
20221107,09:38:11,41807.75,200,2173300
20221107,09:38:13,41805.00,450,2173300
20221107,09:38:14,41805.00,25,2173300
20221107,09:38:16,41800.00,550,2173300
20221107,09:38:18,41795.80,175,2173300
20221107,09:38:21,41800.30,250,2173300
20221107,09:38:23,41798.90,325,2173300
20221107,09:38:24,41800.30,275,2173300
20221107,09:38:26,41804.70,50,2161125
20221107,09:38:28,41801.85,150,2161125
20221107,09:38:29,41799.60,275,2161125
20221107,09:38:31,41797.90,125,2161125
20221107,09:38:33,41796.40,175,2161125
20221107,09:38:34,41796.30,25,2161125
20221107,09:38:36,41795.00,200,2161125
20221107,09:38:38,41797.00,175,2161125
20221107,09:38:39,41795.65,475,2161125
20221107,09:38:41,41797.00,75,2161125
20221107,09:38:43,41794.35,425,2161125
20221107,09:38:44,41797.00,225,2161125
20221107,09:38:46,41791.50,225,2161125
20221107,09:38:48,41790.00,325,2161125
20221107,09:38:49,41794.95,225,2161125
20221107,09:38:51,41788.50,175,2161125
20221107,09:38:53,41785.05,75,2161125
20221107,09:38:54,41786.00,125,2161125
20221107,09:38:56,41787.15,500,2161125
20221107,09:38:58,41785.85,100,2161125
20221107,09:38:59,41784.35,100,2161125
20221107,09:39:01,41785.25,275,2161125
20221107,09:39:03,41784.45,650,2161125
20221107,09:39:04,41780.70,525,2161125
20221107,09:39:06,41782.55,475,2161125
20221107,09:39:08,41777.65,400,2161125
20221107,09:39:09,41776.50,325,2161125
20221107,09:39:11,41782.80,1000,2161125
20221107,09:39:13,41784.70,100,2161125
20221107,09:39:14,41780.20,100,2161125
20221107,09:39:16,41784.30,300,2161125
20221107,09:39:18,41783.00,725,2161125
20221107,09:39:19,41782.35,125,2161125
20221107,09:39:21,41784.45,200,2161125
20221107,09:39:23,41789.60,1825,2161125
20221107,09:39:24,41792.30,550,2161125
20221107,09:39:26,41788.15,200,2161125
20221107,09:39:28,41794.00,100,2161125
20221107,09:39:29,41792.35,300,2161125
20221107,09:39:31,41791.65,150,2161125
20221107,09:39:33,41792.35,50,2161125
20221107,09:39:34,41788.15,100,2161125
20221107,09:39:36,41792.20,75,2161125
20221107,09:39:38,41789.55,75,2161125
20221107,09:39:39,41782.25,525,2161125
20221107,09:39:41,41782.25,500,2161125
20221107,09:39:43,41783.00,475,2161125
20221107,09:39:44,41782.95,50,2161125
20221107,09:39:46,41783.50,75,2161125
20221107,09:39:48,41784.00,250,2161125
20221107,09:39:49,41784.25,575,2161125
20221107,09:39:51,41787.30,250,2161125
20221107,09:39:53,41789.10,100,2161125
20221107,09:39:54,41786.75,25,2161125
20221107,09:39:56,41787.00,200,2161125
20221107,09:39:57,41790.95,50,2161125
20221107,09:39:59,41789.55,200,2161125
20221107,09:40:03,41783.40,100,2161125
20221107,09:40:04,41780.35,25,2161125
20221107,09:40:06,41781.95,275,2161125
20221107,09:40:08,41784.60,525,2161125
20221107,09:40:09,41785.10,275,2161125
20221107,09:40:11,41782.90,50,2161125
20221107,09:40:13,41787.45,75,2161125
20221107,09:40:14,41789.65,75,2161125
20221107,09:40:16,41790.00,25,2161125
20221107,09:40:18,41786.85,75,2161125
20221107,09:40:19,41782.85,300,2161125
20221107,09:40:21,41781.95,100,2161125
20221107,09:40:24,41786.55,125,2161125
20221107,09:40:26,41783.95,125,2161125
20221107,09:40:28,41781.35,50,2161125
20221107,09:40:29,41781.30,75,2161125
20221107,09:40:31,41780.00,175,2161125
20221107,09:40:33,41777.00,225,2161125
20221107,09:40:34,41776.00,175,2161125
20221107,09:40:36,41779.25,25,2161125
20221107,09:40:38,41777.30,100,2161125
20221107,09:40:39,41780.00,300,2161125
20221107,09:40:41,41781.95,1350,2161125
20221107,09:40:43,41783.60,250,2161125
20221107,09:40:44,41779.05,200,2161125
20221107,09:40:46,41776.65,75,2161125
20221107,09:40:48,41783.25,225,2161125
20221107,09:40:49,41777.70,50,2161125
20221107,09:40:51,41777.55,25,2161125
20221107,09:40:52,41777.60,50,2161125
20221107,09:40:54,41776.00,125,2161125
20221107,09:40:56,41778.90,75,2161125
20221107,09:40:57,41779.75,25,2161125
20221107,09:40:59,41778.75,325,2161125
20221107,09:41:01,41779.65,250,2161125
20221107,09:41:02,41785.05,100,2161125
20221107,09:41:04,41783.10,125,2161125
20221107,09:41:06,41779.30,25,2161125
20221107,09:41:07,41785.10,25,2161125
20221107,09:41:09,41785.95,150,2161125
20221107,09:41:11,41781.15,375,2161125
20221107,09:41:12,41781.55,425,2161125
20221107,09:41:14,41785.15,125,2161125
20221107,09:41:15,41788.15,175,2161125
20221107,09:41:17,41790.05,200,2161125
20221107,09:41:19,41791.00,200,2161125
20221107,09:41:22,41788.95,150,2161125
20221107,09:41:24,41788.85,175,2161125
20221107,09:41:25,41787.30,75,2159875
20221107,09:41:27,41785.00,75,2159875
20221107,09:41:29,41787.60,100,2159875
20221107,09:41:30,41790.10,200,2159875
20221107,09:41:32,41793.30,50,2159875
20221107,09:41:34,41790.10,675,2159875
20221107,09:41:35,41793.35,100,2159875
20221107,09:41:37,41797.00,75,2159875
20221107,09:41:39,41798.00,50,2159875
20221107,09:41:40,41799.00,50,2159875
20221107,09:41:42,41793.75,250,2159875
20221107,09:41:44,41799.60,625,2159875
20221107,09:41:45,41799.65,25,2159875
20221107,09:41:47,41798.00,75,2159875
20221107,09:41:52,41796.45,50,2159875
20221107,09:41:53,41799.95,550,2159875
20221107,09:41:55,41800.00,325,2159875
20221107,09:41:57,41808.25,850,2159875
20221107,09:41:58,41808.00,500,2159875
20221107,09:42:00,41808.30,25,2159875
20221107,09:42:02,41809.75,1025,2159875
20221107,09:42:03,41807.15,175,2159875
20221107,09:42:05,41808.00,75,2159875
20221107,09:42:07,41808.10,50,2159875
20221107,09:42:08,41812.90,75,2159875
20221107,09:42:10,41807.10,200,2159875
20221107,09:42:13,41807.00,250,2159875
20221107,09:42:15,41807.00,300,2159875
20221107,09:42:18,41812.00,275,2159875
20221107,09:42:20,41813.95,350,2159875
20221107,09:42:22,41812.00,25,2159875
20221107,09:42:23,41813.50,1000,2159875
20221107,09:42:25,41819.00,175,2159875
20221107,09:42:27,41819.00,125,2159875
20221107,09:42:28,41820.95,1525,2159875
20221107,09:42:30,41817.35,200,2159875
20221107,09:42:32,41818.00,150,2159875
20221107,09:42:33,41813.35,650,2159875
20221107,09:42:35,41810.00,125,2159875
20221107,09:42:37,41812.25,25,2159875
20221107,09:42:42,41817.10,275,2159875
20221107,09:42:43,41813.10,100,2159875
20221107,09:42:45,41812.05,225,2159875
20221107,09:42:46,41809.25,25,2159875
20221107,09:42:48,41813.00,550,2159875
20221107,09:42:50,41808.00,275,2159875
20221107,09:42:51,41813.90,175,2159875
20221107,09:42:53,41801.10,125,2159875
20221107,09:42:55,41801.60,75,2159875
20221107,09:42:56,41801.15,75,2159875
20221107,09:42:59,41808.00,125,2159875
20221107,09:43:01,41802.80,125,2159875
20221107,09:43:03,41801.00,275,2159875
20221107,09:43:04,41796.05,150,2159875
20221107,09:43:06,41797.10,100,2159875
20221107,09:43:08,41795.40,75,2159875
20221107,09:43:09,41790.50,825,2159875
20221107,09:43:11,41792.00,75,2159875
20221107,09:43:13,41792.45,175,2159875
20221107,09:43:14,41793.75,100,2159875
20221107,09:43:16,41793.95,50,2159875
20221107,09:43:17,41797.00,75,2159875
20221107,09:43:19,41795.00,50,2159875
20221107,09:43:21,41792.00,125,2159875
20221107,09:43:22,41790.40,225,2159875
20221107,09:43:24,41790.00,525,2159875
20221107,09:43:25,41787.55,50,2159875
20221107,09:43:27,41788.85,100,2159875
20221107,09:43:29,41786.65,350,2159875
20221107,09:43:30,41788.35,100,2159875
20221107,09:43:34,41786.75,75,2159875
20221107,09:43:35,41789.95,250,2159875
20221107,09:43:37,41791.75,200,2159875
20221107,09:43:38,41790.85,150,2159875
20221107,09:43:40,41786.35,100,2159875
20221107,09:43:42,41785.15,50,2159875
20221107,09:43:43,41783.95,150,2159875
20221107,09:43:45,41784.60,25,2159875
20221107,09:43:47,41792.05,150,2159875
20221107,09:43:48,41787.10,75,2159875
20221107,09:43:50,41782.00,75,2159875
20221107,09:43:52,41787.30,175,2159875
20221107,09:43:55,41785.00,175,2159875
20221107,09:43:56,41786.45,175,2159875
20221107,09:44:00,41785.50,200,2159875
20221107,09:44:01,41782.05,150,2159875
20221107,09:44:03,41782.00,225,2159875
20221107,09:44:04,41786.00,75,2159875
20221107,09:44:06,41781.85,1075,2159875
20221107,09:44:08,41782.00,150,2159875
20221107,09:44:09,41786.15,100,2159875
20221107,09:44:11,41787.80,425,2159875
20221107,09:44:12,41788.70,125,2159875
20221107,09:44:14,41791.40,225,2159875
20221107,09:44:16,41793.95,100,2159875
20221107,09:44:17,41791.75,125,2159875
20221107,09:44:19,41791.50,375,2159875
20221107,09:44:21,41785.90,175,2159875
20221107,09:44:23,41787.70,300,2159875
20221107,09:44:24,41793.20,350,2159875
20221107,09:44:26,41798.20,150,2162925
20221107,09:44:28,41798.20,650,2162925
20221107,09:44:29,41800.00,725,2162925
20221107,09:44:31,41800.00,325,2162925
20221107,09:44:33,41795.75,100,2162925
20221107,09:44:34,41800.00,100,2162925
20221107,09:44:36,41795.00,625,2162925
20221107,09:44:38,41793.65,50,2162925
20221107,09:44:41,41790.80,75,2162925
20221107,09:44:43,41791.90,25,2162925
20221107,09:44:44,41788.90,275,2162925
20221107,09:44:46,41785.00,500,2162925
20221107,09:44:47,41781.85,875,2162925
20221107,09:44:49,41785.00,125,2162925
20221107,09:44:51,41785.00,300,2162925
20221107,09:44:52,41788.00,375,2162925
20221107,09:44:54,41785.25,475,2162925
20221107,09:44:56,41786.80,600,2162925
20221107,09:44:57,41791.00,200,2162925
20221107,09:44:59,41792.95,75,2162925
20221107,09:45:01,41787.00,400,2162925
20221107,09:45:02,41790.80,575,2162925
20221107,09:45:04,41786.15,325,2162925
20221107,09:45:06,41788.45,600,2162925
20221107,09:45:07,41789.10,175,2162925
20221107,09:45:09,41785.00,250,2162925
20221107,09:45:11,41789.60,50,2162925
20221107,09:45:12,41780.15,700,2162925
20221107,09:45:14,41785.20,75,2162925
20221107,09:45:16,41780.15,75,2162925
20221107,09:45:17,41776.45,1150,2162925
20221107,09:45:19,41778.95,50,2162925
20221107,09:45:21,41777.65,75,2162925
20221107,09:45:22,41780.00,275,2162925
20221107,09:45:24,41780.00,75,2162925
20221107,09:45:26,41782.55,50,2162925
20221107,09:45:27,41779.15,25,2162925
20221107,09:45:29,41780.00,300,2162925
20221107,09:45:31,41779.30,250,2162925
20221107,09:45:32,41779.90,25,2162925
20221107,09:45:34,41783.50,175,2162925
20221107,09:45:36,41776.25,250,2162925
20221107,09:45:37,41783.55,225,2162925
20221107,09:45:39,41780.75,50,2162925
20221107,09:45:41,41783.55,225,2162925
20221107,09:45:42,41783.70,500,2162925
20221107,09:45:44,41783.75,525,2162925
20221107,09:45:46,41783.20,350,2162925
20221107,09:45:47,41780.00,175,2162925
20221107,09:45:49,41780.00,25,2162925
20221107,09:45:50,41777.05,100,2162925
20221107,09:45:52,41779.95,125,2162925
20221107,09:45:54,41779.80,25,2162925
20221107,09:45:55,41775.00,100,2162925
20221107,09:45:57,41775.00,875,2162925
20221107,09:45:59,41766.30,3225,2162925
20221107,09:46:00,41765.90,275,2162925
20221107,09:46:02,41766.25,1000,2162925
20221107,09:46:04,41768.30,500,2162925
20221107,09:46:05,41764.45,175,2162925
20221107,09:46:07,41764.75,275,2162925
20221107,09:46:09,41768.35,125,2162925
20221107,09:46:10,41765.25,125,2162925
20221107,09:46:12,41768.35,900,2162925
20221107,09:46:13,41767.30,25,2162925
20221107,09:46:15,41768.05,600,2162925
20221107,09:46:17,41771.65,100,2162925
20221107,09:46:18,41772.75,2050,2162925
20221107,09:46:20,41773.35,725,2162925
20221107,09:46:22,41772.15,125,2162925
20221107,09:46:23,41775.70,1075,2162925
20221107,09:46:25,41779.70,175,2162925
20221107,09:46:27,41778.60,25,2162925
20221107,09:46:28,41775.60,50,2162925
20221107,09:46:30,41779.00,250,2162925
20221107,09:46:32,41775.55,250,2162925
20221107,09:46:33,41774.20,200,2162925
20221107,09:46:35,41772.45,250,2162925
20221107,09:46:37,41775.15,125,2162925
20221107,09:46:38,41775.15,150,2162925
20221107,09:46:40,41779.05,175,2162925
20221107,09:46:41,41779.75,50,2162925
20221107,09:46:43,41779.00,225,2162925
20221107,09:46:44,41779.15,275,2162925
20221107,09:46:46,41779.35,150,2162925
20221107,09:46:48,41774.55,125,2162925
20221107,09:46:49,41772.15,75,2162925
20221107,09:46:51,41772.00,200,2162925
20221107,09:46:52,41772.00,350,2162925
20221107,09:46:54,41774.30,575,2162925
20221107,09:46:55,41774.55,100,2162925
20221107,09:46:57,41775.00,75,2162925
20221107,09:46:59,41772.70,50,2162925
20221107,09:47:00,41774.90,300,2162925
20221107,09:47:02,41778.55,200,2162925
20221107,09:47:03,41779.10,375,2162925
20221107,09:47:05,41779.55,475,2162925
20221107,09:47:06,41774.90,25,2162925
20221107,09:47:08,41777.95,125,2162925
20221107,09:47:10,41774.50,125,2162925
20221107,09:47:11,41771.50,1425,2162925
20221107,09:47:13,41774.50,400,2162925
20221107,09:47:14,41774.50,200,2162925
20221107,09:47:16,41767.95,50,2162925
20221107,09:47:17,41772.00,50,2162925
20221107,09:47:19,41774.45,250,2162925
20221107,09:47:21,41769.50,200,2162925
20221107,09:47:22,41770.30,150,2162925
20221107,09:47:24,41774.00,500,2162925
20221107,09:47:25,41778.95,325,2162375
20221107,09:47:27,41773.00,125,2162375
20221107,09:47:29,41774.00,175,2162375
20221107,09:47:30,41772.00,100,2162375
20221107,09:47:32,41773.10,325,2162375
20221107,09:47:34,41773.00,50,2162375
20221107,09:47:35,41773.10,25,2162375
20221107,09:47:37,41775.00,375,2162375
20221107,09:47:38,41775.00,350,2162375
20221107,09:47:40,41770.00,200,2162375
20221107,09:47:42,41775.00,400,2162375
20221107,09:47:43,41775.00,50,2162375
20221107,09:47:45,41775.00,200,2162375
20221107,09:47:46,41774.90,25,2162375
20221107,09:47:48,41772.90,25,2162375
20221107,09:47:50,41771.60,200,2162375
20221107,09:47:51,41770.00,375,2162375
20221107,09:47:53,41770.15,175,2162375
20221107,09:47:55,41775.00,400,2162375
20221107,09:47:56,41774.75,450,2162375
20221107,09:47:58,41775.65,1325,2162375
20221107,09:47:59,41776.40,1075,2162375
20221107,09:48:01,41772.95,625,2162375
20221107,09:48:03,41772.00,100,2162375
20221107,09:48:04,41771.40,150,2162375
20221107,09:48:06,41772.00,350,2162375
20221107,09:48:08,41772.00,25,2162375
20221107,09:48:09,41772.00,25,2162375
20221107,09:48:11,41770.00,475,2162375
20221107,09:48:13,41768.00,75,2162375
20221107,09:48:14,41770.00,200,2162375
20221107,09:48:16,41768.00,125,2162375
20221107,09:48:17,41769.90,50,2162375
20221107,09:48:19,41766.70,525,2162375
20221107,09:48:21,41770.15,225,2162375
20221107,09:48:22,41770.00,250,2162375
20221107,09:48:24,41770.15,200,2162375
20221107,09:48:26,41770.00,325,2162375
20221107,09:48:27,41770.00,475,2162375
20221107,09:48:29,41770.00,900,2162375
20221107,09:48:31,41770.05,75,2162375
20221107,09:48:32,41769.00,950,2162375
20221107,09:48:36,41765.20,225,2162375
20221107,09:48:37,41763.50,775,2162375
20221107,09:48:39,41761.65,475,2162375
20221107,09:48:41,41757.65,425,2162375
20221107,09:48:42,41760.00,425,2162375
20221107,09:48:44,41758.95,450,2162375
20221107,09:48:46,41765.00,300,2162375
20221107,09:48:48,41765.00,550,2162375
20221107,09:48:49,41765.15,275,2162375
20221107,09:48:51,41763.50,250,2162375
20221107,09:48:53,41765.00,125,2162375
20221107,09:48:54,41772.10,725,2162375
20221107,09:48:56,41774.40,575,2162375
20221107,09:48:58,41776.50,425,2162375
20221107,09:48:59,41770.00,175,2162375
20221107,09:49:01,41770.00,250,2162375
20221107,09:49:04,41770.40,275,2162375
20221107,09:49:06,41770.00,100,2162375
20221107,09:49:08,41773.35,100,2162375
20221107,09:49:09,41775.00,75,2162375
20221107,09:49:11,41774.95,225,2162375
20221107,09:49:13,41776.45,150,2162375
20221107,09:49:14,41773.90,200,2162375
20221107,09:49:16,41777.90,350,2162375
20221107,09:49:17,41777.65,100,2162375
20221107,09:49:21,41774.60,125,2162375
20221107,09:49:22,41773.20,50,2162375
20221107,09:49:24,41774.90,350,2162375
20221107,09:49:26,41775.10,25,2162375
20221107,09:49:27,41772.65,200,2162375
20221107,09:49:29,41771.00,25,2162375
20221107,09:49:31,41773.05,1000,2162375
20221107,09:49:32,41773.20,300,2162375
20221107,09:49:34,41772.30,175,2162375
20221107,09:49:36,41775.05,75,2162375
20221107,09:49:37,41771.00,50,2162375
20221107,09:49:39,41770.05,150,2162375
20221107,09:49:41,41770.05,75,2162375
20221107,09:49:42,41769.65,425,2162375
20221107,09:49:44,41770.75,75,2162375
20221107,09:49:46,41765.80,50,2162375
20221107,09:49:49,41769.95,275,2162375
20221107,09:49:51,41769.35,25,2162375
20221107,09:49:52,41768.10,25,2162375
20221107,09:49:54,41770.15,50,2162375
20221107,09:49:56,41773.70,50,2162375
20221107,09:49:57,41770.05,900,2162375
20221107,09:50:01,41773.05,125,2162375
20221107,09:50:02,41769.45,1050,2162375
20221107,09:50:04,41765.00,150,2162375
20221107,09:50:05,41765.05,150,2162375
20221107,09:50:07,41767.95,175,2162375
20221107,09:50:09,41763.35,125,2162375
20221107,09:50:10,41762.00,100,2162375
20221107,09:50:12,41765.90,75,2162375
20221107,09:50:14,41760.15,25,2162375
20221107,09:50:15,41765.10,2800,2162375
20221107,09:50:17,41765.30,150,2162375
20221107,09:50:19,41766.25,200,2162375
20221107,09:50:20,41764.20,200,2162375
20221107,09:50:22,41766.30,325,2162375
20221107,09:50:24,41766.25,125,2162375
20221107,09:50:25,41765.10,100,2162625
20221107,09:50:27,41769.40,50,2162625
20221107,09:50:29,41762.10,125,2162625
20221107,09:50:30,41764.90,125,2162625
20221107,09:50:32,41764.55,250,2162625
20221107,09:50:33,41763.00,100,2162625
20221107,09:50:35,41765.00,225,2162625
20221107,09:50:37,41764.45,150,2162625
20221107,09:50:38,41767.60,25,2162625
20221107,09:50:40,41764.45,275,2162625
20221107,09:50:42,41768.40,150,2162625
20221107,09:50:43,41768.85,100,2162625
20221107,09:50:45,41770.00,75,2162625
20221107,09:50:47,41766.55,200,2162625
20221107,09:50:48,41762.35,75,2162625
20221107,09:50:50,41762.90,50,2162625
20221107,09:50:52,41763.15,100,2162625
20221107,09:50:53,41763.00,25,2162625
20221107,09:50:55,41762.40,100,2162625
20221107,09:50:57,41765.10,250,2162625
20221107,09:50:58,41761.05,775,2162625
20221107,09:51:00,41762.60,275,2162625
20221107,09:51:02,41765.10,75,2162625
20221107,09:51:03,41765.65,150,2162625
20221107,09:51:05,41769.70,50,2162625
20221107,09:51:06,41765.20,200,2162625
20221107,09:51:10,41770.00,125,2162625
20221107,09:51:13,41766.80,125,2162625
20221107,09:51:15,41771.15,25,2162625
20221107,09:51:16,41760.00,1325,2162625
20221107,09:51:18,41759.05,300,2162625
20221107,09:51:20,41755.15,2325,2162625
20221107,09:51:21,41757.10,100,2162625
20221107,09:51:23,41761.00,175,2162625
20221107,09:51:25,41756.30,75,2162625
20221107,09:51:26,41759.90,475,2162625
20221107,09:51:28,41754.00,100,2162625
20221107,09:51:30,41755.15,1025,2162625
20221107,09:51:31,41759.05,150,2162625
20221107,09:51:33,41757.20,1200,2162625
20221107,09:51:34,41757.25,50,2162625
20221107,09:51:36,41758.55,50,2162625
20221107,09:51:38,41754.55,475,2162625
20221107,09:51:39,41757.30,75,2162625
20221107,09:51:41,41760.00,300,2162625
20221107,09:51:43,41760.00,1550,2162625
20221107,09:51:44,41764.05,825,2162625
20221107,09:51:46,41760.00,1300,2162625
20221107,09:51:48,41762.75,25,2162625
20221107,09:51:49,41759.15,100,2162625
20221107,09:51:51,41755.05,125,2162625
20221107,09:51:52,41758.30,100,2162625
20221107,09:51:54,41754.90,300,2162625
20221107,09:51:56,41747.30,2325,2162625
20221107,09:51:57,41744.80,1150,2162625
20221107,09:51:59,41750.00,750,2162625
20221107,09:52:01,41749.55,50,2162625
20221107,09:52:02,41748.40,100,2162625
20221107,09:52:04,41753.50,25,2162625
20221107,09:52:06,41750.05,175,2162625
20221107,09:52:07,41749.90,100,2162625
20221107,09:52:09,41750.75,550,2162625
20221107,09:52:11,41751.60,300,2162625
20221107,09:52:12,41750.90,375,2162625
20221107,09:52:14,41750.00,200,2162625
20221107,09:52:16,41752.95,350,2162625
20221107,09:52:17,41751.55,75,2162625
20221107,09:52:19,41752.15,375,2162625
20221107,09:52:21,41749.40,2000,2162625
20221107,09:52:22,41753.95,475,2162625
20221107,09:52:26,41751.60,200,2162625
20221107,09:52:27,41760.00,225,2162625
20221107,09:52:29,41758.35,125,2162625
20221107,09:52:30,41759.20,50,2162625
20221107,09:52:32,41760.15,25,2162625
20221107,09:52:34,41764.00,25,2162625
20221107,09:52:35,41759.20,150,2162625
20221107,09:52:37,41758.50,125,2162625
20221107,09:52:39,41754.95,225,2162625
20221107,09:52:40,41753.45,25,2162625
20221107,09:52:42,41760.20,250,2162625
20221107,09:52:43,41757.05,50,2162625
20221107,09:52:45,41760.00,25,2162625
20221107,09:52:47,41756.65,150,2162625
20221107,09:52:48,41756.75,375,2162625
20221107,09:52:50,41756.95,75,2162625
20221107,09:52:53,41759.90,50,2162625
20221107,09:52:55,41755.10,25,2162625
20221107,09:52:56,41755.25,150,2162625
20221107,09:52:58,41760.15,450,2162625
20221107,09:52:59,41757.35,200,2162625
20221107,09:53:01,41760.45,50,2162625
20221107,09:53:03,41755.75,200,2162625
20221107,09:53:04,41759.95,125,2162625
20221107,09:53:06,41760.10,125,2162625
20221107,09:53:08,41755.50,125,2162625
20221107,09:53:09,41761.25,50,2162625
20221107,09:53:11,41755.80,50,2162625
20221107,09:53:12,41755.90,350,2162625
20221107,09:53:14,41758.65,200,2162625
20221107,09:53:15,41758.35,75,2162625
20221107,09:53:17,41758.30,325,2162625
20221107,09:53:18,41757.00,175,2162625
20221107,09:53:20,41757.00,475,2162625
20221107,09:53:22,41757.70,75,2162625
20221107,09:53:25,41758.30,150,2162625
20221107,09:53:26,41764.00,50,2157150
20221107,09:53:28,41766.00,75,2157150
20221107,09:53:30,41771.00,1375,2157150
20221107,09:53:31,41772.25,825,2157150
20221107,09:53:33,41769.00,625,2157150
20221107,09:53:34,41775.00,300,2157150
20221107,09:53:36,41775.00,175,2157150
20221107,09:53:38,41775.65,275,2157150
20221107,09:53:39,41774.50,1425,2157150
20221107,09:53:41,41775.90,125,2157150
20221107,09:53:42,41776.70,1350,2157150
20221107,09:53:44,41767.80,875,2157150
20221107,09:53:46,41773.65,25,2157150
20221107,09:53:47,41777.45,225,2157150
20221107,09:53:49,41773.85,50,2157150
20221107,09:53:50,41775.35,75,2157150
20221107,09:53:52,41777.00,25,2157150
20221107,09:53:54,41777.00,275,2157150
20221107,09:53:55,41777.15,275,2157150
20221107,09:53:57,41775.10,425,2157150
20221107,09:53:58,41775.25,275,2157150
20221107,09:54:00,41778.40,725,2157150
20221107,09:54:02,41774.20,125,2157150
20221107,09:54:03,41772.35,900,2157150
20221107,09:54:05,41773.35,250,2157150
20221107,09:54:06,41779.85,150,2157150
20221107,09:54:08,41774.30,625,2157150
20221107,09:54:10,41772.80,225,2157150
20221107,09:54:11,41770.00,175,2157150
20221107,09:54:13,41775.65,50,2157150
20221107,09:54:14,41774.00,50,2157150
20221107,09:54:16,41779.15,150,2157150
20221107,09:54:18,41772.90,50,2157150
20221107,09:54:19,41774.95,100,2157150
20221107,09:54:21,41770.00,100,2157150
20221107,09:54:23,41771.55,275,2157150
20221107,09:54:24,41766.75,25,2157150
20221107,09:54:26,41765.00,200,2157150
20221107,09:54:28,41767.40,225,2157150
20221107,09:54:29,41769.95,175,2157150
20221107,09:54:31,41763.55,250,2157150
20221107,09:54:33,41760.45,200,2157150
20221107,09:54:34,41760.05,175,2157150
20221107,09:54:36,41762.25,100,2157150
20221107,09:54:38,41756.25,250,2157150
20221107,09:54:39,41755.75,1625,2157150
20221107,09:54:41,41757.70,300,2157150
20221107,09:54:43,41757.70,150,2157150
20221107,09:54:44,41755.55,225,2157150
20221107,09:54:46,41752.00,75,2157150
20221107,09:54:48,41748.00,1375,2157150
20221107,09:54:49,41748.00,150,2157150
20221107,09:54:51,41746.20,75,2157150
20221107,09:54:53,41748.00,675,2157150
20221107,09:54:54,41748.10,550,2157150
20221107,09:54:56,41748.15,175,2157150
20221107,09:54:58,41749.90,350,2157150
20221107,09:54:59,41752.25,700,2157150
20221107,09:55:01,41748.70,100,2157150
20221107,09:55:02,41747.75,175,2157150
20221107,09:55:04,41749.95,225,2157150
20221107,09:55:06,41750.00,100,2157150
20221107,09:55:09,41752.15,25,2157150
20221107,09:55:11,41752.65,100,2157150
20221107,09:55:12,41755.15,475,2157150
20221107,09:55:14,41750.55,200,2157150
20221107,09:55:16,41747.55,250,2157150
20221107,09:55:17,41748.75,125,2157150
20221107,09:55:19,41755.05,200,2157150
20221107,09:55:21,41751.45,125,2157150
20221107,09:55:22,41749.40,350,2157150
20221107,09:55:24,41753.70,300,2157150
20221107,09:55:26,41757.95,50,2157150
20221107,09:55:27,41757.35,150,2157150
20221107,09:55:29,41755.90,300,2157150
20221107,09:55:31,41758.00,250,2157150
20221107,09:55:32,41750.00,100,2157150
20221107,09:55:34,41757.35,50,2157150
20221107,09:55:36,41754.80,25,2157150
20221107,09:55:37,41755.60,25,2157150
20221107,09:55:39,41759.00,25,2157150
20221107,09:55:41,41756.50,100,2157150
20221107,09:55:42,41759.85,25,2157150
20221107,09:55:44,41759.80,75,2157150
20221107,09:55:46,41753.30,25,2157150
20221107,09:55:47,41754.50,75,2157150
20221107,09:55:49,41750.10,125,2157150
20221107,09:55:51,41751.35,75,2157150
20221107,09:55:52,41756.55,75,2157150
20221107,09:55:54,41753.85,25,2157150
20221107,09:55:56,41758.20,50,2157150
20221107,09:55:57,41755.00,375,2157150
20221107,09:55:59,41755.50,550,2157150
20221107,09:56:01,41755.40,100,2157150
20221107,09:56:02,41752.80,25,2157150
20221107,09:56:04,41758.80,150,2157150
20221107,09:56:06,41760.00,50,2157150
20221107,09:56:07,41760.70,150,2157150
20221107,09:56:09,41761.75,150,2157150
20221107,09:56:11,41760.60,175,2157150
20221107,09:56:12,41766.60,25,2157150
20221107,09:56:14,41768.50,50,2157150
20221107,09:56:15,41766.70,50,2157150
20221107,09:56:17,41772.00,1350,2157150
20221107,09:56:19,41771.40,375,2157150
20221107,09:56:20,41775.35,175,2157150
20221107,09:56:22,41773.45,325,2157150
20221107,09:56:24,41774.10,200,2157150
20221107,09:56:25,41773.25,875,2157150
20221107,09:56:27,41779.55,25,2161450
20221107,09:56:29,41779.55,100,2161450
20221107,09:56:30,41780.00,350,2161450
20221107,09:56:32,41774.85,450,2161450
20221107,09:56:34,41778.95,50,2161450
20221107,09:56:37,41778.75,125,2161450
20221107,09:56:38,41773.00,25,2161450
20221107,09:56:40,41778.40,100,2161450
20221107,09:56:42,41779.25,325,2161450
20221107,09:56:43,41780.00,175,2161450
20221107,09:56:45,41774.95,150,2161450
20221107,09:56:47,41773.00,875,2161450
20221107,09:56:48,41777.20,25,2161450
20221107,09:56:50,41779.90,100,2161450
20221107,09:56:52,41780.85,175,2161450
20221107,09:56:53,41784.00,400,2161450
20221107,09:56:55,41786.00,375,2161450
20221107,09:56:57,41786.35,450,2161450
20221107,09:56:58,41786.50,150,2161450
20221107,09:57:00,41789.95,150,2161450
20221107,09:57:01,41792.00,925,2161450
20221107,09:57:03,41790.50,375,2161450
20221107,09:57:05,41801.00,5875,2161450
20221107,09:57:06,41801.40,475,2161450
20221107,09:57:08,41808.00,1375,2161450
20221107,09:57:10,41808.50,175,2161450
20221107,09:57:11,41810.00,575,2161450
20221107,09:57:13,41808.05,325,2161450
20221107,09:57:15,41805.00,350,2161450
20221107,09:57:16,41805.85,50,2161450
20221107,09:57:18,41806.15,125,2161450
20221107,09:57:20,41804.20,325,2161450
20221107,09:57:21,41798.00,225,2161450
20221107,09:57:23,41795.15,325,2161450
20221107,09:57:25,41790.85,250,2161450
20221107,09:57:26,41795.05,50,2161450
20221107,09:57:28,41786.05,325,2161450
20221107,09:57:30,41787.05,150,2161450
20221107,09:57:32,41775.75,750,2161450
20221107,09:57:33,41775.45,775,2161450
20221107,09:57:35,41775.45,1425,2161450
20221107,09:57:36,41783.35,275,2161450
20221107,09:57:38,41784.00,50,2161450
20221107,09:57:41,41782.85,25,2161450
20221107,09:57:43,41787.70,50,2161450
20221107,09:57:45,41785.05,250,2161450
20221107,09:57:46,41777.65,250,2161450
20221107,09:57:48,41780.00,250,2161450
20221107,09:57:50,41783.30,975,2161450
20221107,09:57:51,41781.90,525,2161450
20221107,09:57:53,41780.50,775,2161450
20221107,09:57:55,41780.50,425,2161450
20221107,09:57:56,41779.60,275,2161450
20221107,09:57:58,41788.10,125,2161450
20221107,09:58:00,41785.05,575,2161450
20221107,09:58:01,41789.35,600,2161450
20221107,09:58:03,41790.00,25,2161450
20221107,09:58:05,41794.40,100,2161450
20221107,09:58:06,41790.15,150,2161450
20221107,09:58:08,41790.15,75,2161450
20221107,09:58:09,41786.15,25,2161450
20221107,09:58:11,41787.00,200,2161450
20221107,09:58:13,41788.15,25,2161450
20221107,09:58:14,41790.10,50,2161450
20221107,09:58:16,41787.95,50,2161450
20221107,09:58:19,41788.25,50,2161450
20221107,09:58:23,41789.35,50,2161450
20221107,09:58:24,41790.10,75,2161450
20221107,09:58:26,41793.95,225,2161450
20221107,09:58:28,41781.00,100,2161450
20221107,09:58:29,41780.60,25,2161450
20221107,09:58:31,41784.10,75,2161450
20221107,09:58:33,41789.35,75,2161450
20221107,09:58:34,41788.85,175,2161450
20221107,09:58:36,41792.95,200,2161450
20221107,09:58:38,41788.75,75,2161450
20221107,09:58:39,41783.10,525,2161450
20221107,09:58:41,41783.15,100,2161450
20221107,09:58:43,41788.70,50,2161450
20221107,09:58:44,41790.70,100,2161450
20221107,09:58:46,41790.60,25,2161450
20221107,09:58:48,41784.95,50,2161450
20221107,09:58:49,41784.95,25,2161450
20221107,09:58:51,41788.00,75,2161450
20221107,09:58:52,41785.55,325,2161450
20221107,09:58:54,41781.00,200,2161450
20221107,09:58:56,41784.00,25,2161450
20221107,09:58:59,41787.85,175,2161450
20221107,09:59:01,41780.35,300,2161450
20221107,09:59:02,41780.00,475,2161450
20221107,09:59:04,41777.40,175,2161450
20221107,09:59:09,41777.10,250,2161450
20221107,09:59:11,41776.70,100,2161450
20221107,09:59:12,41775.80,50,2161450
20221107,09:59:14,41780.00,250,2161450
20221107,09:59:16,41780.70,100,2161450
20221107,09:59:17,41780.00,25,2161450
20221107,09:59:19,41781.60,50,2161450
20221107,09:59:20,41777.20,25,2161450
20221107,09:59:22,41775.00,375,2161450
20221107,09:59:24,41775.00,125,2161450
20221107,09:59:25,41779.75,75,2161450
20221107,09:59:28,41775.05,100,2168800
20221107,09:59:30,41775.00,250,2168800
20221107,09:59:32,41775.00,25,2168800
20221107,09:59:33,41776.75,250,2168800
20221107,09:59:35,41777.00,150,2168800
20221107,09:59:37,41776.20,75,2168800
20221107,09:59:38,41771.60,75,2168800
20221107,09:59:41,41771.00,25,2168800
20221107,09:59:45,41770.00,150,2168800
20221107,09:59:46,41770.00,375,2168800
20221107,09:59:48,41765.45,125,2168800
20221107,09:59:50,41770.10,50,2168800
20221107,09:59:51,41767.60,75,2168800
20221107,09:59:53,41770.15,25,2168800
20221107,09:59:58,41763.60,200,2168800
20221107,09:59:59,41769.70,1075,2168800
20221107,10:00:01,41764.20,425,2168800
20221107,10:00:03,41768.90,225,2168800
20221107,10:00:04,41770.50,250,2168800
20221107,10:00:06,41773.75,175,2168800
20221107,10:00:07,41773.35,25,2168800
20221107,10:00:11,41775.85,100,2168800
20221107,10:00:12,41772.60,275,2168800
20221107,10:00:14,41770.00,225,2168800
20221107,10:00:16,41765.45,150,2168800
20221107,10:00:17,41769.45,175,2168800
20221107,10:00:19,41777.00,150,2168800
20221107,10:00:21,41770.00,75,2168800
20221107,10:00:22,41772.45,150,2168800
20221107,10:00:24,41776.95,25,2168800
20221107,10:00:26,41777.15,50,2168800
20221107,10:00:27,41780.00,100,2168800
20221107,10:00:29,41780.30,25,2168800
20221107,10:00:30,41792.10,550,2168800
20221107,10:00:32,41795.00,1800,2168800
20221107,10:00:34,41796.00,175,2168800
20221107,10:00:35,41800.00,575,2168800
20221107,10:00:37,41787.70,475,2168800
20221107,10:00:39,41793.75,175,2168800
20221107,10:00:40,41791.20,125,2168800
20221107,10:00:42,41794.60,625,2168800
20221107,10:00:44,41795.25,450,2168800
20221107,10:00:45,41800.00,325,2168800
20221107,10:00:47,41798.55,175,2168800
20221107,10:00:49,41800.00,5275,2168800
20221107,10:00:50,41803.00,225,2168800
20221107,10:00:52,41803.90,600,2168800
20221107,10:00:54,41800.00,475,2168800
20221107,10:00:55,41805.00,200,2168800
20221107,10:00:57,41800.00,50,2168800
20221107,10:00:59,41799.40,325,2168800
20221107,10:01:00,41796.70,450,2168800
20221107,10:01:02,41802.20,300,2168800
20221107,10:01:04,41804.90,100,2168800
20221107,10:01:05,41804.90,250,2168800
20221107,10:01:07,41805.00,225,2168800
20221107,10:01:09,41805.00,1425,2168800
20221107,10:01:10,41805.00,375,2168800
20221107,10:01:12,41805.00,350,2168800
20221107,10:01:14,41801.15,100,2168800
20221107,10:01:15,41804.95,325,2168800
20221107,10:01:17,41801.20,250,2168800
20221107,10:01:18,41803.65,150,2168800
20221107,10:01:20,41801.35,275,2168800
20221107,10:01:22,41804.95,25,2168800
20221107,10:01:23,41807.25,250,2168800
20221107,10:01:25,41807.35,25,2168800
20221107,10:01:27,41807.35,25,2168800
20221107,10:01:28,41801.15,100,2168800
20221107,10:01:30,41807.40,100,2168800
20221107,10:01:32,41805.25,75,2168800
20221107,10:01:33,41809.70,100,2168800
20221107,10:01:35,41810.00,675,2168800
20221107,10:01:37,41810.00,250,2168800
20221107,10:01:38,41811.00,675,2168800
20221107,10:01:40,41812.00,925,2168800
20221107,10:01:42,41810.80,450,2168800
20221107,10:01:43,41806.55,425,2168800
20221107,10:01:45,41808.20,100,2168800
20221107,10:01:47,41806.10,300,2168800
20221107,10:01:48,41807.30,75,2168800
20221107,10:01:52,41803.35,50,2168800
20221107,10:01:54,41803.60,525,2168800
20221107,10:01:55,41796.65,350,2168800
20221107,10:01:57,41789.55,125,2168800
20221107,10:01:59,41795.00,50,2168800
20221107,10:02:00,41795.00,525,2168800
20221107,10:02:02,41792.00,100,2168800
20221107,10:02:04,41788.85,275,2168800
20221107,10:02:05,41791.10,50,2168800
20221107,10:02:10,41795.00,25,2168800
20221107,10:02:12,41793.25,275,2168800
20221107,10:02:14,41801.00,200,2168800
20221107,10:02:15,41794.15,175,2168800
20221107,10:02:17,41796.65,175,2168800
20221107,10:02:19,41796.90,275,2168800
20221107,10:02:20,41800.00,50,2168800
20221107,10:02:22,41799.70,175,2168800
20221107,10:02:24,41803.45,25,2168800
20221107,10:02:27,41803.10,125,2168800
20221107,10:02:29,41801.70,125,2174800
20221107,10:02:30,41802.65,200,2174800
20221107,10:02:32,41802.90,200,2174800
20221107,10:02:34,41800.00,50,2174800
20221107,10:02:35,41802.95,25,2174800
20221107,10:02:37,41804.10,250,2174800
20221107,10:02:39,41806.70,50,2174800
20221107,10:02:42,41807.10,25,2174800
20221107,10:02:44,41806.70,25,2174800
20221107,10:02:47,41801.95,25,2174800
20221107,10:02:49,41799.05,125,2174800
20221107,10:02:50,41804.00,75,2174800
20221107,10:02:52,41803.00,225,2174800
20221107,10:02:54,41805.00,625,2174800
20221107,10:02:55,41810.60,125,2174800
20221107,10:02:57,41806.30,75,2174800
20221107,10:02:59,41812.00,25,2174800
20221107,10:03:00,41812.55,100,2174800
20221107,10:03:02,41805.65,300,2174800
20221107,10:03:04,41811.00,600,2174800
20221107,10:03:05,41809.30,25,2174800
20221107,10:03:07,41808.30,50,2174800
20221107,10:03:10,41808.50,150,2174800
20221107,10:03:12,41810.00,25,2174800
20221107,10:03:14,41810.15,200,2174800
20221107,10:03:15,41810.15,125,2174800
20221107,10:03:17,41810.15,50,2174800
20221107,10:03:19,41810.15,300,2174800
20221107,10:03:20,41806.65,50,2174800
20221107,10:03:22,41806.65,25,2174800
20221107,10:03:24,41802.90,300,2174800
20221107,10:03:25,41805.00,425,2174800
20221107,10:03:27,41805.00,50,2174800
20221107,10:03:30,41806.65,175,2174800
20221107,10:03:32,41805.20,25,2174800
20221107,10:03:34,41806.65,50,2174800
20221107,10:03:35,41806.65,75,2174800
20221107,10:03:37,41800.40,375,2174800
20221107,10:03:39,41807.05,325,2174800
20221107,10:03:40,41807.30,1300,2174800
20221107,10:03:44,41806.95,100,2174800
20221107,10:03:47,41808.00,325,2174800
20221107,10:03:49,41806.95,25,2174800
20221107,10:03:50,41800.10,250,2174800
20221107,10:03:52,41805.25,50,2174800
20221107,10:03:54,41804.75,50,2174800
20221107,10:03:55,41806.00,25,2174800
20221107,10:03:57,41810.00,100,2174800
20221107,10:03:59,41806.95,100,2174800
20221107,10:04:00,41810.00,75,2174800
20221107,10:04:02,41809.90,700,2174800
20221107,10:04:04,41808.75,100,2174800
20221107,10:04:05,41808.45,75,2174800
20221107,10:04:07,41806.00,100,2174800
20221107,10:04:09,41804.95,50,2174800
20221107,10:04:10,41806.00,100,2174800
20221107,10:04:12,41800.10,50,2174800
20221107,10:04:14,41800.00,100,2174800
20221107,10:04:15,41800.00,325,2174800
20221107,10:04:17,41804.05,25,2174800
20221107,10:04:19,41797.15,50,2174800
20221107,10:04:22,41804.85,175,2174800
20221107,10:04:23,41795.05,175,2174800
20221107,10:04:25,41797.70,25,2174800
20221107,10:04:27,41799.45,50,2174800
20221107,10:04:30,41800.00,125,2174800
20221107,10:04:31,41795.05,425,2174800
20221107,10:04:35,41801.85,50,2174800
20221107,10:04:36,41796.35,75,2174800
20221107,10:04:41,41800.00,50,2174800
20221107,10:04:43,41800.05,125,2174800
20221107,10:04:45,41799.90,250,2174800
20221107,10:04:48,41796.35,100,2174800
20221107,10:04:50,41796.35,25,2174800
20221107,10:04:55,41795.00,25,2174800
20221107,10:04:58,41797.80,50,2174800
20221107,10:05:01,41797.65,75,2174800
20221107,10:05:03,41800.00,225,2174800
20221107,10:05:05,41804.20,150,2174800
20221107,10:05:06,41805.65,325,2174800
20221107,10:05:08,41810.00,150,2174800
20221107,10:05:10,41810.00,100,2174800
20221107,10:05:11,41810.00,50,2174800
20221107,10:05:13,41810.00,50,2174800
20221107,10:05:15,41809.60,900,2174800
20221107,10:05:16,41811.15,75,2174800
20221107,10:05:18,41815.00,275,2174800
20221107,10:05:19,41815.00,375,2174800
20221107,10:05:21,41811.20,100,2174800
20221107,10:05:24,41812.40,50,2174800
20221107,10:05:26,41815.00,100,2174800
20221107,10:05:28,41815.05,1450,2174800
20221107,10:05:29,41818.00,100,2181275
20221107,10:05:31,41816.05,525,2181275
20221107,10:05:33,41819.85,50,2181275
20221107,10:05:34,41820.00,300,2181275
20221107,10:05:36,41820.00,250,2181275
20221107,10:05:38,41820.00,250,2181275
20221107,10:05:39,41817.10,200,2181275
20221107,10:05:41,41820.00,875,2181275
20221107,10:05:43,41815.35,300,2181275
20221107,10:05:44,41820.00,125,2181275
20221107,10:05:46,41815.00,175,2181275
20221107,10:05:48,41815.00,75,2181275
20221107,10:05:49,41817.25,50,2181275
20221107,10:05:51,41817.15,625,2181275
20221107,10:05:53,41815.10,75,2181275
20221107,10:05:54,41816.65,50,2181275
20221107,10:05:56,41814.30,25,2181275
20221107,10:05:58,41811.15,100,2181275
20221107,10:05:59,41814.30,75,2181275
20221107,10:06:01,41816.15,250,2181275
20221107,10:06:03,41816.65,275,2181275
20221107,10:06:04,41814.65,100,2181275
20221107,10:06:06,41815.30,675,2181275
20221107,10:06:08,41820.00,925,2181275
20221107,10:06:09,41815.20,75,2181275
20221107,10:06:11,41815.00,25,2181275
20221107,10:06:13,41812.35,75,2181275
20221107,10:06:14,41816.80,50,2181275
20221107,10:06:16,41816.80,50,2181275
20221107,10:06:18,41817.60,150,2181275
20221107,10:06:19,41817.30,75,2181275
20221107,10:06:21,41818.25,25,2181275
20221107,10:06:23,41817.05,300,2181275
20221107,10:06:24,41818.95,125,2181275
20221107,10:06:26,41815.30,150,2181275
20221107,10:06:28,41818.15,50,2181275
20221107,10:06:29,41815.10,50,2181275
20221107,10:06:31,41811.10,275,2181275
20221107,10:06:33,41801.10,200,2181275
20221107,10:06:34,41808.40,150,2181275
20221107,10:06:36,41813.60,525,2181275
20221107,10:06:39,41812.35,100,2181275
20221107,10:06:43,41808.40,150,2181275
20221107,10:06:44,41810.00,125,2181275
20221107,10:06:46,41808.55,25,2181275
20221107,10:06:48,41808.40,25,2181275
20221107,10:06:49,41808.35,125,2181275
20221107,10:06:51,41807.60,50,2181275
20221107,10:06:53,41806.60,150,2181275
20221107,10:06:54,41811.80,25,2181275
20221107,10:06:58,41811.75,25,2181275
20221107,10:06:59,41808.55,125,2181275
20221107,10:07:01,41807.45,75,2181275
20221107,10:07:03,41806.30,200,2181275
20221107,10:07:04,41811.00,25,2181275
20221107,10:07:06,41810.00,300,2181275
20221107,10:07:08,41809.65,250,2181275
20221107,10:07:09,41813.85,650,2181275
20221107,10:07:11,41809.75,200,2181275
20221107,10:07:13,41808.35,25,2181275
20221107,10:07:14,41808.20,125,2181275
20221107,10:07:16,41804.00,125,2181275
20221107,10:07:19,41803.90,50,2181275
20221107,10:07:21,41800.45,50,2181275
20221107,10:07:22,41806.50,925,2181275
20221107,10:07:24,41807.05,75,2181275
20221107,10:07:26,41806.00,25,2181275
20221107,10:07:27,41805.80,75,2181275
20221107,10:07:29,41801.25,175,2181275
20221107,10:07:31,41796.30,375,2181275
20221107,10:07:32,41801.30,75,2181275
20221107,10:07:34,41797.20,25,2181275
20221107,10:07:36,41795.00,50,2181275
20221107,10:07:37,41800.00,75,2181275
20221107,10:07:39,41799.00,25,2181275
20221107,10:07:42,41798.95,50,2181275
20221107,10:07:44,41800.35,25,2181275
20221107,10:07:46,41800.05,25,2181275
20221107,10:07:47,41802.30,100,2181275
20221107,10:07:51,41801.55,50,2181275
20221107,10:07:52,41799.00,200,2181275
20221107,10:07:54,41798.00,225,2181275
20221107,10:07:55,41798.85,25,2181275
20221107,10:07:57,41800.20,225,2181275
20221107,10:07:59,41802.00,375,2181275
20221107,10:08:00,41804.70,150,2181275
20221107,10:08:02,41803.60,25,2181275
20221107,10:08:04,41805.05,100,2181275
20221107,10:08:05,41802.75,100,2181275
20221107,10:08:07,41806.35,225,2181275
20221107,10:08:10,41807.60,100,2181275
20221107,10:08:12,41802.75,25,2181275
20221107,10:08:14,41800.00,25,2181275
20221107,10:08:15,41803.80,25,2181275
20221107,10:08:17,41802.00,25,2181275
20221107,10:08:19,41798.20,75,2181275
20221107,10:08:20,41803.00,25,2181275
20221107,10:08:22,41802.75,150,2181275
20221107,10:08:23,41808.05,75,2181275
20221107,10:08:25,41809.95,100,2181275
20221107,10:08:27,41807.00,25,2181275
20221107,10:08:28,41805.00,75,2181275
20221107,10:08:30,41807.65,50,2182925
20221107,10:08:33,41808.00,150,2182925
20221107,10:08:35,41808.00,50,2182925
20221107,10:08:37,41802.75,625,2182925
20221107,10:08:38,41803.50,25,2182925
20221107,10:08:41,41800.20,25,2182925
20221107,10:08:43,41804.90,25,2182925
20221107,10:08:45,41803.50,125,2182925
20221107,10:08:46,41804.90,25,2182925
20221107,10:08:48,41802.20,25,2182925
20221107,10:08:53,41800.00,50,2182925
20221107,10:08:54,41800.00,25,2182925
20221107,10:08:56,41800.00,175,2182925
20221107,10:08:57,41804.90,75,2182925
20221107,10:08:59,41805.00,50,2182925
20221107,10:09:01,41800.70,225,2182925
20221107,10:09:02,41800.00,125,2182925
20221107,10:09:04,41800.00,325,2182925
20221107,10:09:06,41799.85,75,2182925
20221107,10:09:07,41795.20,50,2182925
20221107,10:09:09,41800.00,25,2182925
20221107,10:09:12,41795.00,25,2182925
20221107,10:09:14,41798.90,25,2182925
20221107,10:09:15,41795.00,50,2182925
20221107,10:09:17,41795.00,50,2182925
20221107,10:09:18,41798.95,350,2182925
20221107,10:09:20,41796.35,225,2182925
20221107,10:09:22,41795.90,400,2182925
20221107,10:09:23,41791.05,300,2182925
20221107,10:09:25,41795.35,150,2182925
20221107,10:09:27,41793.35,275,2182925
20221107,10:09:28,41792.70,100,2182925
20221107,10:09:30,41793.80,25,2182925
20221107,10:09:31,41794.60,250,2182925
20221107,10:09:33,41795.80,75,2182925
20221107,10:09:35,41799.55,175,2182925
20221107,10:09:36,41799.90,50,2182925
20221107,10:09:38,41799.95,125,2182925
20221107,10:09:40,41799.50,100,2182925
20221107,10:09:41,41799.00,100,2182925
20221107,10:09:43,41798.85,200,2182925
20221107,10:09:44,41798.00,200,2182925
20221107,10:09:46,41796.35,75,2182925
20221107,10:09:48,41796.00,75,2182925
20221107,10:09:49,41796.15,125,2182925
20221107,10:09:51,41794.50,550,2182925
20221107,10:09:52,41794.40,125,2182925
20221107,10:09:54,41796.55,275,2182925
20221107,10:09:56,41795.10,50,2182925
20221107,10:09:57,41794.95,125,2182925
20221107,10:09:59,41790.10,150,2182925
20221107,10:10:01,41795.00,350,2182925
20221107,10:10:02,41790.10,425,2182925
20221107,10:10:04,41790.05,200,2182925
20221107,10:10:05,41793.90,150,2182925
20221107,10:10:07,41790.00,50,2182925
20221107,10:10:09,41784.00,3650,2182925
20221107,10:10:10,41782.05,225,2182925
20221107,10:10:12,41786.25,200,2182925
20221107,10:10:13,41782.00,225,2182925
20221107,10:10:15,41785.50,175,2182925
20221107,10:10:17,41784.85,100,2182925
20221107,10:10:18,41780.15,300,2182925
20221107,10:10:20,41782.45,75,2182925
20221107,10:10:22,41780.15,25,2182925
20221107,10:10:23,41780.15,50,2182925
20221107,10:10:25,41780.15,50,2182925
20221107,10:10:28,41782.00,100,2182925
20221107,10:10:30,41782.15,250,2182925
20221107,10:10:32,41780.00,1275,2182925
20221107,10:10:33,41776.70,150,2182925
20221107,10:10:35,41774.80,100,2182925
20221107,10:10:36,41772.20,100,2182925
20221107,10:10:38,41774.30,100,2182925
20221107,10:10:40,41771.35,100,2182925
20221107,10:10:42,41774.20,125,2182925
20221107,10:10:43,41773.50,50,2182925
20221107,10:10:45,41772.20,25,2182925
20221107,10:10:47,41770.00,475,2182925
20221107,10:10:48,41772.85,475,2182925
20221107,10:10:50,41770.00,275,2182925
20221107,10:10:52,41770.00,175,2182925
20221107,10:10:53,41770.00,350,2182925
20221107,10:10:55,41770.05,250,2182925
20221107,10:10:57,41770.05,50,2182925
20221107,10:10:58,41770.05,25,2182925
20221107,10:11:00,41773.65,150,2182925
20221107,10:11:01,41770.65,100,2182925
20221107,10:11:03,41770.65,50,2182925
20221107,10:11:05,41770.00,125,2182925
20221107,10:11:06,41770.30,200,2182925
20221107,10:11:08,41770.25,150,2182925
20221107,10:11:10,41770.00,300,2182925
20221107,10:11:11,41770.65,150,2182925
20221107,10:11:13,41770.00,75,2182925
20221107,10:11:14,41770.00,500,2182925
20221107,10:11:16,41769.05,250,2182925
20221107,10:11:18,41771.15,25,2182925
20221107,10:11:19,41776.00,150,2182925
20221107,10:11:21,41772.35,50,2182925
20221107,10:11:22,41775.85,100,2182925
20221107,10:11:24,41771.40,75,2182925
20221107,10:11:26,41769.15,25,2182925
20221107,10:11:27,41775.00,25,2182925
20221107,10:11:29,41775.00,225,2182925
20221107,10:11:30,41773.05,425,2179000
20221107,10:11:33,41775.00,50,2179000
20221107,10:11:35,41774.30,75,2179000
20221107,10:11:37,41771.95,25,2179000
20221107,10:11:38,41771.75,25,2179000
20221107,10:11:40,41771.00,75,2179000
20221107,10:11:41,41769.90,175,2179000
20221107,10:11:43,41769.20,25,2179000
20221107,10:11:44,41771.95,625,2179000
20221107,10:11:46,41766.40,25,2179000
20221107,10:11:48,41769.90,25,2179000
20221107,10:11:49,41770.00,200,2179000
20221107,10:11:52,41767.60,25,2179000
20221107,10:11:54,41766.00,25,2179000
20221107,10:11:56,41766.15,450,2179000
20221107,10:11:57,41766.00,25,2179000
20221107,10:11:59,41765.10,950,2179000
20221107,10:12:00,41766.00,325,2179000
20221107,10:12:02,41767.20,175,2179000
20221107,10:12:04,41765.00,100,2179000
20221107,10:12:05,41767.85,75,2179000
20221107,10:12:07,41767.95,100,2179000
20221107,10:12:09,41765.00,75,2179000
20221107,10:12:10,41761.00,175,2179000
20221107,10:12:12,41760.00,175,2179000
20221107,10:12:13,41764.25,175,2179000
20221107,10:12:15,41764.65,100,2179000
20221107,10:12:17,41764.05,75,2179000
20221107,10:12:18,41762.05,75,2179000
20221107,10:12:20,41765.00,50,2179000
20221107,10:12:22,41765.00,175,2179000
20221107,10:12:25,41767.70,25,2179000
20221107,10:12:30,41763.40,25,2179000
20221107,10:12:32,41760.00,75,2179000
20221107,10:12:33,41763.40,25,2179000
20221107,10:12:35,41763.40,75,2179000
20221107,10:12:37,41761.80,175,2179000
20221107,10:12:38,41764.95,250,2179000
20221107,10:12:40,41761.60,50,2179000
20221107,10:12:42,41764.00,125,2179000
20221107,10:12:43,41761.80,225,2179000
20221107,10:12:45,41760.00,175,2179000
20221107,10:12:47,41760.00,575,2179000
20221107,10:12:48,41761.00,75,2179000
20221107,10:12:50,41764.75,1550,2179000
20221107,10:12:52,41767.00,50,2179000
20221107,10:12:53,41770.00,475,2179000
20221107,10:12:55,41773.30,125,2179000
20221107,10:12:57,41775.70,200,2179000
20221107,10:12:58,41775.00,200,2179000
20221107,10:13:00,41772.95,125,2179000
20221107,10:13:02,41773.00,175,2179000
20221107,10:13:03,41771.00,25,2179000
20221107,10:13:05,41765.70,25,2179000
20221107,10:13:07,41765.70,50,2179000
20221107,10:13:08,41765.20,50,2179000
20221107,10:13:10,41770.00,75,2179000
20221107,10:13:12,41770.00,175,2179000
20221107,10:13:13,41769.00,25,2179000
20221107,10:13:15,41762.00,125,2179000
20221107,10:13:17,41758.00,1450,2179000
20221107,10:13:18,41758.30,75,2179000
20221107,10:13:20,41760.60,100,2179000
20221107,10:13:22,41761.80,275,2179000
20221107,10:13:23,41764.85,200,2179000
20221107,10:13:25,41766.10,50,2179000
20221107,10:13:27,41760.35,900,2179000
20221107,10:13:28,41763.45,25,2179000
20221107,10:13:30,41763.85,25,2179000
20221107,10:13:32,41761.50,75,2179000
20221107,10:13:33,41762.80,125,2179000
20221107,10:13:37,41760.00,50,2179000
20221107,10:13:38,41763.75,125,2179000
20221107,10:13:40,41762.80,50,2179000
20221107,10:13:42,41763.35,25,2179000
20221107,10:13:43,41755.00,200,2179000
20221107,10:13:45,41755.00,50,2179000
20221107,10:13:47,41755.30,25,2179000
20221107,10:13:48,41757.00,275,2179000
20221107,10:13:50,41754.00,50,2179000
20221107,10:13:51,41754.00,100,2179000
20221107,10:13:53,41758.70,200,2179000
20221107,10:13:55,41752.25,100,2179000
20221107,10:13:56,41752.00,150,2179000
20221107,10:13:58,41751.00,175,2179000
20221107,10:14:00,41756.35,50,2179000
20221107,10:14:01,41748.00,2125,2179000
20221107,10:14:03,41744.00,625,2179000
20221107,10:14:05,41743.30,125,2179000
20221107,10:14:06,41742.40,800,2179000
20221107,10:14:08,41743.40,75,2179000
20221107,10:14:10,41743.00,100,2179000
20221107,10:14:11,41747.95,200,2179000
20221107,10:14:13,41750.00,400,2179000
20221107,10:14:15,41746.00,275,2179000
20221107,10:14:16,41748.75,175,2179000
20221107,10:14:18,41748.75,100,2179000
20221107,10:14:20,41752.00,900,2179000
20221107,10:14:21,41750.00,75,2179000
20221107,10:14:23,41743.60,400,2179000
20221107,10:14:25,41747.35,250,2179000
20221107,10:14:26,41746.25,125,2179000
20221107,10:14:28,41748.60,75,2179000
20221107,10:14:29,41750.00,175,2179000
20221107,10:14:31,41746.25,275,2173050
20221107,10:14:33,41749.15,175,2173050
20221107,10:14:34,41749.15,1025,2173050
20221107,10:14:37,41747.75,50,2173050
20221107,10:14:39,41747.05,75,2173050
20221107,10:14:41,41746.55,50,2173050
20221107,10:14:42,41750.00,275,2173050
20221107,10:14:45,41747.65,175,2173050
20221107,10:14:47,41751.00,50,2173050
20221107,10:14:48,41750.00,25,2173050
20221107,10:14:50,41748.65,350,2173050
20221107,10:14:51,41747.00,100,2173050
20221107,10:14:53,41748.35,75,2173050
20221107,10:14:55,41744.10,225,2173050
20221107,10:14:56,41743.65,2100,2173050
20221107,10:14:58,41738.00,675,2173050
20221107,10:15:00,41741.50,75,2173050
20221107,10:15:01,41735.20,200,2173050
20221107,10:15:03,41738.65,500,2173050
20221107,10:15:05,41734.45,375,2173050
20221107,10:15:06,41738.50,400,2173050
20221107,10:15:08,41738.40,250,2173050
20221107,10:15:10,41735.00,125,2173050
20221107,10:15:11,41734.45,100,2173050
20221107,10:15:13,41734.00,1050,2173050
20221107,10:15:14,41734.60,175,2173050
20221107,10:15:16,41736.70,175,2173050
20221107,10:15:18,41740.05,1650,2173050
20221107,10:15:19,41745.60,75,2173050
20221107,10:15:21,41745.65,50,2173050
20221107,10:15:23,41745.65,50,2173050
20221107,10:15:24,41743.85,275,2173050
20221107,10:15:26,41743.65,225,2173050
20221107,10:15:28,41743.15,175,2173050
20221107,10:15:29,41743.25,375,2173050
20221107,10:15:31,41748.00,50,2173050
20221107,10:15:33,41746.05,125,2173050
20221107,10:15:34,41748.95,50,2173050
20221107,10:15:36,41749.40,250,2173050
20221107,10:15:38,41749.10,25,2173050
20221107,10:15:39,41753.30,100,2173050
20221107,10:15:41,41752.75,300,2173050
20221107,10:15:43,41749.65,175,2173050
20221107,10:15:44,41749.55,875,2173050
20221107,10:15:46,41749.65,1125,2173050
20221107,10:15:48,41749.20,75,2173050
20221107,10:15:49,41751.55,75,2173050
20221107,10:15:53,41752.00,75,2173050
20221107,10:15:54,41750.05,150,2173050
20221107,10:15:56,41752.30,125,2173050
20221107,10:15:58,41755.00,100,2173050
20221107,10:15:59,41755.00,475,2173050
20221107,10:16:04,41750.00,3200,2173050
20221107,10:16:06,41747.90,1325,2173050
20221107,10:16:08,41745.00,600,2173050
20221107,10:16:11,41740.00,125,2173050
20221107,10:16:14,41738.40,1800,2173050
20221107,10:16:16,41743.30,350,2173050
20221107,10:16:18,41745.20,225,2173050
20221107,10:16:19,41745.55,25,2173050
20221107,10:16:21,41744.00,50,2173050
20221107,10:16:22,41745.20,225,2173050
20221107,10:16:24,41745.20,25,2173050
20221107,10:16:26,41740.70,100,2173050
20221107,10:16:27,41745.20,450,2173050
20221107,10:16:29,41744.85,75,2173050
20221107,10:16:31,41744.80,500,2173050
20221107,10:16:32,41743.90,50,2173050
20221107,10:16:34,41750.00,100,2173050
20221107,10:16:37,41751.55,175,2173050
20221107,10:16:39,41750.00,50,2173050
20221107,10:16:41,41752.20,75,2173050
20221107,10:16:44,41753.00,75,2173050
20221107,10:16:47,41758.00,275,2173050
20221107,10:16:50,41752.55,975,2173050
20221107,10:16:52,41751.60,25,2173050
20221107,10:16:54,41750.85,550,2173050
20221107,10:16:55,41756.35,125,2173050
20221107,10:16:57,41750.50,425,2173050
20221107,10:16:59,41752.05,100,2173050
20221107,10:17:00,41753.95,825,2173050
20221107,10:17:02,41753.65,25,2173050
20221107,10:17:04,41752.00,75,2173050
20221107,10:17:05,41750.00,525,2173050
20221107,10:17:07,41745.30,125,2173050
20221107,10:17:10,41742.05,25,2173050
20221107,10:17:12,41745.00,50,2173050
20221107,10:17:14,41748.00,50,2173050
20221107,10:17:15,41743.05,25,2173050
20221107,10:17:17,41744.80,275,2173050
20221107,10:17:19,41741.00,50,2173050
20221107,10:17:20,41740.00,250,2173050
20221107,10:17:22,41738.00,75,2173050
20221107,10:17:24,41739.20,575,2173050
20221107,10:17:25,41736.00,50,2173050
20221107,10:17:27,41737.40,25,2173050
20221107,10:17:29,41740.00,150,2173050
20221107,10:17:30,41740.00,325,2173050
20221107,10:17:32,41740.00,75,2175050
20221107,10:17:34,41740.55,25,2175050
20221107,10:17:35,41735.70,225,2175050
20221107,10:17:37,41735.00,225,2175050
20221107,10:17:39,41740.50,150,2175050
20221107,10:17:40,41730.00,575,2175050
20221107,10:17:42,41730.00,250,2175050
20221107,10:17:44,41730.00,250,2175050
20221107,10:17:45,41730.00,350,2175050
20221107,10:17:47,41733.50,100,2175050
20221107,10:17:49,41733.80,250,2175050
20221107,10:17:50,41734.90,100,2175050
20221107,10:17:52,41734.90,25,2175050
20221107,10:17:54,41734.90,200,2175050
20221107,10:17:55,41738.75,350,2175050
20221107,10:17:57,41738.00,25,2175050
20221107,10:17:59,41740.40,100,2175050
20221107,10:18:00,41736.50,25,2175050
20221107,10:18:02,41735.80,100,2175050
20221107,10:18:04,41736.60,25,2175050
20221107,10:18:05,41737.10,2125,2175050
20221107,10:18:07,41737.00,25,2175050
20221107,10:18:08,41738.65,25,2175050
20221107,10:18:10,41739.90,50,2175050
20221107,10:18:12,41735.00,1075,2175050
20221107,10:18:15,41734.75,150,2175050
20221107,10:18:17,41740.00,100,2175050
20221107,10:18:18,41740.15,50,2175050
20221107,10:18:22,41740.25,175,2175050
20221107,10:18:23,41747.65,200,2175050
20221107,10:18:25,41746.10,75,2175050
20221107,10:18:30,41744.20,75,2175050
20221107,10:18:31,41749.00,125,2175050
20221107,10:18:33,41750.00,150,2175050
20221107,10:18:35,41755.00,75,2175050
20221107,10:18:36,41751.70,50,2175050
20221107,10:18:38,41754.65,125,2175050
20221107,10:18:40,41752.25,150,2175050
20221107,10:18:41,41752.05,50,2175050
20221107,10:18:43,41752.80,25,2175050
20221107,10:18:44,41755.75,75,2175050
20221107,10:18:46,41748.25,150,2175050
20221107,10:18:49,41749.95,75,2175050
20221107,10:18:51,41739.10,100,2175050
20221107,10:18:52,41742.75,50,2175050
20221107,10:18:54,41742.95,25,2175050
20221107,10:18:55,41745.15,25,2175050
20221107,10:18:57,41742.95,50,2175050
20221107,10:18:58,41742.95,50,2175050
20221107,10:19:00,41740.00,150,2175050
20221107,10:19:02,41739.10,175,2175050
20221107,10:19:03,41739.00,350,2175050
20221107,10:19:05,41739.90,75,2175050
20221107,10:19:06,41735.00,100,2175050
20221107,10:19:08,41735.05,50,2175050
20221107,10:19:09,41737.00,50,2175050
20221107,10:19:11,41739.55,25,2175050
20221107,10:19:12,41739.55,125,2175050
20221107,10:19:14,41740.30,75,2175050
20221107,10:19:17,41735.00,225,2175050
20221107,10:19:19,41735.05,75,2175050
20221107,10:19:20,41732.35,75,2175050
20221107,10:19:22,41735.05,25,2175050
20221107,10:19:26,41735.05,275,2175050
20221107,10:19:27,41739.55,550,2175050
20221107,10:19:30,41734.90,25,2175050
20221107,10:19:32,41734.75,50,2175050
20221107,10:19:34,41734.60,25,2175050
20221107,10:19:35,41735.65,50,2175050
20221107,10:19:37,41740.00,350,2175050
20221107,10:19:38,41736.00,75,2175050
20221107,10:19:40,41740.00,50,2175050
20221107,10:19:42,41739.55,25,2175050
20221107,10:19:43,41739.70,25,2175050
20221107,10:19:45,41738.35,25,2175050
20221107,10:19:47,41737.45,75,2175050
20221107,10:19:48,41738.15,100,2175050
20221107,10:19:50,41736.25,125,2175050
20221107,10:19:53,41737.65,100,2175050
20221107,10:19:55,41737.70,25,2175050
20221107,10:19:58,41743.25,225,2175050
20221107,10:20:00,41741.65,75,2175050
20221107,10:20:01,41736.15,25,2175050
20221107,10:20:04,41737.50,175,2175050
20221107,10:20:08,41734.00,400,2175050
20221107,10:20:11,41730.00,325,2175050
20221107,10:20:13,41731.95,50,2175050
20221107,10:20:14,41730.00,50,2175050
20221107,10:20:16,41732.00,25,2175050
20221107,10:20:18,41732.00,25,2175050
20221107,10:20:19,41730.00,200,2175050
20221107,10:20:21,41733.80,150,2175050
20221107,10:20:23,41734.25,25,2175050
20221107,10:20:24,41734.55,100,2175050
20221107,10:20:26,41735.10,25,2175050
20221107,10:20:28,41736.00,125,2175050
20221107,10:20:29,41735.40,25,2175050
20221107,10:20:33,41734.25,200,2174200
20221107,10:20:34,41734.10,100,2174200
20221107,10:20:38,41737.75,125,2174200
20221107,10:20:39,41734.45,25,2174200
20221107,10:20:43,41733.05,25,2174200
20221107,10:20:44,41732.90,75,2174200
20221107,10:20:46,41736.80,300,2174200
20221107,10:20:48,41737.65,50,2174200
20221107,10:20:49,41730.10,300,2174200
20221107,10:20:51,41729.15,1425,2174200
20221107,10:20:53,41725.05,500,2174200
20221107,10:20:54,41726.85,100,2174200
20221107,10:20:56,41728.70,300,2174200
20221107,10:20:57,41725.00,275,2174200
20221107,10:20:59,41723.05,400,2174200
20221107,10:21:01,41722.00,250,2174200
20221107,10:21:02,41717.85,2650,2174200
20221107,10:21:04,41720.85,550,2174200
20221107,10:21:06,41717.25,600,2174200
20221107,10:21:07,41719.05,350,2174200
20221107,10:21:09,41718.95,350,2174200
20221107,10:21:11,41722.85,250,2174200
20221107,10:21:12,41722.85,25,2174200
20221107,10:21:14,41722.95,100,2174200
20221107,10:21:16,41723.25,150,2174200
20221107,10:21:17,41727.00,150,2174200
20221107,10:21:19,41723.55,225,2174200
20221107,10:21:21,41727.00,500,2174200
20221107,10:21:22,41735.00,125,2174200
20221107,10:21:24,41728.75,50,2174200
20221107,10:21:26,41729.10,50,2174200
20221107,10:21:27,41730.90,25,2174200
20221107,10:21:29,41725.65,50,2174200
20221107,10:21:30,41726.95,75,2174200
20221107,10:21:32,41725.00,200,2174200
20221107,10:21:35,41727.90,75,2174200
20221107,10:21:37,41722.00,50,2174200
20221107,10:21:39,41722.00,25,2174200
20221107,10:21:41,41722.00,75,2174200
20221107,10:21:42,41721.00,50,2174200
20221107,10:21:44,41721.15,175,2174200
20221107,10:21:47,41726.50,650,2174200
20221107,10:21:49,41727.95,400,2174200
20221107,10:21:50,41727.00,25,2174200
20221107,10:21:54,41727.00,75,2174200
20221107,10:21:55,41726.00,100,2174200
20221107,10:21:57,41724.20,75,2174200
20221107,10:21:59,41725.40,50,2174200
20221107,10:22:00,41724.70,25,2174200
20221107,10:22:02,41728.65,250,2174200
20221107,10:22:03,41725.00,325,2174200
20221107,10:22:05,41729.95,325,2174200
20221107,10:22:07,41729.70,25,2174200
20221107,10:22:08,41730.00,175,2174200
20221107,10:22:10,41733.05,600,2174200
20221107,10:22:11,41733.10,25,2174200
20221107,10:22:13,41736.00,100,2174200
20221107,10:22:15,41735.00,50,2174200
20221107,10:22:16,41737.00,125,2174200
20221107,10:22:18,41738.00,25,2174200
20221107,10:22:20,41737.65,125,2174200
20221107,10:22:21,41738.00,150,2174200
20221107,10:22:23,41738.60,100,2174200
20221107,10:22:25,41745.00,1275,2174200
20221107,10:22:26,41742.05,200,2174200
20221107,10:22:28,41747.25,25,2174200
20221107,10:22:31,41748.75,250,2174200
20221107,10:22:33,41748.80,50,2174200
20221107,10:22:35,41748.70,50,2174200
20221107,10:22:38,41749.80,25,2174200
20221107,10:22:41,41749.65,325,2174200
20221107,10:22:43,41750.70,25,2174200
20221107,10:22:45,41748.30,950,2174200
20221107,10:22:46,41743.45,175,2174200
20221107,10:22:48,41749.55,50,2174200
20221107,10:22:49,41743.85,150,2174200
20221107,10:22:53,41745.20,50,2174200
20221107,10:22:54,41745.20,25,2174200
20221107,10:22:56,41749.80,50,2174200
20221107,10:22:58,41746.75,25,2174200
20221107,10:22:59,41748.50,50,2174200
20221107,10:23:01,41748.45,50,2174200
20221107,10:23:03,41748.45,75,2174200
20221107,10:23:04,41748.55,75,2174200
20221107,10:23:06,41749.85,25,2174200
20221107,10:23:09,41740.00,75,2174200
20221107,10:23:11,41738.00,1025,2174200
20221107,10:23:12,41739.05,125,2174200
20221107,10:23:14,41731.10,25,2174200
20221107,10:23:16,41737.05,50,2174200
20221107,10:23:17,41729.90,50,2174200
20221107,10:23:19,41735.60,25,2174200
20221107,10:23:20,41732.70,25,2174200
20221107,10:23:22,41736.70,50,2174200
20221107,10:23:24,41737.60,50,2174200
20221107,10:23:29,41740.90,100,2174200
20221107,10:23:30,41736.70,25,2174200
20221107,10:23:32,41736.70,875,2174200
20221107,10:23:34,41744.40,25,2174400
20221107,10:23:37,41738.75,300,2174400
20221107,10:23:40,41737.75,175,2174400
20221107,10:23:42,41744.65,250,2174400
20221107,10:23:43,41739.10,25,2174400
20221107,10:23:47,41741.80,100,2174400
20221107,10:23:48,41737.00,25,2174400
20221107,10:23:50,41736.70,25,2174400
20221107,10:23:55,41741.25,150,2174400
20221107,10:23:57,41741.95,125,2174400
20221107,10:23:58,41743.25,275,2174400
20221107,10:24:00,41741.95,125,2174400
20221107,10:24:01,41742.30,275,2174400
20221107,10:24:03,41741.85,725,2174400
20221107,10:24:06,41742.05,25,2174400
20221107,10:24:10,41745.35,150,2174400
20221107,10:24:11,41745.10,50,2174400
20221107,10:24:13,41747.50,325,2174400
20221107,10:24:15,41747.55,150,2174400
20221107,10:24:20,41742.00,75,2174400
20221107,10:24:21,41743.25,75,2174400
20221107,10:24:23,41742.00,525,2174400
20221107,10:24:25,41742.00,25,2174400
20221107,10:24:26,41743.15,25,2174400
20221107,10:24:28,41743.20,100,2174400
20221107,10:24:33,41743.15,50,2174400
20221107,10:24:36,41740.00,25,2174400
20221107,10:24:38,41746.35,50,2174400
20221107,10:24:41,41742.20,100,2174400
20221107,10:24:43,41745.00,25,2174400
20221107,10:24:45,41749.85,875,2174400
20221107,10:24:46,41748.75,150,2174400
20221107,10:24:48,41750.00,175,2174400
20221107,10:24:50,41756.00,375,2174400
20221107,10:24:51,41756.00,325,2174400
20221107,10:24:53,41753.10,50,2174400
20221107,10:24:55,41750.75,225,2174400
20221107,10:24:56,41755.95,200,2174400
20221107,10:25:00,41759.90,475,2174400
20221107,10:25:01,41759.90,250,2174400
20221107,10:25:03,41760.00,125,2174400
20221107,10:25:05,41760.00,50,2174400
20221107,10:25:06,41760.00,50,2174400
20221107,10:25:08,41763.00,25,2174400
20221107,10:25:10,41760.00,400,2174400
20221107,10:25:11,41760.00,75,2174400
20221107,10:25:13,41758.25,175,2174400
20221107,10:25:15,41758.10,25,2174400
20221107,10:25:16,41753.10,225,2174400
20221107,10:25:20,41754.95,125,2174400
20221107,10:25:21,41750.00,200,2174400
20221107,10:25:23,41755.00,25,2174400
20221107,10:25:25,41751.85,75,2174400
20221107,10:25:26,41752.40,100,2174400
20221107,10:25:28,41751.55,25,2174400
20221107,10:25:30,41750.75,100,2174400
20221107,10:25:31,41755.30,25,2174400
20221107,10:25:33,41751.90,100,2174400
20221107,10:25:34,41755.65,50,2174400
20221107,10:25:36,41751.15,125,2174400
20221107,10:25:38,41755.55,175,2174400
20221107,10:25:39,41758.00,175,2174400
20221107,10:25:41,41759.30,25,2174400
20221107,10:25:43,41758.95,75,2174400
20221107,10:25:44,41753.25,175,2174400
20221107,10:25:48,41754.20,100,2174400
20221107,10:25:49,41755.00,50,2174400
20221107,10:25:51,41757.40,100,2174400
20221107,10:25:52,41755.00,25,2174400
20221107,10:25:56,41750.00,75,2174400
20221107,10:25:57,41750.00,75,2174400
20221107,10:25:59,41751.90,200,2174400
20221107,10:26:02,41754.50,25,2174400
20221107,10:26:07,41750.00,125,2174400
20221107,10:26:09,41745.00,125,2174400
20221107,10:26:10,41749.45,25,2174400
20221107,10:26:14,41743.25,25,2174400
20221107,10:26:15,41743.25,50,2174400
20221107,10:26:22,41746.90,75,2174400
20221107,10:26:25,41746.90,50,2174400
20221107,10:26:28,41747.15,25,2174400
20221107,10:26:30,41745.15,325,2174400
20221107,10:26:31,41745.00,575,2174400
20221107,10:26:33,41745.00,25,2175400
20221107,10:26:35,41745.00,25,2175400
20221107,10:26:36,41745.00,75,2175400
20221107,10:26:38,41744.00,25,2175400
20221107,10:26:40,41744.00,800,2175400
20221107,10:26:43,41745.00,50,2175400
20221107,10:26:49,41745.00,750,2175400
20221107,10:26:51,41745.00,75,2175400
20221107,10:26:54,41742.55,50,2175400
20221107,10:26:57,41744.95,275,2175400
20221107,10:26:59,41746.90,25,2175400
20221107,10:27:01,41747.15,50,2175400
20221107,10:27:04,41746.90,50,2175400
20221107,10:27:05,41750.00,125,2175400
20221107,10:27:07,41748.00,25,2175400
20221107,10:27:09,41750.05,150,2175400
20221107,10:27:10,41755.00,100,2175400
20221107,10:27:12,41758.50,50,2175400
20221107,10:27:14,41757.35,25,2175400
20221107,10:27:15,41753.70,50,2175400
20221107,10:27:17,41758.55,25,2175400
20221107,10:27:19,41758.55,25,2175400
20221107,10:27:22,41759.90,150,2175400
20221107,10:27:23,41759.90,25,2175400
20221107,10:27:25,41759.40,175,2175400
20221107,10:27:27,41757.25,175,2175400
20221107,10:27:28,41756.00,50,2175400
20221107,10:27:30,41759.35,50,2175400
20221107,10:27:32,41757.25,25,2175400
20221107,10:27:33,41758.70,50,2175400
20221107,10:27:35,41759.35,900,2175400
20221107,10:27:37,41759.75,25,2175400
20221107,10:27:40,41759.00,50,2175400
20221107,10:27:42,41761.45,600,2175400
20221107,10:27:43,41764.00,100,2175400
20221107,10:27:45,41764.25,50,2175400
20221107,10:27:47,41764.90,175,2175400
20221107,10:27:48,41764.70,50,2175400
20221107,10:27:50,41759.20,75,2175400
20221107,10:27:52,41764.90,25,2175400
20221107,10:27:55,41761.90,375,2175400
