20221107,09:15:01,42000.00,1,29475
20221107,09:15:01,41999.95,125,29475
20221107,09:15:03,42065.65,50,29475
20221107,09:15:04,42077.05,25,29475
20221107,09:15:05,42078.05,100,29475
20221107,09:15:06,42061.05,375,29475
20221107,09:15:08,42034.20,150,29475
20221107,09:15:09,42012.80,25,29475
20221107,09:15:11,41980.35,125,29475
20221107,09:15:13,42040.35,500,29475
20221107,09:15:15,42034.20,25,29475
20221107,09:15:18,42019.55,50,29475
20221107,09:15:19,42040.30,25,29475
20221107,09:15:21,42040.35,25,29475
20221107,09:15:22,42040.00,75,29475
20221107,09:15:25,42065.65,25,29475
20221107,09:15:27,42064.15,125,29475
20221107,09:15:29,42064.10,25,29475
20221107,09:15:32,42069.20,25,29475
20221107,09:15:41,42100.00,75,29475
20221107,09:15:46,42108.10,50,29475
20221107,09:15:48,42119.25,25,29475
20221107,09:15:53,42134.75,25,29475
20221107,09:15:54,42141.65,75,29475
20221107,09:15:56,42154.90,25,29475
20221107,09:16:01,42162.50,25,29475
20221107,09:16:06,42162.50,75,29475
20221107,09:16:09,42161.95,50,29475
20221107,09:16:11,42152.35,50,29475
20221107,09:16:12,42162.50,225,29475
20221107,09:16:14,42160.45,50,29475
20221107,09:16:19,42190.00,50,29475
20221107,09:16:23,42190.00,25,29475
20221107,09:16:27,42186.75,100,29475
20221107,09:16:28,42179.70,25,29475
20221107,09:16:30,42183.90,50,29475
20221107,09:16:32,42190.00,50,29475
20221107,09:16:33,42180.05,75,29475
20221107,09:16:38,42180.00,25,29475
20221107,09:16:40,42180.00,50,29475
20221107,09:16:41,42180.00,25,29475
20221107,09:16:46,42180.00,50,29475
20221107,09:16:50,42160.45,25,29475
20221107,09:16:51,42156.10,225,29475
20221107,09:17:04,42129.30,50,29475
20221107,09:17:08,42144.50,25,29475
20221107,09:17:09,42160.00,75,29475
20221107,09:17:11,42161.25,50,29475
20221107,09:17:14,42141.80,25,29475
20221107,09:17:17,42143.60,175,28500
20221107,09:17:21,42155.70,25,28500
20221107,09:17:27,42150.00,75,28500
20221107,09:17:32,42137.95,25,28500
20221107,09:17:35,42150.00,75,28500
20221107,09:17:39,42158.30,25,28500
20221107,09:17:49,42138.40,100,28500
20221107,09:18:05,42148.25,100,28500
20221107,09:18:28,42127.60,25,28500
20221107,09:18:34,42137.10,75,28500
20221107,09:18:46,42128.05,225,28500
20221107,09:18:49,42139.95,25,28500
20221107,09:18:56,42139.00,25,28500
20221107,09:18:58,42140.00,25,28500
20221107,09:18:59,42139.95,75,28500
20221107,09:19:01,42137.00,25,28500
20221107,09:19:04,42137.45,25,28500
20221107,09:19:16,42150.00,225,28500
20221107,09:19:37,42142.75,100,28500
20221107,09:19:39,42140.00,25,28500
20221107,09:19:42,42143.25,25,28500
20221107,09:19:51,42140.10,100,28500
20221107,09:19:57,42142.75,25,28500
20221107,09:20:01,42150.00,25,28500
20221107,09:20:02,42154.00,25,28500
20221107,09:20:04,42157.05,50,28500
20221107,09:20:07,42160.00,25,28500
20221107,09:20:09,42161.00,125,28500
20221107,09:20:11,42165.00,250,28500
20221107,09:20:16,42164.80,50,28500
20221107,09:20:23,42150.00,25,27750
20221107,09:20:25,42144.90,150,27750
20221107,09:20:31,42142.60,25,27750
20221107,09:20:35,42146.05,75,27750
20221107,09:20:43,42142.60,25,27750
20221107,09:20:55,42146.05,25,27750
20221107,09:21:23,42146.05,50,27750
20221107,09:21:32,42150.00,50,27750
20221107,09:21:45,42146.05,25,27750
20221107,09:21:47,42142.65,25,27750
20221107,09:21:48,42150.00,50,27750
20221107,09:21:52,42146.80,25,27750
20221107,09:22:03,42150.70,25,27750
20221107,09:22:14,42154.50,25,27750
20221107,09:22:18,42147.80,25,27750
20221107,09:22:24,42143.00,25,27750
20221107,09:22:46,42143.60,25,27750
20221107,09:22:56,42135.35,75,27750
20221107,09:23:06,42120.00,25,27750
20221107,09:23:16,42107.80,50,27750
20221107,09:23:29,42131.45,25,27750
20221107,09:23:36,42119.50,50,27750
20221107,09:23:56,42139.30,125,27750
20221107,09:24:09,42128.50,75,27750
20221107,09:24:16,42125.40,50,27750
20221107,09:24:19,42120.00,25,27750
20221107,09:24:27,42125.00,25,27750
20221107,09:24:31,42122.85,50,27750
20221107,09:24:41,42120.00,25,27750
20221107,09:24:42,42118.15,50,27750
20221107,09:24:52,42118.00,25,27750
20221107,09:25:04,42105.00,175,27750
20221107,09:25:24,42105.00,25,27750
20221107,09:25:39,42100.10,50,27750
20221107,09:25:52,42100.05,50,27750
20221107,09:25:54,42100.00,25,27750
20221107,09:25:56,42105.00,125,27750
20221107,09:26:01,42100.65,75,27750
20221107,09:26:15,42106.35,50,27750
20221107,09:26:17,42108.00,50,27250
20221107,09:26:22,42115.00,75,27250
20221107,09:26:24,42115.00,50,27250
20221107,09:26:39,42115.00,25,27250
20221107,09:26:44,42115.00,25,27250
20221107,09:26:47,42120.00,75,27250
20221107,09:26:54,42127.20,75,27250
20221107,09:27:07,42125.15,25,27250
20221107,09:27:16,42139.95,25,27250
20221107,09:27:19,42134.00,25,27250
20221107,09:27:21,42140.00,25,27250
20221107,09:27:31,42130.00,25,27250
20221107,09:27:59,42150.00,125,27250
20221107,09:28:02,42146.60,25,27250
20221107,09:28:09,42160.00,75,27250
20221107,09:28:27,42150.00,50,27250
20221107,09:28:34,42150.00,50,27250
20221107,09:28:37,42150.00,25,27250
20221107,09:28:57,42137.20,25,27250
20221107,09:29:05,42136.00,25,27250
20221107,09:29:16,42150.00,25,27250
20221107,09:29:19,42151.20,25,26950
20221107,09:29:27,42150.00,25,26950
20221107,09:29:36,42140.50,25,26950
20221107,09:29:51,42154.90,25,26950
20221107,09:30:30,42149.90,175,26950
20221107,09:30:39,42141.10,75,26950
20221107,09:30:40,42138.15,25,26950
20221107,09:30:44,42134.35,25,26950
20221107,09:30:45,42127.90,25,26950
20221107,09:30:52,42135.90,25,26950
20221107,09:31:03,42125.00,25,26950
20221107,09:31:14,42131.10,25,26950
20221107,09:31:25,42142.35,75,26950
20221107,09:31:39,42150.00,25,26950
20221107,09:32:05,42144.25,25,26950
20221107,09:32:18,42150.00,50,26850
20221107,09:32:25,42150.00,25,26850
20221107,09:32:26,42150.00,25,26850
20221107,09:32:47,42153.55,25,26850
20221107,09:33:04,42140.00,50,26850
20221107,09:33:20,42140.00,150,26850
20221107,09:33:32,42140.00,25,26850
20221107,09:34:09,42142.40,25,26850
20221107,09:34:14,42140.00,50,26850
20221107,09:34:44,42120.00,50,26850
20221107,09:34:45,42120.00,75,26850
20221107,09:34:52,42107.20,25,26850
20221107,09:34:57,42110.00,500,26850
20221107,09:35:04,42100.00,50,26850
20221107,09:35:12,42100.00,25,26850
20221107,09:35:15,42095.00,375,26850
20221107,09:35:23,42115.30,25,25975
20221107,09:35:54,42094.25,50,25975
20221107,09:36:02,42090.35,100,25975
20221107,09:36:12,42100.00,25,25975
20221107,09:36:17,42101.55,75,25975
20221107,09:36:18,42115.00,25,25975
20221107,09:36:28,42126.00,25,25975
20221107,09:36:33,42127.15,25,25975
20221107,09:36:40,42122.00,150,25975
20221107,09:36:45,42122.00,25,25975
20221107,09:37:02,42122.00,25,25975
20221107,09:37:37,42116.70,25,25975
20221107,09:37:40,42122.00,50,25975
20221107,09:37:50,42125.00,25,25975
20221107,09:38:42,42112.25,25,25700
20221107,09:39:00,42095.00,50,25700
20221107,09:39:05,42095.85,25,25700
20221107,09:39:40,42095.15,25,25700
20221107,09:40:22,42107.75,100,25700
20221107,09:41:13,42093.30,375,25700
20221107,09:41:33,42110.00,25,25725
20221107,09:41:43,42108.65,25,25725
20221107,09:41:56,42120.00,25,25725
20221107,09:42:07,42122.65,25,25725
20221107,09:42:23,42130.00,25,25725
20221107,09:43:08,42118.45,100,25725
20221107,09:43:33,42099.45,25,25725
20221107,09:43:38,42109.60,25,25725
20221107,09:43:57,42099.20,75,25725
20221107,09:44:18,42106.40,25,25725
20221107,09:44:33,42110.40,25,25675
20221107,09:44:58,42104.05,25,25675
20221107,09:45:16,42100.00,50,25675
20221107,09:45:38,42100.00,50,25675
20221107,09:45:59,42093.30,50,25675
20221107,09:46:24,42093.30,25,25675
20221107,09:46:56,42094.75,125,25675
20221107,09:47:49,42090.00,25,25600
20221107,09:48:11,42090.00,75,25600
20221107,09:48:15,42090.55,25,25600
20221107,09:48:40,42083.55,25,25600
20221107,09:48:55,42090.00,75,25600
20221107,09:49:10,42090.00,25,25600
20221107,09:49:18,42089.70,25,25600
20221107,09:50:03,42090.00,25,25600
20221107,09:50:08,42090.00,25,25600
20221107,09:50:18,42076.90,125,25600
20221107,09:51:57,42070.00,25,25625
20221107,09:52:08,42072.50,25,25625
20221107,09:52:17,42068.15,25,25625
20221107,09:52:38,42082.95,25,25625
20221107,09:52:41,42073.50,50,25625
20221107,09:53:07,42071.60,25,25625
20221107,09:53:18,42080.00,25,25625
20221107,09:53:29,42080.00,25,25575
20221107,09:53:30,42083.00,25,25575
20221107,09:53:43,42085.55,25,25575
20221107,09:54:30,42092.35,25,25575
20221107,09:54:32,42086.60,200,25575
20221107,09:54:33,42086.60,50,25575
20221107,09:55:11,42070.05,25,25575
20221107,09:55:33,42080.00,25,25575
20221107,09:55:46,42080.00,25,25575
20221107,09:56:54,42100.00,25,25750
20221107,09:57:08,42120.00,25,25750
20221107,09:57:51,42100.00,900,25750
20221107,09:58:28,42097.35,100,25750
20221107,10:00:30,42100.00,25,26450
20221107,10:00:51,42120.00,25,26450
20221107,10:01:08,42124.00,25,26450
20221107,10:01:26,42126.95,100,26450
20221107,10:01:39,42130.00,25,26450
20221107,10:01:49,42126.95,25,26450
20221107,10:01:51,42126.95,125,26450
20221107,10:01:53,42126.95,100,26450
20221107,10:01:58,42110.00,25,26450
20221107,10:02:26,42117.90,25,26675
20221107,10:03:41,42119.70,25,26675
20221107,10:04:21,42112.55,50,26675
20221107,10:04:43,42116.00,25,26675
20221107,10:05:05,42120.00,25,26675
20221107,10:05:50,42126.15,100,26725
20221107,10:06:19,42131.55,25,26725
20221107,10:06:50,42123.85,25,26725
20221107,10:07:12,42125.10,25,26725
20221107,10:07:13,42123.50,25,26725
20221107,10:08:27,42123.50,25,26775
20221107,10:10:31,42101.00,25,26775
20221107,10:10:32,42100.00,25,26775
20221107,10:10:47,42097.00,25,26775
20221107,10:12:17,42085.10,25,26775
20221107,10:13:11,42085.10,25,26775
20221107,10:13:16,42085.00,25,26775
20221107,10:13:51,42080.00,25,26775
20221107,10:14:01,42080.00,75,26775
20221107,10:14:07,42075.00,25,26775
20221107,10:14:19,42070.00,50,26775
20221107,10:14:25,42070.00,25,26825
20221107,10:14:32,42079.25,75,26825
20221107,10:14:38,42079.25,25,26825
20221107,10:15:00,42068.00,25,26825
20221107,10:16:07,42074.90,25,26825
20221107,10:16:50,42070.15,25,26825
20221107,10:17:19,42070.15,50,26825
20221107,10:17:21,42070.15,200,26825
20221107,10:17:39,42067.95,50,26825
20221107,10:19:58,42060.00,25,27100
20221107,10:20:06,42066.50,200,27100
20221107,10:21:03,42050.00,75,27275
20221107,10:21:15,42060.60,50,27275
20221107,10:24:32,42075.30,50,27400
20221107,10:24:55,42076.05,25,27400
20221107,10:26:11,42078.00,25,27400
20221107,10:26:24,42075.05,25,27400
20221107,10:26:27,42078.00,25,27400
20221107,10:27:08,42080.00,25,27450
20221107,10:28:04,42092.00,25,27450
20221107,10:28:17,42092.00,25,27450
20221107,10:29:31,42090.00,25,27450
20221107,10:30:16,42080.80,25,27450
20221107,10:31:25,42091.55,25,27450
20221107,10:31:27,42091.55,250,27450
20221107,10:31:28,42091.55,100,27450
20221107,10:32:47,42083.40,25,27575
20221107,10:33:24,42080.00,50,27575
20221107,10:34:44,42069.55,25,27575
20221107,10:35:19,42065.00,25,27575
20221107,10:35:38,42063.95,25,27625
20221107,10:36:34,42078.70,100,27625
20221107,10:36:35,42078.70,25,27625
20221107,10:36:45,42078.70,150,27625
20221107,10:38:31,42074.25,50,27825
20221107,10:38:32,42075.70,25,27825
20221107,10:39:07,42068.90,25,27825
20221107,10:41:40,42060.00,50,27850
20221107,10:43:00,42060.00,25,27850
20221107,10:43:13,42060.00,25,27850
20221107,10:44:02,42050.00,50,27850
20221107,10:44:06,42045.00,250,27850
20221107,10:44:14,42045.00,25,27850
20221107,10:45:28,42032.55,25,28000
20221107,10:45:31,42031.50,50,28000
20221107,10:45:44,42035.90,50,28000
20221107,10:45:46,42030.00,50,28000
20221107,10:45:51,41980.00,1450,28000
20221107,10:46:18,41980.00,100,28000
20221107,10:46:31,41992.60,125,28000
20221107,10:46:38,41990.80,25,28000
20221107,10:47:01,42001.85,100,28000
20221107,10:47:14,42001.85,25,28000
20221107,10:49:16,41999.30,25,28625
20221107,10:49:21,41990.45,50,28625
20221107,10:50:21,41985.00,50,28625
20221107,10:50:31,41980.00,25,28575
20221107,10:50:41,41975.00,25,28575
20221107,10:50:53,41975.00,25,28575
20221107,10:50:54,41970.15,25,28575
20221107,10:51:03,41970.00,25,28575
20221107,10:51:34,41968.80,25,28575
20221107,10:51:56,41968.80,25,28575
20221107,10:52:01,41968.80,25,28575
20221107,10:52:17,41965.00,25,28575
20221107,10:52:41,41965.00,25,28575
20221107,10:53:41,41965.00,25,28575
20221107,10:54:55,41974.75,25,28575
20221107,10:57:06,41970.00,25,28575
20221107,10:57:07,41965.00,225,28575
20221107,10:57:09,41965.00,100,28575
20221107,10:57:23,41969.70,50,28575
20221107,10:57:33,41970.00,25,28575
20221107,10:57:37,41971.35,500,28575
20221107,10:57:46,41965.00,25,28575
20221107,10:58:27,41954.75,125,28575
20221107,10:58:28,41954.75,25,28575
20221107,10:58:48,41950.00,25,28575
20221107,10:59:10,41938.20,25,28575
20221107,10:59:14,41930.00,25,28575
20221107,11:00:01,41930.00,25,29550
20221107,11:00:16,41920.00,25,29550
20221107,11:00:18,41919.00,50,29550
20221107,11:00:34,41919.00,25,29550
20221107,11:01:29,41950.00,25,29550
20221107,11:02:29,41960.95,25,29550
20221107,11:03:09,41960.95,25,29600
20221107,11:04:41,41957.05,25,29600
20221107,11:05:02,41971.10,100,29600
20221107,11:05:16,41961.45,25,29600
20221107,11:07:01,41972.00,25,29675
20221107,11:07:43,41970.00,50,29675
20221107,11:08:58,41957.50,25,29750
20221107,11:09:02,41954.80,50,29750
20221107,11:09:18,41956.50,25,29750
20221107,11:09:33,41954.60,25,29750
20221107,11:10:41,41950.00,75,29750
20221107,11:10:43,41950.00,100,29750
20221107,11:10:44,41950.00,50,29750
20221107,11:10:58,41939.70,25,29750
20221107,11:11:22,41942.45,25,29750
20221107,11:12:14,41930.00,50,30000
20221107,11:12:17,41919.00,25,30000
20221107,11:12:42,41920.45,50,30000
20221107,11:14:33,41957.55,50,30075
20221107,11:14:52,41962.65,25,30075
20221107,11:17:16,41972.55,50,30075
20221107,11:17:21,41975.85,50,30075
20221107,11:18:18,41970.00,25,30125
20221107,11:18:26,41969.25,25,30125
20221107,11:18:46,41962.65,25,30125
20221107,11:18:47,41963.05,25,30125
20221107,11:18:49,41962.65,75,30125
20221107,11:18:54,41962.65,75,30125
20221107,11:18:57,41962.65,25,30125
20221107,11:19:13,41962.65,50,30125
20221107,11:19:14,41958.80,25,30125
20221107,11:20:24,41957.50,50,30125
20221107,11:21:02,41940.40,25,30450
20221107,11:23:25,41940.00,25,30450
20221107,11:23:27,41940.40,25,30450
20221107,11:23:56,41940.45,50,30525
20221107,11:24:16,41940.45,25,30525
20221107,11:24:22,41940.40,25,30525
20221107,11:24:24,41940.45,25,30525
20221107,11:24:25,41940.40,75,30525
20221107,11:24:35,41940.40,25,30525
20221107,11:24:39,41940.40,50,30525
20221107,11:24:55,41940.40,50,30525
20221107,11:24:58,41940.00,50,30525
20221107,11:25:57,41940.00,25,30525
20221107,11:26:26,41940.00,25,30525
20221107,11:28:46,41935.70,25,30775
20221107,11:29:01,41930.00,50,30775
20221107,11:29:13,41912.00,75,30775
20221107,11:29:14,41912.00,75,30775
20221107,11:29:16,41912.00,75,30775
20221107,11:30:49,41912.00,25,30775
20221107,11:31:06,41913.00,25,30775
20221107,11:31:24,41932.90,50,30775
20221107,11:34:03,41934.75,25,30800
20221107,11:34:41,41938.90,100,30800
20221107,11:34:43,41937.20,100,30800
20221107,11:34:51,41939.35,150,30800
20221107,11:34:53,41939.35,25,30800
20221107,11:34:56,41939.35,25,30800
20221107,11:36:38,41967.85,25,30975
20221107,11:37:32,41960.10,25,30975
20221107,11:40:40,41950.00,25,30950
20221107,11:40:43,41950.00,25,30950
20221107,11:40:58,41950.00,25,30950
20221107,11:41:24,41932.90,75,30950
20221107,11:43:40,41932.90,25,31075
20221107,11:44:38,41938.00,25,31075
20221107,11:47:08,41940.00,25,31125
20221107,11:51:25,41968.40,25,31100
20221107,11:51:33,41968.00,25,31100
20221107,11:51:45,41976.85,300,31100
20221107,11:52:11,41978.15,300,31100
20221107,11:53:46,41971.95,25,31100
20221107,11:55:09,41968.95,25,31525
20221107,11:55:15,41969.85,50,31525
20221107,11:56:03,41969.80,25,31525
20221107,11:56:55,41955.00,25,31625
20221107,11:59:59,41960.40,25,31625
20221107,12:00:14,41955.50,25,31650
20221107,12:00:22,41942.20,25,31650
20221107,12:01:03,41944.95,50,31650
20221107,12:01:08,41942.00,25,31650
20221107,12:01:13,41940.00,25,31650
20221107,12:02:14,41943.05,50,31650
20221107,12:02:37,41943.05,25,31650
20221107,12:08:04,41965.00,25,31650
20221107,12:08:07,41965.00,25,31650
20221107,12:10:25,41964.10,25,31700
20221107,12:12:52,41951.65,25,31700
20221107,12:13:15,41955.00,25,31700
20221107,12:13:16,41950.05,25,31700
20221107,12:13:28,41951.10,25,31700
20221107,12:15:01,41960.00,25,31750
20221107,12:16:35,41960.00,25,31750
20221107,12:16:58,41973.65,25,31750
20221107,12:17:47,41982.45,25,31750
20221107,12:17:53,41983.00,25,31750
20221107,12:18:03,41981.40,25,31750
20221107,12:18:16,41981.65,25,31750
20221107,12:18:40,41968.65,25,31750
20221107,12:18:46,41964.55,25,31750
20221107,12:18:51,41956.55,25,31750
20221107,12:21:34,41975.00,25,31750
20221107,12:23:32,41978.40,500,31750
20221107,12:26:46,41993.95,25,32250
20221107,12:27:04,41978.45,500,32250
20221107,12:31:13,41978.00,150,31850
20221107,12:33:11,41968.05,50,31925
20221107,12:33:19,41964.00,25,31925
20221107,12:33:37,41960.00,50,31925
20221107,12:34:12,41950.00,25,31925
20221107,12:34:21,41934.85,50,31925
20221107,12:38:45,41934.85,25,32075
20221107,12:38:49,41934.85,25,32100
20221107,12:38:50,41934.85,200,32100
20221107,12:39:40,41925.00,25,32100
20221107,12:42:58,41936.00,25,32350
20221107,12:47:13,41950.00,25,32350
20221107,12:50:45,41965.80,75,32375
20221107,12:51:39,41961.40,25,32450
20221107,12:51:56,41969.05,25,32450
20221107,12:52:25,41969.85,75,32450
20221107,12:53:15,41959.90,75,32450
20221107,12:55:50,41959.90,25,32450
20221107,12:56:21,41970.00,25,32450
20221107,13:01:20,41990.00,25,32425
20221107,13:01:23,41994.00,25,32425
20221107,13:03:30,41958.50,25,32450
20221107,13:05:17,41950.00,25,32450
20221107,13:06:46,41956.55,25,32450
20221107,13:09:02,41970.00,100,32425
20221107,13:09:34,41965.00,75,32425
20221107,13:09:52,41956.00,50,32425
20221107,13:11:44,41971.10,100,32425
20221107,13:14:29,41970.00,25,32425
20221107,13:14:39,41975.00,25,32575
20221107,13:16:38,41955.80,25,32575
20221107,13:17:32,41960.00,75,32575
20221107,13:17:37,41960.00,50,32575
20221107,13:21:10,41959.95,25,32525
20221107,13:22:17,41959.95,25,32525
20221107,13:23:45,41945.00,25,32525
20221107,13:24:10,41933.65,75,32525
20221107,13:24:48,41919.90,175,32525
20221107,13:24:53,41910.00,25,32525
20221107,13:24:56,41910.00,25,32525
20221107,13:25:01,41900.05,325,32525
20221107,13:25:02,41900.00,75,32525
20221107,13:25:04,41900.00,50,32525
20221107,13:25:06,41900.00,50,32525
20221107,13:26:13,41900.00,25,32525
20221107,13:26:46,41917.85,25,32525
20221107,13:27:32,41900.00,50,33050
20221107,13:27:45,41895.00,25,33050
20221107,13:27:49,41890.90,125,33050
20221107,13:27:50,41890.90,125,33050
20221107,13:28:01,41884.00,25,33050
20221107,13:28:08,41880.00,25,33050
20221107,13:28:10,41874.00,25,33050
20221107,13:28:15,41868.65,25,33050
20221107,13:28:23,41868.65,25,33050
20221107,13:29:32,41880.00,25,33050
20221107,13:30:00,41875.00,50,33375
20221107,13:30:23,41884.75,75,33375
20221107,13:30:38,41878.95,25,33375
20221107,13:31:03,41860.00,25,33375
20221107,13:31:12,41850.00,125,33375
20221107,13:31:48,41850.00,25,33375
20221107,13:32:38,41850.00,100,33375
20221107,13:33:22,41850.00,25,33375
20221107,13:33:31,41850.00,50,33650
20221107,13:34:35,41883.40,75,33650
20221107,13:34:40,41883.40,25,33650
20221107,13:35:08,41887.90,25,33650
20221107,13:35:20,41869.05,25,33650
20221107,13:35:38,41887.80,25,33650
20221107,13:37:43,41900.00,25,33650
20221107,13:38:35,41893.85,25,33650
20221107,13:39:19,41880.60,25,33675
20221107,13:40:11,41880.60,50,33675
20221107,13:42:39,41895.00,700,33700
20221107,13:42:40,41895.00,200,33700
20221107,13:42:50,41897.05,100,33700
20221107,13:45:19,41888.80,100,33675
20221107,13:45:24,41888.75,50,33675
20221107,13:45:41,41893.75,50,33675
20221107,13:46:00,41893.75,25,33675
20221107,13:46:44,41900.00,50,33675
20221107,13:46:49,41893.80,25,33675
20221107,13:46:58,41900.00,200,33675
20221107,13:49:50,41908.00,25,33675
20221107,13:50:35,41905.00,25,33675
20221107,13:50:38,41900.00,25,33675
20221107,13:50:57,41893.75,25,33675
20221107,13:54:19,41890.50,25,33650
20221107,13:59:30,41926.20,25,33625
20221107,14:00:10,41926.20,25,33650
20221107,14:02:08,41950.00,25,33650
20221107,14:02:48,41960.00,250,33650
20221107,14:03:28,41964.45,25,33650
20221107,14:04:09,41960.00,25,33550
20221107,14:05:02,41970.00,25,33550
20221107,14:07:07,41956.00,25,33600
20221107,14:07:35,41956.00,25,33600
20221107,14:09:08,41975.00,50,33575
20221107,14:09:33,41967.65,25,33575
20221107,14:10:13,41967.65,25,33575
20221107,14:11:03,41980.00,25,33575
20221107,14:12:17,41980.00,25,33575
20221107,14:12:58,41971.10,25,33575
20221107,14:13:53,41969.75,25,33575
20221107,14:14:13,41960.00,25,33575
20221107,14:14:32,41971.10,25,33575
20221107,14:15:05,41980.00,25,33625
20221107,14:15:06,41980.00,75,33625
20221107,14:17:59,41980.25,25,33625
20221107,14:18:04,41989.70,25,33675
20221107,14:19:04,41992.00,50,33675
20221107,14:19:05,41998.00,25,33675
20221107,14:19:13,41998.00,25,33675
20221107,14:20:09,41990.00,50,33675
20221107,14:20:25,41990.00,25,33675
20221107,14:23:55,41998.45,50,33725
20221107,14:23:57,42006.00,275,33725
20221107,14:24:46,42014.00,25,33825
20221107,14:25:04,42019.95,125,33825
20221107,14:25:05,42020.00,275,33825
20221107,14:25:07,42025.00,25,33825
20221107,14:25:31,42034.00,25,33825
20221107,14:26:12,42004.05,25,33825
20221107,14:27:41,42030.00,50,33425
20221107,14:28:21,42020.70,25,33425
20221107,14:28:56,42030.00,25,33425
20221107,14:29:03,42034.00,25,33425
20221107,14:29:28,42031.55,25,33425
20221107,14:30:04,42031.00,500,33400
20221107,14:30:43,42029.60,25,33400
20221107,14:30:53,42014.65,25,33400
20221107,14:31:12,42024.30,50,33400
20221107,14:31:47,42028.40,25,33400
20221107,14:31:52,42028.40,25,33400
20221107,14:32:43,42035.00,25,33400
20221107,14:32:44,42040.00,75,33400
20221107,14:32:46,42048.00,25,33400
20221107,14:32:48,42050.00,75,33400
20221107,14:32:53,42054.00,25,33400
20221107,14:32:58,42059.95,25,33400
20221107,14:33:01,42060.00,25,33400
20221107,14:33:03,42060.00,100,33400
20221107,14:33:04,42069.00,50,32825
20221107,14:34:29,42069.00,25,32825
20221107,14:35:01,42069.00,25,32825
20221107,14:35:03,42070.00,75,32825
20221107,14:35:04,42070.00,25,32825
20221107,14:35:06,42080.00,325,32825
20221107,14:35:08,42080.00,75,32825
20221107,14:35:13,42080.00,100,32825
20221107,14:35:16,42075.00,50,32825
20221107,14:35:28,42060.50,50,32825
20221107,14:36:29,42053.20,25,33125
20221107,14:36:39,42053.20,25,33125
20221107,14:36:41,42053.20,25,33125
20221107,14:37:01,42050.20,450,33125
20221107,14:37:51,42062.60,25,33125
20221107,14:37:53,42070.00,25,33125
20221107,14:37:56,42070.00,500,33125
20221107,14:38:03,42080.00,25,33125
20221107,14:38:06,42080.00,75,33125
20221107,14:38:33,42079.85,25,33125
20221107,14:38:39,42079.95,50,33125
20221107,14:38:41,42080.00,325,33125
20221107,14:39:26,42079.35,25,32025
20221107,14:39:31,42079.35,25,32025
20221107,14:40:30,42075.00,25,32025
20221107,14:40:31,42065.35,25,32025
20221107,14:41:09,42065.05,25,32025
20221107,14:41:47,42043.35,25,32025
20221107,14:41:48,42054.20,25,32025
20221107,14:42:10,42060.00,25,32025
20221107,14:42:13,42062.00,25,32025
20221107,14:42:15,42062.15,25,32025
20221107,14:42:35,42075.00,25,32025
20221107,14:43:19,42079.45,25,32025
20221107,14:44:54,42078.95,25,32025
20221107,14:45:06,42079.45,100,32050
20221107,14:45:09,42080.00,50,32050
20221107,14:45:12,42084.00,25,32050
20221107,14:45:29,42090.00,25,32050
20221107,14:47:22,42080.00,25,32050
20221107,14:48:14,42089.85,25,31900
20221107,14:49:59,42080.00,25,31900
20221107,14:50:35,42085.00,25,31900
20221107,14:50:43,42089.00,25,31900
20221107,14:50:45,42089.00,150,31900
20221107,14:50:46,42090.00,125,31900
20221107,14:50:51,42094.00,25,31900
20221107,14:51:03,42094.00,50,31900
20221107,14:51:18,42094.00,25,31550
20221107,14:51:54,42080.00,1000,31550
20221107,14:53:09,42084.00,25,31550
20221107,14:53:11,42079.45,25,31550
20221107,14:54:26,42079.45,50,30800
20221107,14:54:33,42075.00,100,30800
20221107,14:56:12,42070.00,50,30800
20221107,14:56:19,42070.65,25,30800
20221107,14:56:52,42042.15,25,30800
20221107,14:57:26,42046.65,25,30825
20221107,14:58:36,42055.65,25,30825
20221107,14:59:52,42082.15,75,30825
20221107,14:59:54,42080.15,25,30825
20221107,14:59:57,42080.15,75,30825
20221107,15:00:20,42080.15,25,30850
20221107,15:00:34,42098.00,50,30850
20221107,15:00:35,42100.00,50,30850
20221107,15:00:37,42100.00,125,30850
20221107,15:00:42,42106.00,25,30850
20221107,15:00:52,42110.00,25,30850
20221107,15:00:59,42110.00,25,30850
20221107,15:01:04,42110.00,50,30850
20221107,15:01:07,42110.00,150,30850
20221107,15:01:09,42107.50,25,30850
20221107,15:01:14,42107.50,250,30850
20221107,15:01:15,42120.00,50,30850
20221107,15:01:32,42123.50,500,30850
20221107,15:03:06,42135.00,25,30850
20221107,15:03:18,42135.70,25,29800
20221107,15:03:41,42135.70,25,29800
20221107,15:03:59,42135.70,25,29800
20221107,15:04:01,42135.05,25,29800
20221107,15:04:02,42139.90,25,29800
20221107,15:04:10,42139.95,25,29800
20221107,15:04:47,42130.00,125,29800
20221107,15:04:49,42130.00,225,29800
20221107,15:04:50,42130.00,25,29800
20221107,15:04:54,42130.00,125,29800
20221107,15:04:57,42131.15,25,29800
20221107,15:05:15,42136.15,25,29800
20221107,15:05:40,42136.15,50,29800
20221107,15:05:45,42140.00,100,29800
20221107,15:06:04,42140.00,50,29800
20221107,15:06:05,42140.00,25,29800
20221107,15:06:43,42148.00,50,29625
20221107,15:07:02,42150.00,125,29625
20221107,15:07:03,42150.00,25,29625
20221107,15:07:10,42150.00,50,29625
20221107,15:07:18,42149.85,50,29625
20221107,15:07:26,42149.95,75,29625
20221107,15:07:30,42141.00,25,29625
20221107,15:07:43,42141.00,75,29625
20221107,15:08:18,42134.00,25,29625
20221107,15:08:29,42134.00,150,29625
20221107,15:08:42,42141.00,25,29625
20221107,15:09:39,42132.00,25,29725
20221107,15:10:14,42149.90,25,29725
20221107,15:10:31,42150.00,25,29725
20221107,15:10:36,42150.00,25,29725
20221107,15:10:38,42150.75,250,29725
20221107,15:11:29,42150.00,50,29725
20221107,15:12:16,42147.50,25,29875
20221107,15:12:27,42150.00,25,29875
20221107,15:13:10,42142.40,25,29875
20221107,15:13:46,42148.85,275,29875
20221107,15:13:51,42150.75,75,29875
20221107,15:14:05,42155.00,50,29875
20221107,15:14:08,42156.65,100,29875
20221107,15:14:10,42151.00,25,29875
20221107,15:14:16,42155.00,25,29875
20221107,15:14:59,42160.00,25,29875
20221107,15:15:02,42160.00,50,29875
20221107,15:15:30,42160.00,25,29575
20221107,15:15:50,42155.05,50,29575
20221107,15:16:03,42156.00,25,29575
20221107,15:16:11,42155.00,25,29575
20221107,15:16:18,42154.35,50,29575
20221107,15:17:15,42155.00,75,29575
20221107,15:17:39,42150.00,25,29575
20221107,15:17:43,42147.70,25,29575
20221107,15:17:46,42145.60,50,29575
20221107,15:17:51,42145.65,75,29575
20221107,15:19:06,42149.85,25,29500
20221107,15:19:09,42158.90,25,29500
20221107,15:19:22,42159.00,25,29500
20221107,15:19:34,42159.90,25,29500
20221107,15:19:35,42160.00,75,29500
20221107,15:19:42,42165.00,50,29500
20221107,15:19:44,42165.00,50,29500
20221107,15:19:57,42170.00,25,29500
20221107,15:20:07,42175.00,25,29500
20221107,15:20:45,42180.00,75,29500
20221107,15:20:47,42180.00,25,29500
20221107,15:20:49,42181.00,125,29500
20221107,15:21:10,42184.95,25,29500
20221107,15:21:22,42187.15,200,29275
20221107,15:21:46,42184.20,25,29275
20221107,15:21:48,42182.15,25,29275
20221107,15:21:49,42187.15,100,29275
20221107,15:22:01,42187.35,50,29275
20221107,15:22:02,42187.35,200,29275
20221107,15:22:07,42187.15,25,29275
20221107,15:22:09,42187.35,50,29275
20221107,15:22:14,42185.45,25,29275
20221107,15:22:22,42190.00,125,29275
20221107,15:22:26,42190.00,50,29275
20221107,15:22:39,42196.00,50,29275
20221107,15:22:47,42200.00,100,29275
20221107,15:22:59,42200.00,50,29275
20221107,15:23:00,42200.00,100,29275
20221107,15:23:02,42200.00,250,29275
20221107,15:23:03,42200.00,150,29275
20221107,15:23:05,42209.45,125,29275
20221107,15:23:07,42211.90,225,29275
20221107,15:23:12,42211.90,25,29275
20221107,15:23:13,42205.35,25,29275
20221107,15:23:20,42215.00,50,29275
20221107,15:23:22,42215.00,25,29275
20221107,15:23:25,42219.45,25,29275
20221107,15:23:31,42219.45,50,29275
20221107,15:23:33,42219.60,25,29275
20221107,15:23:38,42219.60,75,29275
20221107,15:23:41,42210.00,500,29275
20221107,15:23:58,42212.00,25,29275
20221107,15:24:09,42212.00,25,29275
20221107,15:24:11,42215.00,25,29025
20221107,15:24:12,42213.70,25,29025
20221107,15:24:22,42210.40,250,29025
20221107,15:24:24,42213.70,25,29025
20221107,15:24:32,42219.85,50,29025
20221107,15:24:44,42219.80,50,29025
20221107,15:24:45,42219.80,75,29025
20221107,15:24:58,42220.00,75,29025
20221107,15:25:00,42222.10,50,29025
20221107,15:25:03,42223.85,75,29025
20221107,15:25:05,42223.85,25,29025
20221107,15:25:11,42222.80,100,29025
20221107,15:25:19,42224.10,75,29025
20221107,15:25:26,42224.65,100,29025
20221107,15:25:28,42224.65,25,29025
20221107,15:25:31,42215.05,25,29025
20221107,15:25:36,42224.55,100,29025
20221107,15:25:39,42215.05,25,29025
20221107,15:25:42,42223.95,50,29025
20221107,15:25:52,42225.00,75,29025
20221107,15:25:54,42225.00,25,29025
20221107,15:25:57,42225.00,100,29025
20221107,15:26:05,42225.00,100,29025
20221107,15:26:07,42228.55,75,29025
20221107,15:26:24,42235.75,125,29025
20221107,15:26:25,42235.75,25,29025
20221107,15:26:40,42229.50,75,29025
20221107,15:26:47,42229.00,25,29025
20221107,15:26:56,42223.00,25,29025
20221107,15:26:58,42231.05,75,29025
20221107,15:27:03,42223.00,25,29025
20221107,15:27:16,42229.20,75,29575
20221107,15:27:33,42229.10,75,29575
20221107,15:27:48,42230.00,75,29575
20221107,15:27:56,42220.50,100,29575
20221107,15:28:04,42228.40,75,29575
20221107,15:28:15,42225.00,25,29575
20221107,15:28:23,42227.95,50,29575
20221107,15:28:25,42215.70,25,29575
20221107,15:28:31,42215.95,25,29575
20221107,15:28:33,42218.45,25,29575
20221107,15:28:35,42228.15,50,29575
20221107,15:28:50,42228.10,50,29575
20221107,15:29:10,42220.95,25,29575
20221107,15:29:11,42224.90,25,29575
20221107,15:29:15,42224.25,25,29575
20221107,15:29:25,42227.50,150,29575
20221107,15:29:29,42220.65,75,29575
20221107,15:29:38,42224.00,25,29575
20221107,15:29:44,42224.00,25,29575
20221107,15:29:46,42228.00,50,29575
20221107,15:29:49,42226.90,25,29575
20221107,15:29:54,42229.00,50,29575
20221107,15:29:57,42225.00,25,29575
