20221107,09:15:00,41784.00,1,311150
20221107,09:15:00,41783.95,75,311150
20221107,09:15:01,41924.70,25,311150
20221107,09:15:02,41930.05,25,311150
20221107,09:15:03,41940.85,50,311150
20221107,09:15:05,41964.45,75,311150
20221107,09:15:06,41964.45,2075,311150
20221107,09:15:07,41922.35,25,311150
20221107,09:15:08,41894.90,500,311150
20221107,09:15:09,41850.80,425,311150
20221107,09:15:11,41845.05,175,311150
20221107,09:15:12,41854.05,50,311150
20221107,09:15:13,41851.75,125,311150
20221107,09:15:14,41858.70,75,311150
20221107,09:15:16,41877.05,100,311150
20221107,09:15:19,41873.15,150,311150
20221107,09:15:20,41878.00,25,311150
20221107,09:15:21,41900.00,125,311150
20221107,09:15:23,41903.60,225,311150
20221107,09:15:26,41917.95,125,311150
20221107,09:15:28,41927.50,150,311150
20221107,09:15:29,41933.05,200,311150
20221107,09:15:31,41929.05,50,311150
20221107,09:15:32,41934.15,50,311150
20221107,09:15:34,41934.90,150,311150
20221107,09:15:36,41944.10,175,311150
20221107,09:15:37,41951.15,650,311150
20221107,09:15:39,41950.00,50,311150
20221107,09:15:40,41965.00,550,311150
20221107,09:15:42,41961.85,125,311150
20221107,09:15:44,41965.85,125,311150
20221107,09:15:45,41981.95,300,311150
20221107,09:15:47,41978.40,25,311150
20221107,09:15:49,41994.65,150,311150
20221107,09:15:50,41998.85,125,311150
20221107,09:15:52,41999.00,100,311150
20221107,09:15:53,42000.00,775,311150
20221107,09:15:55,42001.20,200,311150
20221107,09:15:57,42014.95,125,311150
20221107,09:15:58,42014.95,75,311150
20221107,09:16:00,42019.75,425,311150
20221107,09:16:02,42008.40,275,311150
20221107,09:16:03,41999.15,50,311150
20221107,09:16:05,42008.40,225,311150
20221107,09:16:06,42010.55,25,311150
20221107,09:16:08,42017.65,100,311150
20221107,09:16:10,42022.95,75,311150
20221107,09:16:11,42025.00,150,311150
20221107,09:16:13,42029.90,125,311150
20221107,09:16:14,42029.90,700,311150
20221107,09:16:16,42032.35,200,311150
20221107,09:16:18,42034.50,50,311150
20221107,09:16:19,42044.90,125,311150
20221107,09:16:21,42048.95,75,311150
20221107,09:16:23,42048.95,75,311150
20221107,09:16:24,42027.65,100,311150
20221107,09:16:26,42030.05,75,311150
20221107,09:16:27,42038.70,150,311150
20221107,09:16:29,42049.00,225,311150
20221107,09:16:31,42043.15,175,311150
20221107,09:16:32,42045.60,100,311150
20221107,09:16:34,42041.40,525,311150
20221107,09:16:36,42041.30,75,311150
20221107,09:16:39,42024.65,150,311150
20221107,09:16:41,42034.30,225,311150
20221107,09:16:42,42032.50,50,311150
20221107,09:16:45,42026.25,125,311150
20221107,09:16:47,42024.05,175,311150
20221107,09:16:49,42023.00,50,311150
20221107,09:16:50,41995.00,450,311150
20221107,09:16:55,41986.00,175,311150
20221107,09:16:57,41990.15,50,311150
20221107,09:16:59,41980.00,50,311150
20221107,09:17:00,41961.50,450,311150
20221107,09:17:02,41982.95,625,311150
20221107,09:17:03,41981.95,25,311150
20221107,09:17:05,41995.00,50,311150
20221107,09:17:07,41995.20,75,311150
20221107,09:17:08,42006.75,350,311150
20221107,09:17:10,42027.00,75,311150
20221107,09:17:12,41999.70,25,311150
20221107,09:17:13,41996.95,150,311150
20221107,09:17:15,41987.80,75,311150
20221107,09:17:16,42000.00,50,311150
20221107,09:17:20,42008.55,100,311150
20221107,09:17:21,42004.00,150,311150
20221107,09:17:23,42001.65,200,311150
20221107,09:17:25,41995.00,100,308625
20221107,09:17:26,41996.95,25,308625
20221107,09:17:28,42003.40,100,308625
20221107,09:17:33,41998.80,25,308625
20221107,09:17:34,41999.20,50,308625
20221107,09:17:36,42003.40,25,308625
20221107,09:17:38,41990.25,50,308625
20221107,09:17:39,41997.55,75,308625
20221107,09:17:41,42000.00,25,308625
20221107,09:17:44,41986.20,25,308625
20221107,09:17:46,41996.00,25,308625
20221107,09:17:48,41990.40,75,308625
20221107,09:17:52,41990.15,75,308625
20221107,09:17:54,41988.95,100,308625
20221107,09:17:56,41998.65,50,308625
20221107,09:17:59,41992.80,25,308625
20221107,09:18:01,41986.00,150,308625
20221107,09:18:04,41996.65,25,308625
20221107,09:18:06,42002.85,600,308625
20221107,09:18:07,41998.25,300,308625
20221107,09:18:09,42000.00,50,308625
20221107,09:18:11,42004.50,25,308625
20221107,09:18:12,41992.55,75,308625
20221107,09:18:17,42000.00,100,308625
20221107,09:18:19,42000.80,100,308625
20221107,09:18:21,41995.30,25,308625
20221107,09:18:31,41990.10,75,308625
20221107,09:18:34,41990.15,100,308625
20221107,09:18:37,41995.20,25,308625
20221107,09:18:39,41985.45,50,308625
20221107,09:18:41,41990.20,50,308625
20221107,09:18:42,41980.85,25,308625
20221107,09:18:44,41982.20,50,308625
20221107,09:18:46,41986.15,50,308625
20221107,09:18:47,41988.55,25,308625
20221107,09:18:51,41984.25,25,308625
20221107,09:18:52,41990.10,100,308625
20221107,09:18:54,41995.30,125,308625
20221107,09:18:56,41992.20,25,308625
20221107,09:18:57,41999.95,100,308625
20221107,09:19:04,41994.70,50,308625
20221107,09:19:06,42000.00,50,308625
20221107,09:19:07,42000.00,75,308625
20221107,09:19:09,41994.15,300,308625
20221107,09:19:12,41996.80,25,308625
20221107,09:19:14,42000.00,100,308625
20221107,09:19:15,42005.45,75,308625
20221107,09:19:19,42007.75,25,308625
20221107,09:19:27,42000.00,50,308625
20221107,09:19:29,42000.00,25,308625
20221107,09:19:34,42005.85,100,308625
20221107,09:19:37,42001.65,75,308625
20221107,09:19:39,42004.70,50,308625
20221107,09:19:44,41993.55,125,308625
20221107,09:19:47,41993.80,75,308625
20221107,09:19:50,42009.05,125,308625
20221107,09:19:57,42002.10,50,308625
20221107,09:19:59,42004.75,25,308625
20221107,09:20:02,42009.55,75,308625
20221107,09:20:07,42015.00,75,308625
20221107,09:20:09,42020.00,100,308625
20221107,09:20:10,42021.00,50,308625
20221107,09:20:14,42020.00,100,308625
20221107,09:20:15,42013.15,150,308625
20221107,09:20:19,42015.60,50,308625
20221107,09:20:20,42010.00,50,308625
20221107,09:20:22,42013.80,25,308625
20221107,09:20:24,42009.25,50,308625
20221107,09:20:29,42008.80,125,307950
20221107,09:20:32,42014.25,200,307950
20221107,09:20:34,42005.85,25,307950
20221107,09:20:37,42010.05,50,307950
20221107,09:20:39,42012.40,50,307950
20221107,09:20:45,41993.80,50,307950
20221107,09:20:47,41995.10,25,307950
20221107,09:20:49,42000.00,50,307950
20221107,09:20:52,42008.45,75,307950
20221107,09:20:59,41993.40,75,307950
20221107,09:21:04,41996.60,25,307950
20221107,09:21:09,41988.80,25,307950
20221107,09:21:10,41990.65,25,307950
20221107,09:21:12,41992.60,25,307950
20221107,09:21:15,41996.60,150,307950
20221107,09:21:19,42001.20,75,307950
20221107,09:21:24,42008.45,25,307950
20221107,09:21:27,42004.00,200,307950
20221107,09:21:30,42005.05,25,307950
20221107,09:21:35,42003.15,25,307950
20221107,09:21:39,41997.90,250,307950
20221107,09:21:42,42005.05,50,307950
20221107,09:21:45,42003.15,25,307950
20221107,09:21:47,42001.95,50,307950
20221107,09:21:50,42005.00,50,307950
20221107,09:21:52,42008.45,475,307950
20221107,09:21:54,42005.35,100,307950
20221107,09:21:57,42005.30,75,307950
20221107,09:22:02,42005.30,25,307950
20221107,09:22:05,42008.45,25,307950
20221107,09:22:07,42006.00,25,307950
20221107,09:22:09,42001.00,225,307950
20221107,09:22:20,42003.25,25,307950
20221107,09:22:24,41995.30,50,307950
20221107,09:22:25,41995.05,25,307950
20221107,09:22:30,42000.95,100,307950
20221107,09:22:32,41994.00,200,307950
20221107,09:22:34,42000.00,125,307950
20221107,09:22:35,42001.00,175,307950
20221107,09:22:42,41998.40,50,307950
20221107,09:22:44,41997.10,25,307950
20221107,09:22:47,41998.40,25,307950
20221107,09:22:54,41991.90,25,307950
20221107,09:22:55,41989.05,275,307950
20221107,09:23:02,41973.15,650,307950
20221107,09:23:05,41970.00,25,307950
20221107,09:23:09,41960.20,125,307950
20221107,09:23:12,41958.10,75,307950
20221107,09:23:15,41962.90,25,307950
20221107,09:23:17,41962.15,75,307950
20221107,09:23:18,41970.00,25,307950
20221107,09:23:20,41962.30,50,307950
20221107,09:23:25,41967.05,200,307450
20221107,09:23:30,41989.95,25,307450
20221107,09:23:32,41984.45,25,307450
20221107,09:23:33,41973.40,50,307450
20221107,09:23:35,41974.35,25,307450
20221107,09:23:37,41973.75,100,307450
20221107,09:23:43,41981.15,25,307450
20221107,09:23:45,41984.00,25,307450
20221107,09:23:47,41980.35,25,307450
20221107,09:23:48,41983.45,25,307450
20221107,09:23:50,41979.65,25,307450
20221107,09:23:53,41975.90,200,307450
20221107,09:24:00,41986.15,200,307450
20221107,09:24:02,41992.60,25,307450
20221107,09:24:10,41982.85,25,307450
20221107,09:24:12,41981.85,100,307450
20221107,09:24:15,41979.00,25,307450
20221107,09:24:17,41980.85,50,307450
20221107,09:24:27,41978.35,25,307450
20221107,09:24:28,41981.85,25,307450
20221107,09:24:30,41983.10,75,307450
20221107,09:24:37,41976.85,25,307450
20221107,09:24:39,41970.95,50,307450
20221107,09:24:42,41976.85,75,307450
20221107,09:24:45,41976.15,25,307450
20221107,09:24:47,41972.80,50,307450
20221107,09:24:59,41970.00,25,307450
20221107,09:25:00,41972.80,25,307450
20221107,09:25:02,41969.00,100,307450
20221107,09:25:05,41966.00,25,307450
20221107,09:25:10,41963.00,75,307450
20221107,09:25:12,41962.30,25,307450
20221107,09:25:17,41960.05,50,307450
20221107,09:25:18,41964.05,25,307450
20221107,09:25:27,41972.40,125,307450
20221107,09:25:30,41975.00,25,307450
20221107,09:25:32,41976.05,25,307450
20221107,09:25:35,41966.25,25,307450
20221107,09:25:37,41966.95,200,307450
20221107,09:25:45,41955.25,50,307450
20221107,09:25:50,41955.05,100,307450
20221107,09:25:55,41962.80,25,307450
20221107,09:26:02,41960.00,125,307450
20221107,09:26:05,41968.70,75,307450
20221107,09:26:07,41966.10,25,307450
20221107,09:26:10,41959.10,150,307450
20221107,09:26:18,41965.35,50,307450
20221107,09:26:20,41970.00,25,307450
20221107,09:26:28,41963.30,25,307600
20221107,09:26:30,41959.25,25,307600
20221107,09:26:32,41961.65,25,307600
20221107,09:26:33,41964.25,375,307600
20221107,09:26:37,41970.00,25,307600
20221107,09:26:38,41965.80,25,307600
20221107,09:26:40,41967.85,50,307600
20221107,09:26:42,41968.55,25,307600
20221107,09:26:45,41975.00,50,307600
20221107,09:26:47,41976.05,300,307600
20221107,09:26:50,41975.60,25,307600
20221107,09:26:52,41980.00,125,307600
20221107,09:26:53,41980.00,25,307600
20221107,09:26:55,41976.90,100,307600
20221107,09:26:58,41976.05,75,307600
20221107,09:27:00,41978.95,125,307600
20221107,09:27:02,41981.75,100,307600
20221107,09:27:03,41985.00,75,307600
20221107,09:27:05,41989.75,25,307600
20221107,09:27:07,41989.75,25,307600
20221107,09:27:08,41990.00,25,307600
20221107,09:27:12,41990.65,25,307600
20221107,09:27:14,41990.85,25,307600
20221107,09:27:19,41990.50,25,307600
20221107,09:27:20,41995.40,250,307600
20221107,09:27:22,42000.00,125,307600
20221107,09:27:24,42000.00,50,307600
20221107,09:27:27,41992.50,25,307600
20221107,09:27:30,41987.05,100,307600
20221107,09:27:32,41991.95,50,307600
20221107,09:27:39,41991.95,75,307600
20221107,09:27:40,41991.95,225,307600
20221107,09:27:42,41992.10,100,307600
20221107,09:27:45,41999.80,175,307600
20221107,09:27:47,42000.00,750,307600
20221107,09:27:50,41999.95,75,307600
20221107,09:27:55,42004.00,50,307600
20221107,09:27:57,42004.00,50,307600
20221107,09:28:00,42005.00,25,307600
20221107,09:28:02,42003.45,25,307600
20221107,09:28:03,42010.00,100,307600
20221107,09:28:07,42010.35,50,307600
20221107,09:28:08,42014.95,100,307600
20221107,09:28:10,42015.05,125,307600
20221107,09:28:12,42016.15,50,307600
20221107,09:28:13,42017.05,75,307600
20221107,09:28:15,42020.00,25,307600
20221107,09:28:18,42012.70,75,307600
20221107,09:28:20,42010.90,25,307600
20221107,09:28:23,42009.95,225,307600
20221107,09:28:35,42000.00,25,307600
20221107,09:28:37,41995.65,25,307600
20221107,09:28:42,41993.90,25,307600
20221107,09:28:48,41987.40,25,307600
20221107,09:28:51,41995.65,25,307600
20221107,09:28:53,41993.10,25,307600
20221107,09:28:57,41991.95,50,307600
20221107,09:29:03,41988.00,25,307600
20221107,09:29:10,41990.20,75,307600
20221107,09:29:11,41989.00,25,307600
20221107,09:29:13,42000.00,25,307600
20221107,09:29:15,42000.00,25,307600
20221107,09:29:16,42007.10,25,307600
20221107,09:29:18,42009.95,25,307600
20221107,09:29:20,42007.10,25,307600
20221107,09:29:21,42007.05,25,307600
20221107,09:29:28,42005.85,25,308375
20221107,09:29:30,42000.00,25,308375
20221107,09:29:33,41998.65,125,308375
20221107,09:29:36,42000.45,25,308375
20221107,09:29:41,42004.20,50,308375
20221107,09:29:45,42003.70,150,308375
20221107,09:29:46,42001.15,25,308375
20221107,09:29:51,42005.00,75,308375
20221107,09:29:53,42006.65,50,308375
20221107,09:29:55,42006.60,25,308375
20221107,09:29:56,42004.10,25,308375
20221107,09:30:05,42010.00,75,308375
20221107,09:30:15,42004.10,25,308375
20221107,09:30:20,42000.00,25,308375
20221107,09:30:23,42000.00,25,308375
20221107,09:30:25,42000.40,25,308375
20221107,09:30:26,42000.20,50,308375
20221107,09:30:30,41999.10,125,308375
20221107,09:30:35,42000.40,25,308375
20221107,09:30:45,41988.80,25,308375
20221107,09:30:51,41980.00,50,308375
20221107,09:31:01,41980.00,50,308375
20221107,09:31:08,41980.00,175,308375
20221107,09:31:10,41980.00,50,308375
20221107,09:31:11,41980.00,50,308375
20221107,09:31:16,41987.15,50,308375
20221107,09:31:25,41994.55,25,308375
20221107,09:31:33,41991.95,25,308375
20221107,09:31:35,41999.00,50,308375
20221107,09:31:36,42000.00,25,308375
20221107,09:31:38,42000.00,100,308375
20221107,09:31:43,42000.00,50,308375
20221107,09:31:51,42003.55,25,308375
20221107,09:31:55,42005.95,25,308375
20221107,09:31:56,42003.90,175,308375
20221107,09:31:58,41996.25,25,308375
20221107,09:32:03,41998.20,25,308375
20221107,09:32:10,42004.50,25,308375
20221107,09:32:19,42003.65,75,308375
20221107,09:32:24,42005.00,50,308100
20221107,09:32:29,42003.20,25,308100
20221107,09:32:31,42005.20,50,308100
20221107,09:32:34,42010.00,200,308100
20221107,09:32:44,42003.30,50,308100
20221107,09:32:52,42001.00,25,308100
20221107,09:32:59,42000.55,25,308100
20221107,09:33:00,41998.00,50,308100
20221107,09:33:02,42000.95,25,308100
20221107,09:33:03,41998.10,25,308100
20221107,09:33:05,41998.05,50,308100
20221107,09:33:13,41990.15,25,308100
20221107,09:33:15,41989.30,75,308100
20221107,09:33:17,41995.30,25,308100
20221107,09:33:18,41999.25,25,308100
20221107,09:33:25,41997.25,25,308100
20221107,09:33:32,41991.00,25,308100
20221107,09:33:35,41989.80,25,308100
20221107,09:33:38,41992.35,25,308100
20221107,09:33:42,41989.40,25,308100
20221107,09:33:47,41991.55,25,308100
20221107,09:33:51,41994.00,25,308100
20221107,09:33:58,41995.20,50,308100
20221107,09:34:01,41995.10,25,308100
20221107,09:34:06,41997.40,25,308100
20221107,09:34:08,41996.55,100,308100
20221107,09:34:15,41992.00,25,308100
20221107,09:34:20,41993.20,25,308100
20221107,09:34:23,41980.15,25,308100
20221107,09:34:25,41982.50,25,308100
20221107,09:34:30,41984.00,200,308100
20221107,09:34:35,41980.25,100,308100
20221107,09:34:43,41977.00,25,308100
20221107,09:34:50,41960.00,50,308100
20221107,09:34:55,41970.00,350,308100
20221107,09:35:01,41961.80,125,308100
20221107,09:35:03,41948.00,150,308100
20221107,09:35:05,41950.00,50,308100
20221107,09:35:13,41955.55,100,308100
20221107,09:35:15,41957.00,50,308100
20221107,09:35:18,41954.70,25,308100
20221107,09:35:20,41954.75,75,308100
20221107,09:35:24,41960.95,25,308100
20221107,09:35:26,41964.00,175,307925
20221107,09:35:28,41969.00,25,307925
20221107,09:35:32,41962.95,25,307925
20221107,09:35:39,41967.50,25,307925
20221107,09:35:42,41962.00,100,307925
20221107,09:35:44,41957.00,25,307925
20221107,09:35:50,41948.80,50,307925
20221107,09:35:52,41943.10,150,307925
20221107,09:35:53,41944.85,25,307925
20221107,09:36:03,41947.65,50,307925
20221107,09:36:08,41950.00,25,307925
20221107,09:36:10,41950.00,50,307925
20221107,09:36:11,41950.00,25,307925
20221107,09:36:13,41955.05,25,307925
20221107,09:36:14,41957.60,50,307925
20221107,09:36:16,41960.95,50,307925
20221107,09:36:24,41977.75,25,307925
20221107,09:36:28,41982.00,25,307925
20221107,09:36:34,41980.15,25,307925
20221107,09:36:38,41978.00,175,307925
20221107,09:36:39,41980.85,25,307925
20221107,09:36:43,41974.25,25,307925
20221107,09:36:53,41980.00,100,307925
20221107,09:37:06,41971.30,100,307925
20221107,09:37:08,41980.00,100,307925
20221107,09:37:19,41968.65,25,307925
20221107,09:37:27,41968.65,50,307925
20221107,09:37:29,41968.65,50,307925
20221107,09:37:31,41968.65,25,307925
20221107,09:37:34,41969.70,100,307925
20221107,09:37:44,41975.90,25,307925
20221107,09:38:04,41975.90,25,307925
20221107,09:38:09,41971.20,25,307925
20221107,09:38:11,41982.80,25,307925
20221107,09:38:13,41981.65,25,307925
20221107,09:38:21,41970.30,25,307925
20221107,09:38:23,41971.40,25,307925
20221107,09:38:28,41972.95,25,307650
20221107,09:38:31,41974.00,25,307650
20221107,09:38:36,41969.95,25,307650
20221107,09:38:38,41967.00,50,307650
20221107,09:38:44,41971.00,25,307650
20221107,09:38:51,41960.00,25,307650
20221107,09:38:56,41959.90,25,307650
20221107,09:39:01,41952.65,50,307650
20221107,09:39:04,41950.05,75,307650
20221107,09:39:08,41950.00,50,307650
20221107,09:39:09,41944.60,50,307650
20221107,09:39:14,41948.75,25,307650
20221107,09:39:18,41950.00,25,307650
20221107,09:39:19,41951.60,25,307650
20221107,09:39:23,41960.60,75,307650
20221107,09:39:39,41954.95,25,307650
20221107,09:39:48,41959.65,50,307650
20221107,09:39:53,41955.80,25,307650
20221107,09:39:54,41965.75,125,307650
20221107,09:39:58,41957.20,175,307650
20221107,09:40:01,41954.30,50,307650
20221107,09:40:06,41950.00,100,307650
20221107,09:40:09,41951.15,25,307650
20221107,09:40:13,41953.75,25,307650
20221107,09:40:18,41963.75,25,307650
20221107,09:40:19,41954.00,75,307650
20221107,09:40:28,41950.00,25,307650
20221107,09:40:33,41950.00,75,307650
20221107,09:40:39,41944.25,25,307650
20221107,09:40:49,41945.10,25,307650
20221107,09:41:09,41951.15,25,307650
20221107,09:41:15,41955.10,25,307650
20221107,09:41:17,41960.00,50,307650
20221107,09:41:29,41953.05,25,307825
20221107,09:41:32,41960.00,75,307825
20221107,09:41:34,41960.00,150,307825
20221107,09:41:35,41959.20,100,307825
20221107,09:41:37,41961.60,50,307825
20221107,09:41:42,41963.75,75,307825
20221107,09:41:44,41967.00,25,307825
20221107,09:41:52,41972.85,50,307825
20221107,09:41:55,41973.75,25,307825
20221107,09:41:57,41975.00,25,307825
20221107,09:41:58,41980.00,25,307825
20221107,09:42:00,41974.55,25,307825
20221107,09:42:02,41977.75,175,307825
20221107,09:42:03,41975.20,25,307825
20221107,09:42:07,41975.80,50,307825
20221107,09:42:12,41980.00,25,307825
20221107,09:42:15,41980.00,75,307825
20221107,09:42:17,41975.00,25,307825
20221107,09:42:20,41978.20,25,307825
20221107,09:42:22,41979.40,25,307825
20221107,09:42:23,41988.00,25,307825
20221107,09:42:27,41990.00,50,307825
20221107,09:42:28,41994.95,25,307825
20221107,09:42:33,41991.60,100,307825
20221107,09:42:40,41980.05,25,307825
20221107,09:42:46,41988.30,100,307825
20221107,09:42:48,41984.05,50,307825
20221107,09:42:53,41977.85,25,307825
20221107,09:42:58,41979.50,25,307825
20221107,09:43:00,41979.60,50,307825
20221107,09:43:01,41971.30,25,307825
20221107,09:43:04,41970.00,25,307825
20221107,09:43:16,41972.75,25,307825
20221107,09:43:21,41969.70,25,307825
20221107,09:43:22,41963.20,25,307825
20221107,09:43:24,41965.90,25,307825
20221107,09:43:27,41960.40,25,307825
20221107,09:43:32,41960.00,75,307825
20221107,09:43:34,41953.10,25,307825
20221107,09:43:45,41954.05,25,307825
20221107,09:43:47,41956.70,25,307825
20221107,09:43:48,41964.15,50,307825
20221107,09:43:52,41953.90,25,307825
20221107,09:43:55,41953.90,25,307825
20221107,09:44:00,41954.45,25,307825
20221107,09:44:04,41954.15,25,307825
20221107,09:44:06,41953.10,25,307825
20221107,09:44:08,41954.95,25,307825
20221107,09:44:09,41954.45,25,307825
20221107,09:44:11,41950.30,25,307825
20221107,09:44:14,41959.15,50,307825
20221107,09:44:19,41955.45,25,307825
20221107,09:44:24,41959.00,25,307825
20221107,09:44:43,41964.10,25,307700
20221107,09:44:44,41959.00,75,307700
20221107,09:44:46,41959.00,25,307700
20221107,09:44:48,41954.95,25,307700
20221107,09:44:53,41950.15,25,307700
20221107,09:45:06,41962.15,75,307700
20221107,09:45:17,41950.00,75,307700
20221107,09:45:34,41950.00,50,307700
20221107,09:45:54,41951.15,100,307700
20221107,09:45:59,41934.00,150,307700
20221107,09:46:04,41940.00,50,307700
20221107,09:46:12,41941.75,25,307700
20221107,09:46:15,41946.05,25,307700
20221107,09:46:25,41953.85,50,307700
20221107,09:46:27,41947.30,25,307700
20221107,09:46:32,41945.45,25,307700
20221107,09:46:40,41945.60,25,307700
20221107,09:46:43,41942.65,25,307700
20221107,09:46:51,41940.70,75,307700
20221107,09:46:59,41942.00,25,307700
20221107,09:47:03,41948.50,25,307700
20221107,09:47:05,41945.00,25,307700
20221107,09:47:08,41944.05,50,307700
20221107,09:47:19,41947.30,25,307700
20221107,09:47:24,41944.10,50,307700
20221107,09:47:25,41944.05,50,307700
20221107,09:47:38,41940.00,25,307625
20221107,09:47:50,41945.45,25,307625
20221107,09:47:55,41947.10,50,307625
20221107,09:47:56,41941.05,250,307625
20221107,09:47:58,41947.10,50,307625
20221107,09:47:59,41947.10,50,307625
20221107,09:48:03,41945.90,25,307625
20221107,09:48:06,41939.65,50,307625
20221107,09:48:19,41935.45,25,307625
20221107,09:48:27,41939.45,75,307625
20221107,09:48:29,41938.20,50,307625
20221107,09:48:37,41930.75,125,307625
20221107,09:48:41,41926.00,50,307625
20221107,09:48:44,41927.20,50,307625
20221107,09:48:54,41947.05,100,307625
20221107,09:48:56,41942.15,25,307625
20221107,09:48:59,41938.65,25,307625
20221107,09:49:06,41938.10,25,307625
20221107,09:49:14,41943.05,75,307625
20221107,09:49:16,41943.00,100,307625
20221107,09:49:17,41949.80,25,307625
20221107,09:49:24,41939.05,25,307625
20221107,09:49:26,41939.05,25,307625
20221107,09:49:29,41940.00,25,307625
20221107,09:49:39,41940.00,25,307625
20221107,09:49:41,41938.10,50,307625
20221107,09:49:49,41947.10,150,307625
20221107,09:49:57,41943.00,25,307625
20221107,09:50:01,41946.60,50,307625
20221107,09:50:04,41934.20,75,307625
20221107,09:50:11,41938.60,100,307625
20221107,09:50:25,41941.65,50,307625
20221107,09:50:33,41933.40,50,307400
20221107,09:50:47,41930.05,50,307400
20221107,09:50:48,41938.15,25,307400
20221107,09:50:55,41930.35,50,307400
20221107,09:50:58,41930.40,25,307400
20221107,09:51:00,41930.25,25,307400
20221107,09:51:03,41931.15,25,307400
20221107,09:51:13,41938.15,50,307400
20221107,09:51:15,41938.15,25,307400
20221107,09:51:16,41938.15,100,307400
20221107,09:51:20,41930.00,100,307400
20221107,09:51:21,41931.00,25,307400
20221107,09:51:43,41936.20,75,307400
20221107,09:51:48,41934.40,25,307400
20221107,09:51:51,41924.00,250,307400
20221107,09:51:56,41920.00,125,307400
20221107,09:51:58,41915.85,25,307400
20221107,09:52:04,41918.45,50,307400
20221107,09:52:22,41919.05,25,307400
20221107,09:52:26,41921.15,50,307400
20221107,09:52:34,41931.00,50,307400
20221107,09:52:39,41931.00,25,307400
20221107,09:52:40,41931.00,25,307400
20221107,09:52:53,41934.15,25,307400
20221107,09:53:12,41930.00,100,307400
20221107,09:53:14,41930.00,50,307400
20221107,09:53:15,41928.55,50,307400
20221107,09:53:30,41938.60,100,306700
20221107,09:53:33,41940.00,50,306700
20221107,09:53:43,41938.90,100,306700
20221107,09:53:49,41947.65,25,306700
20221107,09:53:58,41944.00,25,306700
20221107,09:54:31,41930.90,25,306700
20221107,09:54:33,41933.20,25,306700
20221107,09:54:46,41925.00,50,306700
20221107,09:54:51,41925.95,25,306700
20221107,09:55:06,41925.65,25,306700
20221107,09:55:14,41923.30,25,306700
20221107,09:55:17,41920.00,25,306700
20221107,09:55:22,41921.85,50,306700
20221107,09:55:41,41923.85,25,306700
20221107,09:56:09,41928.75,25,306700
20221107,09:56:12,41930.05,50,306700
20221107,09:56:15,41929.50,75,306700
20221107,09:56:19,41947.00,25,306700
20221107,09:56:29,41949.95,25,306700
20221107,09:56:35,41949.95,50,306525
20221107,09:56:43,41949.85,50,306525
20221107,09:56:53,41955.00,100,306525
20221107,09:56:58,41953.65,25,306525
20221107,09:57:02,41958.10,75,306525
20221107,09:57:07,41975.95,150,306525
20221107,09:57:12,41975.50,25,306525
20221107,09:57:15,41971.30,25,306525
20221107,09:57:23,41962.40,25,306525
20221107,09:57:25,41960.20,50,306525
20221107,09:57:28,41965.05,75,306525
20221107,09:57:30,41957.65,250,306525
20221107,09:57:33,41950.00,50,306525
20221107,09:57:35,41940.05,25,306525
20221107,09:57:37,41956.00,50,306525
20221107,09:57:45,41962.40,125,306525
20221107,09:57:48,41952.35,25,306525
20221107,09:57:53,41948.10,25,306525
20221107,09:57:56,41954.65,25,306525
20221107,09:57:58,41963.35,50,306525
20221107,09:58:01,41966.30,25,306525
20221107,09:58:03,41959.00,75,306525
20221107,09:58:05,41959.00,50,306525
20221107,09:58:06,41959.05,50,306525
20221107,09:58:13,41953.05,25,306525
20221107,09:58:29,41959.90,25,306525
20221107,09:58:43,41953.05,25,306525
20221107,09:58:44,41960.00,25,306525
20221107,09:58:53,41951.05,25,306525
20221107,09:58:54,41950.80,100,306525
20221107,09:58:56,41951.05,25,306525
20221107,09:58:58,41952.05,25,306525
20221107,09:59:03,41950.00,25,306525
20221107,09:59:09,41950.00,100,306525
20221107,09:59:22,41943.00,25,306525
20221107,09:59:25,41942.55,175,306525
20221107,09:59:41,41937.10,50,306625
20221107,09:59:50,41941.95,25,306625
20221107,09:59:51,41943.15,50,306625
20221107,09:59:59,41940.95,25,306625
20221107,10:00:04,41945.00,25,306625
20221107,10:00:11,41944.15,25,306625
20221107,10:00:19,41938.60,25,306625
20221107,10:00:22,41949.55,25,306625
20221107,10:00:31,41960.00,175,306625
20221107,10:00:34,41964.00,50,306625
20221107,10:00:44,41969.95,75,306625
20221107,10:00:46,41962.45,25,306625
20221107,10:00:47,41970.00,25,306625
20221107,10:00:51,41975.00,50,306625
20221107,10:00:57,41975.40,25,306625
20221107,10:00:59,41969.05,75,306625
20221107,10:01:00,41975.80,25,306625
20221107,10:01:02,41978.20,25,306625
20221107,10:01:09,41979.85,50,306625
20221107,10:01:24,41978.35,50,306625
20221107,10:01:27,41979.05,25,306625
20221107,10:01:29,41970.00,250,306625
20221107,10:01:30,41970.00,50,306625
20221107,10:01:32,41969.70,100,306625
20221107,10:01:35,41980.00,50,306625
20221107,10:01:37,41980.00,50,306625
20221107,10:01:39,41980.00,25,306625
20221107,10:01:40,41981.35,25,306625
20221107,10:01:42,41980.00,50,306625
20221107,10:01:50,41978.85,50,306625
20221107,10:01:52,41976.10,25,306625
20221107,10:01:54,41971.00,50,306625
20221107,10:02:04,41966.95,25,306625
20221107,10:02:12,41962.10,25,306625
20221107,10:02:15,41965.75,25,306625
20221107,10:02:17,41969.85,25,306625
20221107,10:02:19,41970.00,25,306625
20221107,10:02:20,41975.95,50,306625
20221107,10:02:24,41967.80,25,306625
20221107,10:02:29,41972.10,25,306625
20221107,10:02:32,41974.95,100,306725
20221107,10:02:37,41976.95,25,306725
20221107,10:02:45,41970.60,25,306725
20221107,10:02:50,41978.05,50,306725
20221107,10:02:54,41975.00,25,306725
20221107,10:03:04,41979.40,25,306725
20221107,10:03:05,41980.00,25,306725
20221107,10:03:12,41984.95,25,306725
20221107,10:03:15,41980.85,25,306725
20221107,10:03:17,41979.25,25,306725
20221107,10:03:20,41978.85,75,306725
20221107,10:03:24,41975.30,50,306725
20221107,10:03:27,41977.90,25,306725
20221107,10:03:29,41974.05,100,306725
20221107,10:03:39,41985.00,75,306725
20221107,10:03:44,41976.10,25,306725
20221107,10:03:47,41979.90,50,306725
20221107,10:03:49,41980.50,100,306725
20221107,10:03:55,41980.65,25,306725
20221107,10:04:00,41984.55,25,306725
20221107,10:04:07,41980.10,25,306725
20221107,10:04:15,41973.15,25,306725
20221107,10:04:17,41975.20,25,306725
20221107,10:04:20,41972.05,25,306725
20221107,10:04:22,41970.00,25,306725
20221107,10:04:25,41970.00,175,306725
20221107,10:04:27,41964.85,25,306725
20221107,10:04:32,41972.80,25,306725
20221107,10:04:40,41973.00,100,306725
20221107,10:04:55,41970.00,25,306725
20221107,10:05:00,41970.95,25,306725
20221107,10:05:01,41971.70,25,306725
20221107,10:05:05,41979.25,25,306725
20221107,10:05:13,41984.65,50,306725
20221107,10:05:15,41985.00,75,306725
20221107,10:05:23,41985.00,25,306725
20221107,10:05:24,41989.15,100,306725
20221107,10:05:28,41984.00,25,306725
20221107,10:05:31,41984.90,50,307375
20221107,10:05:36,41990.00,75,307375
20221107,10:05:41,41990.00,50,307375
20221107,10:05:43,41990.00,50,307375
20221107,10:05:49,41990.00,25,307375
20221107,10:05:51,41989.30,25,307375
20221107,10:05:58,41989.90,50,307375
20221107,10:06:04,41990.00,50,307375
20221107,10:06:09,41990.00,50,307375
20221107,10:06:18,41990.00,25,307375
20221107,10:06:23,41984.80,25,307375
20221107,10:06:25,41990.00,25,307375
20221107,10:06:30,41982.70,75,307375
20221107,10:06:31,41987.65,25,307375
20221107,10:06:33,41972.20,125,307375
20221107,10:07:09,41989.90,25,307375
20221107,10:07:17,41981.90,25,307375
20221107,10:07:31,41975.90,25,307375
20221107,10:07:42,41977.85,25,307375
20221107,10:07:44,41979.80,25,307375
20221107,10:07:56,41970.00,50,307375
20221107,10:08:07,41974.45,25,307375
20221107,10:08:12,41977.95,25,307375
20221107,10:08:19,41968.30,25,307375
20221107,10:08:33,41972.90,25,307625
20221107,10:08:41,41972.00,25,307625
20221107,10:08:49,41976.30,25,307625
20221107,10:09:01,41972.00,25,307625
20221107,10:09:23,41965.00,25,307625
20221107,10:09:25,41958.95,100,307625
20221107,10:09:35,41965.15,25,307625
20221107,10:09:38,41971.90,25,307625
20221107,10:10:07,41957.85,25,307625
20221107,10:10:09,41952.10,25,307625
20221107,10:10:10,41959.80,25,307625
20221107,10:10:23,41950.05,25,307625
20221107,10:10:32,41950.00,75,307625
20221107,10:10:33,41950.00,75,307625
20221107,10:10:38,41950.00,25,307625
20221107,10:10:45,41950.00,25,307625
20221107,10:10:47,41950.00,50,307625
20221107,10:10:48,41945.00,75,307625
20221107,10:10:50,41945.00,75,307625
20221107,10:10:55,41940.15,25,307625
20221107,10:11:19,41941.00,25,307625
20221107,10:11:59,41940.15,25,307675
20221107,10:12:05,41940.15,25,307675
20221107,10:12:13,41941.85,25,307675
20221107,10:12:18,41934.65,75,307675
20221107,10:12:45,41930.05,25,307675
20221107,10:12:47,41934.65,25,307675
20221107,10:12:48,41930.45,50,307675
20221107,10:13:02,41936.95,25,307675
20221107,10:13:30,41932.70,25,307675
20221107,10:13:43,41930.00,100,307675
20221107,10:13:45,41930.00,25,307675
20221107,10:13:47,41930.00,25,307675
20221107,10:13:48,41930.00,25,307675
20221107,10:13:50,41930.00,75,307675
20221107,10:13:58,41930.00,25,307675
20221107,10:14:00,41930.00,100,307675
20221107,10:14:01,41930.00,50,307675
20221107,10:14:10,41920.00,50,307675
20221107,10:14:18,41920.15,25,307675
20221107,10:14:21,41920.00,25,307675
20221107,10:14:23,41917.00,25,307675
20221107,10:14:25,41920.15,25,307675
20221107,10:14:26,41924.95,25,307675
20221107,10:14:29,41918.90,50,307675
20221107,10:14:34,41921.95,25,307825
20221107,10:14:36,41915.00,600,307825
20221107,10:14:41,41924.75,25,307825
20221107,10:14:48,41917.20,25,307825
20221107,10:14:56,41915.00,25,307825
20221107,10:15:03,41914.00,25,307825
20221107,10:15:06,41915.00,25,307825
20221107,10:15:08,41910.00,50,307825
20221107,10:15:10,41905.95,50,307825
20221107,10:15:13,41905.95,50,307825
20221107,10:15:19,41912.05,75,307825
20221107,10:15:41,41927.80,25,307825
20221107,10:15:59,41923.15,25,307825
20221107,10:16:03,41917.85,25,307825
20221107,10:16:04,41924.85,25,307825
20221107,10:16:08,41911.00,125,307825
20221107,10:16:13,41915.00,50,307825
20221107,10:16:14,41920.25,25,307825
20221107,10:16:37,41920.00,25,307825
20221107,10:16:39,41924.95,25,307825
20221107,10:17:12,41911.15,25,307825
20221107,10:17:14,41911.70,25,307825
20221107,10:17:24,41911.00,25,307825
20221107,10:17:27,41910.00,25,307825
20221107,10:17:37,41910.00,25,308275
20221107,10:17:40,41905.00,75,308275
20221107,10:17:54,41910.00,25,308275
20221107,10:18:10,41903.10,100,308275
20221107,10:18:12,41911.95,50,308275
20221107,10:18:15,41913.85,100,308275
20221107,10:18:18,41914.00,25,308275
20221107,10:18:33,41925.00,25,308275
20221107,10:18:38,41922.00,25,308275
20221107,10:18:40,41924.10,50,308275
20221107,10:18:46,41925.00,25,308275
20221107,10:18:54,41914.00,25,308275
20221107,10:18:57,41918.85,25,308275
20221107,10:19:13,41906.00,50,308275
20221107,10:19:22,41905.55,25,308275
20221107,10:19:30,41904.55,75,308275
20221107,10:19:48,41905.00,25,308275
20221107,10:19:51,41902.55,50,308275
20221107,10:20:01,41911.80,25,308275
20221107,10:20:24,41902.25,25,308275
20221107,10:20:33,41911.80,225,308275
20221107,10:20:53,41902.05,25,307975
20221107,10:20:58,41902.05,25,307975
20221107,10:21:01,41899.55,600,307975
20221107,10:21:22,41902.05,75,307975
20221107,10:21:49,41894.60,25,307975
20221107,10:21:52,41899.00,25,307975
20221107,10:21:54,41902.00,25,307975
20221107,10:22:10,41902.05,25,307975
20221107,10:22:11,41902.50,25,307975
20221107,10:22:13,41902.50,25,307975
20221107,10:22:23,41903.00,100,307975
20221107,10:22:25,41911.95,100,307975
20221107,10:22:26,41910.25,25,307975
20221107,10:22:56,41914.15,25,307975
20221107,10:22:58,41915.50,25,307975
20221107,10:22:59,41915.50,50,307975
20221107,10:23:01,41915.50,25,307975
20221107,10:23:03,41915.50,50,307975
20221107,10:23:04,41915.50,50,307975
20221107,10:23:09,41910.25,50,307975
20221107,10:23:11,41910.25,25,307975
20221107,10:23:13,41910.25,50,307975
20221107,10:23:34,41910.25,75,307975
20221107,10:23:48,41910.25,25,307425
20221107,10:23:52,41916.85,25,307425
20221107,10:23:58,41916.85,25,307425
20221107,10:24:06,41919.95,25,307425
20221107,10:24:28,41919.70,25,307425
20221107,10:24:30,41911.25,25,307425
20221107,10:24:46,41920.00,50,307425
20221107,10:24:50,41920.05,75,307425
20221107,10:24:56,41930.95,25,307425
20221107,10:25:10,41930.95,25,307425
20221107,10:25:16,41926.00,50,307425
20221107,10:25:59,41913.70,200,307425
20221107,10:26:32,41915.25,25,307425
20221107,10:26:46,41915.40,25,307650
20221107,10:27:01,41916.10,100,307650
20221107,10:27:17,41931.00,25,307650
20221107,10:27:45,41938.90,75,307650
20221107,10:28:05,41932.25,75,307650
20221107,10:28:07,41924.45,25,307650
20221107,10:28:37,41934.50,25,307650
20221107,10:28:38,41936.00,25,307650
20221107,10:28:50,41930.45,25,307650
20221107,10:28:53,41924.90,50,307650
20221107,10:29:26,41936.80,25,307650
20221107,10:29:39,41938.25,25,307875
20221107,10:29:44,41938.35,25,307875
20221107,10:31:00,41932.80,50,307875
20221107,10:31:05,41928.15,25,307875
20221107,10:31:26,41932.15,275,307875
20221107,10:31:36,41933.65,25,307875
20221107,10:32:36,41930.05,75,307800
20221107,10:32:38,41930.00,25,307800
20221107,10:32:41,41930.00,25,307800
20221107,10:32:54,41930.00,25,307800
20221107,10:33:16,41925.05,25,307800
20221107,10:33:17,41925.00,25,307800
20221107,10:33:46,41916.40,25,307800
20221107,10:33:50,41916.60,100,307800
20221107,10:33:52,41910.25,75,307800
20221107,10:33:55,41904.65,25,307800
20221107,10:34:15,41905.70,25,307800
20221107,10:34:40,41910.40,25,307800
20221107,10:34:43,41910.05,100,307800
20221107,10:34:50,41910.00,25,307800
20221107,10:35:26,41904.65,25,307800
20221107,10:35:33,41902.10,25,307800
20221107,10:35:48,41903.45,25,307875
20221107,10:35:53,41903.40,25,307875
20221107,10:35:56,41904.25,25,307875
20221107,10:36:06,41904.25,25,307875
20221107,10:36:10,41910.00,25,307875
20221107,10:36:33,41919.00,100,307875
20221107,10:36:36,41915.20,25,307875
20221107,10:36:43,41924.95,25,307875
20221107,10:36:50,41919.00,25,307875
20221107,10:36:51,41919.05,25,307875
20221107,10:36:54,41925.00,25,307875
20221107,10:36:56,41919.35,25,307875
20221107,10:37:14,41910.05,275,307875
20221107,10:37:22,41910.00,25,307875
20221107,10:37:29,41910.00,75,307875
20221107,10:37:32,41910.00,25,307875
20221107,10:37:36,41905.00,25,307875
20221107,10:37:41,41905.00,25,307875
20221107,10:37:42,41910.95,25,307875
20221107,10:38:06,41911.15,25,307875
20221107,10:38:14,41913.45,200,307875
20221107,10:38:42,41912.15,25,307925
20221107,10:39:07,41910.00,50,307925
20221107,10:39:15,41903.85,25,307925
20221107,10:39:29,41904.95,25,307925
20221107,10:40:04,41912.85,25,307925
20221107,10:40:12,41914.70,25,307925
20221107,10:40:33,41907.10,75,307925
20221107,10:40:45,41913.95,25,307925
20221107,10:41:11,41910.95,25,307925
20221107,10:41:40,41901.00,25,308100
20221107,10:41:43,41901.70,25,308100
20221107,10:41:58,41900.10,100,308100
20221107,10:42:23,41900.15,25,308100
20221107,10:42:26,41900.15,100,308100
20221107,10:42:36,41908.95,25,308100
20221107,10:42:51,41906.95,25,308100
20221107,10:42:53,41900.65,25,308100
20221107,10:43:29,41904.70,75,308100
20221107,10:43:34,41903.00,25,308100
20221107,10:43:35,41903.00,25,308100
20221107,10:43:50,41902.75,25,308100
20221107,10:43:58,41900.00,275,308100
20221107,10:44:03,41893.60,25,308100
20221107,10:44:05,41885.00,375,308100
20221107,10:44:08,41880.00,300,308100
20221107,10:44:36,41889.95,25,307950
20221107,10:45:22,41888.95,100,307950
20221107,10:45:29,41880.00,25,307950
20221107,10:45:31,41872.00,200,307950
20221107,10:45:37,41872.00,25,307950
20221107,10:45:39,41870.00,25,307950
20221107,10:45:44,41872.00,25,307950
20221107,10:45:45,41868.00,175,307950
20221107,10:45:51,41839.25,525,307950
20221107,10:45:52,41819.55,525,307950
20221107,10:45:54,41815.20,25,307950
20221107,10:45:59,41835.00,25,307950
20221107,10:46:01,41835.05,75,307950
20221107,10:46:09,41841.95,75,307950
20221107,10:46:16,41828.30,25,307950
20221107,10:46:21,41830.00,25,307950
20221107,10:46:29,41825.90,50,307950
20221107,10:46:30,41825.90,25,307950
20221107,10:46:35,41830.00,25,307950
20221107,10:46:45,41840.00,25,307950
20221107,10:46:47,41842.30,100,307950
20221107,10:47:02,41842.00,50,307950
20221107,10:47:09,41845.25,25,307950
20221107,10:47:25,41845.25,25,307950
20221107,10:47:32,41841.90,50,307950
20221107,10:47:35,41845.60,25,307950
20221107,10:47:45,41845.00,25,308150
20221107,10:48:01,41840.00,25,308150
20221107,10:48:03,41840.00,75,308150
20221107,10:48:06,41841.40,300,308150
20221107,10:48:46,41841.40,75,308150
20221107,10:48:50,41838.70,25,308150
20221107,10:49:06,41835.75,250,308150
20221107,10:49:11,41835.35,25,308150
20221107,10:49:13,41838.00,25,308150
20221107,10:49:19,41836.20,25,308150
20221107,10:49:51,41836.00,50,308150
20221107,10:50:01,41835.00,100,308150
20221107,10:50:09,41833.85,25,308150
20221107,10:50:21,41830.00,25,308150
20221107,10:50:24,41820.85,25,308150
20221107,10:50:26,41827.65,100,308150
20221107,10:50:27,41825.70,25,308150
20221107,10:50:29,41823.20,25,308150
20221107,10:50:31,41822.20,25,308150
20221107,10:51:01,41813.00,50,307825
20221107,10:51:11,41805.60,75,307825
20221107,10:51:14,41805.00,50,307825
20221107,10:51:22,41805.75,300,307825
20221107,10:51:25,41809.35,25,307825
20221107,10:51:29,41805.00,100,307825
20221107,10:51:32,41815.50,25,307825
20221107,10:51:37,41814.10,25,307825
20221107,10:51:42,41815.15,50,307825
20221107,10:51:49,41808.80,25,307825
20221107,10:51:57,41817.00,25,307825
20221107,10:51:59,41811.00,25,307825
20221107,10:52:10,41805.00,25,307825
20221107,10:52:12,41811.00,25,307825
20221107,10:52:19,41807.10,25,307825
20221107,10:52:22,41811.00,150,307825
20221107,10:52:29,41806.25,25,307825
20221107,10:52:34,41810.00,25,307825
20221107,10:52:37,41811.00,50,307825
20221107,10:52:41,41819.50,25,307825
20221107,10:52:51,41820.00,25,307825
20221107,10:53:05,41824.80,200,307825
20221107,10:53:10,41820.00,125,307825
20221107,10:53:12,41820.00,125,307825
20221107,10:53:17,41822.45,25,307825
20221107,10:53:24,41815.25,25,307825
20221107,10:53:30,41816.10,25,307825
20221107,10:53:37,41816.00,75,308300
20221107,10:53:39,41816.00,25,308300
20221107,10:53:47,41815.30,50,308300
20221107,10:53:49,41815.30,25,308300
20221107,10:54:05,41825.00,25,308300
20221107,10:54:09,41820.05,25,308300
20221107,10:54:12,41815.25,25,308300
20221107,10:54:20,41811.05,25,308300
20221107,10:54:22,41811.05,25,308300
20221107,10:54:55,41820.55,50,308300
20221107,10:55:00,41825.00,25,308300
20221107,10:55:12,41820.00,25,308300
20221107,10:55:24,41815.00,50,308300
20221107,10:55:55,41826.30,25,308300
20221107,10:56:01,41820.00,25,308300
20221107,10:56:12,41820.00,50,308300
20221107,10:56:14,41820.00,50,308300
20221107,10:56:16,41820.00,50,308300
20221107,10:56:37,41818.00,25,308300
20221107,10:56:39,41820.50,25,308300
20221107,10:56:51,41811.80,125,308350
20221107,10:57:05,41815.00,25,308350
20221107,10:57:07,41805.80,150,308350
20221107,10:57:09,41803.00,75,308350
20221107,10:57:12,41805.95,50,308350
20221107,10:57:29,41813.75,25,308350
20221107,10:58:05,41801.10,50,308350
20221107,10:58:08,41802.90,25,308350
20221107,10:58:15,41801.00,50,308350
20221107,10:58:16,41800.00,25,308350
20221107,10:58:20,41800.00,200,308350
20221107,10:58:21,41800.00,125,308350
20221107,10:58:23,41800.00,25,308350
20221107,10:58:25,41800.00,325,308350
20221107,10:58:26,41800.00,275,308350
20221107,10:58:30,41794.95,75,308350
20221107,10:58:35,41793.35,50,308350
20221107,10:58:41,41793.10,25,308350
20221107,10:58:43,41787.90,25,308350
20221107,10:59:02,41787.90,50,308350
20221107,10:59:07,41780.00,225,308350
20221107,10:59:12,41775.00,50,308350
20221107,10:59:15,41769.05,75,308350
20221107,10:59:28,41769.05,50,308350
20221107,10:59:38,41785.50,200,308350
20221107,10:59:41,41782.95,25,309075
20221107,10:59:46,41785.50,25,309075
20221107,10:59:54,41780.00,50,309075
20221107,11:00:11,41768.85,175,309075
20221107,11:00:12,41768.25,25,309075
20221107,11:00:14,41765.00,25,309075
20221107,11:00:29,41765.00,25,309075
20221107,11:00:34,41763.40,100,309075
20221107,11:00:35,41768.80,25,309075
20221107,11:00:47,41776.95,75,309075
20221107,11:00:50,41780.00,25,309075
20221107,11:00:59,41774.70,25,309075
20221107,11:01:00,41780.00,75,309075
20221107,11:01:04,41780.00,25,309075
20221107,11:01:14,41780.00,25,309075
20221107,11:01:19,41785.35,25,309075
20221107,11:01:24,41794.00,25,309075
20221107,11:01:34,41794.85,25,309075
20221107,11:01:39,41796.25,25,309075
20221107,11:01:42,41794.00,25,309075
20221107,11:01:57,41794.00,25,309075
20221107,11:02:05,41794.00,25,309075
20221107,11:02:07,41797.10,25,309075
20221107,11:02:12,41796.55,25,309075
20221107,11:02:18,41797.10,25,309075
20221107,11:02:20,41794.30,50,309075
20221107,11:02:22,41802.15,175,309075
20221107,11:02:23,41810.30,25,309075
20221107,11:02:33,41810.00,50,309075
20221107,11:02:37,41810.20,25,309075
20221107,11:02:43,41810.20,25,309100
20221107,11:02:45,41805.00,25,309100
20221107,11:03:01,41809.30,50,309100
20221107,11:03:03,41811.10,150,309100
20221107,11:03:16,41794.00,100,309100
20221107,11:03:35,41794.00,25,309100
20221107,11:03:36,41794.75,25,309100
20221107,11:03:41,41799.90,125,309100
20221107,11:03:53,41801.10,25,309100
20221107,11:04:34,41805.30,25,309100
20221107,11:05:05,41805.00,25,309100
20221107,11:05:09,41805.00,25,309100
20221107,11:05:13,41804.35,50,309100
20221107,11:05:34,41819.95,25,309100
20221107,11:05:44,41820.00,25,309100
20221107,11:05:56,41827.80,250,309050
20221107,11:06:01,41825.00,25,309050
20221107,11:06:03,41825.50,25,309050
20221107,11:06:04,41824.20,50,309050
20221107,11:06:26,41810.05,25,309050
20221107,11:06:37,41815.45,150,309050
20221107,11:06:39,41815.60,25,309050
20221107,11:06:42,41814.15,25,309050
20221107,11:06:59,41814.15,25,309050
20221107,11:07:01,41811.00,50,309050
20221107,11:07:02,41811.50,300,309050
20221107,11:07:11,41811.75,25,309050
20221107,11:07:14,41814.00,25,309050
20221107,11:07:16,41821.00,50,309050
20221107,11:07:21,41821.50,50,309050
20221107,11:07:27,41822.00,25,309050
20221107,11:07:37,41814.25,25,309050
20221107,11:07:41,41815.65,100,309050
20221107,11:07:42,41813.15,250,309050
20221107,11:07:47,41804.40,25,309050
20221107,11:07:49,41804.70,25,309050
20221107,11:07:52,41804.20,25,309050
20221107,11:07:54,41804.95,25,309050
20221107,11:08:55,41800.00,50,309000
20221107,11:08:56,41800.00,75,309000
20221107,11:09:01,41795.05,50,309000
20221107,11:09:03,41795.70,100,309000
20221107,11:09:18,41797.10,50,309000
20221107,11:09:23,41796.35,25,309000
20221107,11:09:50,41797.05,25,309000
20221107,11:09:51,41792.70,25,309000
20221107,11:10:24,41791.90,50,309000
20221107,11:10:36,41792.15,25,309000
20221107,11:10:49,41785.00,25,309000
20221107,11:10:52,41785.00,25,309000
20221107,11:10:57,41780.10,25,309000
20221107,11:11:07,41785.00,25,309000
20221107,11:11:12,41782.00,100,309000
20221107,11:11:13,41785.00,25,309000
20221107,11:11:22,41785.00,25,309000
20221107,11:11:25,41785.00,25,309000
20221107,11:11:46,41785.00,25,308925
20221107,11:11:51,41785.00,25,308925
20221107,11:12:06,41781.00,25,308925
20221107,11:12:08,41780.00,50,308925
20221107,11:12:11,41776.55,100,308925
20221107,11:12:15,41766.55,100,308925
20221107,11:12:16,41758.00,225,308925
20221107,11:12:21,41766.00,25,308925
20221107,11:12:23,41773.55,150,308925
20221107,11:12:28,41774.50,25,308925
20221107,11:12:38,41771.40,50,308925
20221107,11:12:55,41769.40,50,308925
20221107,11:13:01,41770.00,25,308925
20221107,11:13:08,41766.85,50,308925
20221107,11:13:14,41771.25,25,308925
20221107,11:13:16,41771.15,25,308925
20221107,11:13:32,41771.15,50,308925
20221107,11:14:02,41782.70,25,308925
20221107,11:14:26,41786.20,25,308925
20221107,11:14:28,41788.00,25,308925
20221107,11:14:31,41792.80,50,308925
20221107,11:14:33,41794.20,25,308925
20221107,11:14:35,41794.65,50,308925
20221107,11:14:38,41801.00,325,308925
20221107,11:14:58,41800.00,25,309150
20221107,11:15:21,41792.40,25,309150
20221107,11:15:29,41792.70,25,309150
20221107,11:15:36,41792.70,50,309150
20221107,11:15:44,41796.65,25,309150
20221107,11:15:49,41796.90,25,309150
20221107,11:15:59,41796.55,100,309150
20221107,11:16:04,41799.40,50,309150
20221107,11:16:17,41803.60,25,309150
20221107,11:16:19,41805.20,25,309150
20221107,11:16:32,41812.05,25,309150
20221107,11:16:40,41815.20,25,309150
20221107,11:16:44,41816.20,50,309150
20221107,11:16:49,41820.25,50,309150
20221107,11:17:02,41820.70,25,309150
20221107,11:17:31,41820.80,25,309150
20221107,11:17:41,41815.90,25,308900
20221107,11:18:50,41803.50,25,308900
20221107,11:19:09,41806.90,100,308900
20221107,11:19:13,41800.00,25,308900
20221107,11:19:23,41796.10,25,308900
20221107,11:19:52,41796.10,50,308900
20221107,11:19:56,41801.15,75,308900
20221107,11:20:05,41801.15,25,308900
20221107,11:20:15,41797.10,25,308900
20221107,11:20:36,41792.70,225,308900
20221107,11:20:38,41789.00,25,308900
20221107,11:20:41,41786.20,100,308900
20221107,11:20:44,41786.20,25,309025
20221107,11:20:53,41786.50,25,309025
20221107,11:20:54,41780.00,100,309025
20221107,11:20:59,41783.40,250,309025
20221107,11:21:01,41779.00,25,309025
20221107,11:21:04,41778.65,25,309025
20221107,11:21:06,41770.75,50,309025
20221107,11:21:13,41771.25,25,309025
20221107,11:21:21,41786.40,50,309025
20221107,11:21:22,41789.95,100,309025
20221107,11:21:24,41784.50,25,309025
20221107,11:21:26,41785.05,25,309025
20221107,11:21:31,41785.30,25,309025
20221107,11:21:37,41788.90,75,309025
20221107,11:21:42,41790.50,125,309025
20221107,11:21:53,41786.65,75,309025
20221107,11:22:03,41787.15,25,309025
20221107,11:22:11,41790.05,25,309025
20221107,11:22:16,41794.55,50,309025
20221107,11:22:31,41794.60,50,309025
20221107,11:22:45,41786.70,25,309025
20221107,11:23:17,41785.65,25,309025
20221107,11:23:20,41779.90,75,309025
20221107,11:24:08,41779.90,25,309125
20221107,11:24:20,41781.10,100,309125
20221107,11:24:23,41775.20,25,309125
20221107,11:24:36,41775.60,25,309125
20221107,11:24:54,41778.10,50,309125
20221107,11:25:01,41775.00,25,309125
20221107,11:25:03,41775.00,25,309125
20221107,11:25:08,41771.80,50,309125
20221107,11:25:11,41780.45,50,309125
20221107,11:25:14,41777.85,25,309125
20221107,11:25:18,41776.25,25,309125
20221107,11:25:43,41782.70,25,309125
20221107,11:25:48,41782.70,50,309125
20221107,11:26:42,41785.40,50,309050
20221107,11:26:57,41786.75,25,309050
20221107,11:26:58,41782.75,25,309050
20221107,11:27:12,41775.00,25,309050
20221107,11:27:51,41771.80,25,309050
20221107,11:28:01,41771.20,25,309050
20221107,11:28:02,41770.00,50,309050
20221107,11:28:04,41771.85,25,309050
20221107,11:28:06,41770.00,25,309050
20221107,11:28:32,41770.00,50,309050
20221107,11:28:37,41774.75,25,309050
20221107,11:28:49,41769.10,50,309050
20221107,11:29:02,41771.55,100,309050
20221107,11:29:04,41763.00,100,309050
20221107,11:29:06,41761.30,50,309050
20221107,11:29:07,41761.00,25,309050
20221107,11:29:09,41760.00,225,309050
20221107,11:29:12,41750.00,500,309050
20221107,11:29:18,41750.00,50,309050
20221107,11:29:20,41751.85,25,309050
20221107,11:29:23,41756.75,50,309050
20221107,11:29:41,41755.90,25,309050
20221107,11:29:46,41755.90,50,309525
20221107,11:30:03,41760.05,25,309525
20221107,11:30:04,41756.05,25,309525
20221107,11:30:06,41756.65,400,309525
20221107,11:30:35,41771.25,25,309525
20221107,11:30:45,41760.00,25,309525
20221107,11:30:47,41756.00,25,309525
20221107,11:30:57,41756.00,25,309525
20221107,11:31:07,41752.00,25,309525
20221107,11:31:12,41758.75,50,309525
20221107,11:31:24,41769.10,175,309525
20221107,11:31:25,41777.00,25,309525
20221107,11:31:27,41770.15,50,309525
20221107,11:31:34,41777.00,25,309525
20221107,11:31:37,41782.40,100,309525
20221107,11:32:02,41780.95,50,309525
20221107,11:32:04,41780.95,50,309525
20221107,11:32:07,41776.30,25,309525
20221107,11:32:16,41775.00,25,309525
20221107,11:32:22,41776.95,50,309525
20221107,11:33:01,41790.00,50,309175
20221107,11:33:45,41780.00,25,309175
20221107,11:33:47,41779.95,25,309175
20221107,11:34:01,41780.00,25,309175
20221107,11:34:07,41780.00,25,309175
20221107,11:34:11,41785.90,25,309175
20221107,11:34:22,41782.50,25,309175
20221107,11:34:25,41788.40,25,309175
20221107,11:34:52,41784.00,25,309175
20221107,11:35:02,41788.25,150,309175
20221107,11:35:07,41789.00,25,309175
20221107,11:35:09,41790.00,100,309175
20221107,11:35:40,41805.00,25,309175
20221107,11:36:03,41805.00,25,309025
20221107,11:36:18,41814.95,25,309025
20221107,11:36:45,41805.95,100,309025
20221107,11:37:30,41802.00,25,309025
20221107,11:37:32,41800.00,75,309025
20221107,11:37:48,41797.35,25,309025
20221107,11:38:12,41798.55,25,309025
20221107,11:38:55,41800.00,25,309025
20221107,11:39:33,41792.75,300,309025
20221107,11:39:44,41796.30,25,309025
20221107,11:40:25,41785.60,200,309025
20221107,11:40:35,41787.70,75,309025
20221107,11:40:44,41783.30,50,309025
20221107,11:40:46,41793.25,25,309025
20221107,11:40:53,41785.70,25,309025
20221107,11:41:04,41780.00,25,309025
20221107,11:41:14,41775.00,25,309025
20221107,11:41:24,41770.65,50,309025
20221107,11:41:37,41770.75,25,309025
20221107,11:41:43,41774.40,25,309025
20221107,11:41:47,41775.00,75,309025
20221107,11:41:53,41778.70,25,309025
20221107,11:42:11,41775.00,50,309025
20221107,11:45:39,41777.00,25,308950
20221107,11:45:47,41773.00,25,308950
20221107,11:47:19,41781.30,50,308950
20221107,11:47:30,41785.20,25,308950
20221107,11:48:01,41785.00,50,308875
20221107,11:48:56,41800.00,25,308875
20221107,11:49:54,41800.00,25,308875
20221107,11:50:19,41799.90,25,308875
20221107,11:50:39,41799.85,25,308875
20221107,11:51:02,41800.00,25,308825
20221107,11:51:21,41818.95,25,308825
20221107,11:51:38,41811.95,25,308825
20221107,11:51:41,41810.55,25,308825
20221107,11:52:06,41818.95,25,308825
20221107,11:52:19,41816.45,25,308825
20221107,11:52:31,41810.55,25,308825
20221107,11:52:39,41810.00,25,308825
20221107,11:53:55,41809.00,25,308850
20221107,11:53:58,41807.70,25,308850
20221107,11:54:08,41807.80,25,308850
20221107,11:54:10,41807.40,25,308850
20221107,11:54:23,41810.00,25,308850
20221107,11:54:26,41807.75,25,308850
20221107,11:54:50,41807.40,25,308850
20221107,11:56:01,41808.15,25,308850
20221107,11:56:30,41799.00,100,308850
20221107,11:56:31,41800.60,25,308850
20221107,11:56:41,41799.00,50,308850
20221107,11:56:43,41799.00,25,308850
20221107,11:57:07,41791.10,25,308925
20221107,11:57:09,41791.15,25,308925
20221107,11:57:14,41790.00,100,308925
20221107,11:57:17,41790.00,25,308925
20221107,11:57:23,41792.15,25,308925
20221107,11:57:48,41792.15,25,308925
20221107,11:57:58,41786.55,25,308925
20221107,11:58:13,41792.15,50,308925
20221107,11:59:55,41801.00,25,309025
20221107,12:00:13,41795.00,25,309025
20221107,12:00:20,41786.25,50,309025
20221107,12:01:06,41780.00,50,309025
20221107,12:01:09,41774.50,25,309025
20221107,12:01:13,41774.05,25,309025
20221107,12:01:17,41773.00,25,309025
20221107,12:01:29,41783.35,100,309025
20221107,12:01:35,41781.70,25,309025
20221107,12:02:13,41781.70,25,309025
20221107,12:02:18,41781.70,25,309025
20221107,12:02:56,41782.15,25,308950
20221107,12:03:43,41785.15,100,308950
20221107,12:03:45,41790.00,25,308950
20221107,12:04:44,41787.95,50,308950
20221107,12:05:35,41790.00,50,308950
20221107,12:05:42,41790.00,175,308950
20221107,12:07:39,41803.95,25,308950
20221107,12:08:53,41801.95,25,308950
20221107,12:09:36,41797.85,25,308950
20221107,12:10:28,41795.15,100,308950
20221107,12:10:41,41793.20,25,308950
20221107,12:10:44,41789.35,25,308950
20221107,12:11:04,41789.80,25,308950
20221107,12:11:31,41799.30,50,308950
20221107,12:11:51,41789.90,25,308900
20221107,12:12:15,41799.95,25,308900
20221107,12:12:36,41787.45,50,308900
20221107,12:12:55,41789.70,25,308900
20221107,12:13:01,41789.70,50,308900
20221107,12:14:07,41793.60,25,308900
20221107,12:14:15,41800.00,25,308900
20221107,12:14:36,41798.90,25,308900
20221107,12:14:56,41799.90,25,309025
20221107,12:14:59,41800.90,25,309025
20221107,12:15:06,41803.65,100,309025
20221107,12:15:07,41803.35,25,309025
20221107,12:15:09,41805.00,25,309025
20221107,12:15:14,41804.35,125,309025
20221107,12:15:17,41809.95,50,309025
20221107,12:15:20,41808.25,25,309025
20221107,12:15:23,41810.00,50,309025
20221107,12:15:33,41811.00,25,309025
20221107,12:15:41,41815.00,350,309025
20221107,12:15:49,41815.85,25,309025
20221107,12:15:58,41809.55,50,309025
20221107,12:16:09,41819.00,50,309025
20221107,12:16:33,41803.00,25,309025
20221107,12:16:34,41800.00,200,309025
20221107,12:16:36,41800.00,25,309025
20221107,12:16:47,41805.35,25,309025
20221107,12:16:57,41815.55,75,309025
20221107,12:17:00,41820.00,150,309025
20221107,12:17:02,41829.00,100,309025
20221107,12:17:05,41839.00,50,309025
20221107,12:17:12,41830.65,50,309025
20221107,12:17:13,41837.00,50,309025
20221107,12:17:22,41830.05,25,309025
20221107,12:17:25,41835.90,100,309025
20221107,12:17:38,41832.00,250,309025
20221107,12:17:46,41815.70,25,309025
20221107,12:17:59,41818.35,50,309150
20221107,12:18:17,41814.20,75,309150
20221107,12:18:19,41808.95,25,309150
20221107,12:18:47,41800.00,25,309150
20221107,12:18:50,41800.10,25,309150
20221107,12:19:05,41810.00,25,309150
20221107,12:19:30,41823.90,25,309150
20221107,12:20:05,41812.50,25,309150
20221107,12:20:24,41812.00,25,309150
20221107,12:20:52,41812.95,50,309175
20221107,12:21:33,41812.95,25,309175
20221107,12:21:56,41812.95,25,309175
20221107,12:22:05,41813.00,25,309175
20221107,12:22:16,41815.00,25,309175
20221107,12:22:21,41813.25,25,309175
20221107,12:23:22,41815.55,25,309175
20221107,12:23:23,41815.30,25,309175
20221107,12:23:30,41812.95,25,309175
20221107,12:23:33,41813.40,25,309175
20221107,12:23:35,41808.15,25,309175
20221107,12:23:37,41815.95,25,309175
20221107,12:23:40,41808.35,25,309175
20221107,12:24:01,41818.70,25,309150
20221107,12:25:02,41807.95,25,309150
20221107,12:25:32,41807.25,25,309150
20221107,12:26:06,41822.00,50,309150
20221107,12:26:39,41826.50,25,309150
20221107,12:26:54,41829.00,200,309150
20221107,12:28:10,41822.50,25,309150
20221107,12:28:33,41827.00,50,309150
20221107,12:29:15,41820.25,25,309150
20221107,12:29:20,41814.65,25,309150
20221107,12:30:16,41823.20,25,309350
20221107,12:30:54,41828.00,25,309350
20221107,12:31:01,41829.00,25,309350
20221107,12:31:09,41823.00,25,309350
20221107,12:31:14,41811.95,100,309350
20221107,12:31:16,41807.25,25,309350
20221107,12:32:26,41820.70,25,309350
20221107,12:32:29,41812.45,25,309350
20221107,12:32:57,41812.00,25,309325
20221107,12:33:14,41807.00,25,309325
20221107,12:33:15,41806.00,25,309325
20221107,12:33:17,41805.00,25,309325
20221107,12:33:28,41800.95,25,309325
20221107,12:33:33,41800.00,25,309325
20221107,12:33:40,41795.00,100,309325
20221107,12:34:14,41787.00,25,309325
20221107,12:34:18,41785.00,25,309325
20221107,12:34:19,41777.10,25,309325
20221107,12:34:26,41779.05,25,309325
20221107,12:34:27,41778.70,25,309325
20221107,12:34:30,41775.15,25,309325
20221107,12:35:02,41775.00,25,309325
20221107,12:35:10,41774.00,50,309325
20221107,12:35:23,41783.90,25,309325
20221107,12:35:25,41784.15,50,309325
20221107,12:35:38,41779.95,25,309325
20221107,12:35:48,41773.00,25,309325
20221107,12:35:53,41770.00,25,309325
20221107,12:36:18,41773.00,200,309325
20221107,12:36:26,41779.00,100,309325
20221107,12:37:16,41779.40,25,309325
20221107,12:37:41,41788.00,50,309325
20221107,12:38:08,41779.00,25,309325
20221107,12:38:15,41785.35,25,309325
20221107,12:38:54,41770.00,25,309325
20221107,12:39:16,41771.95,25,309250
20221107,12:39:29,41770.30,25,309250
20221107,12:39:42,41770.00,75,309250
20221107,12:39:58,41770.95,75,309250
20221107,12:40:17,41780.65,25,309250
20221107,12:40:23,41777.95,100,309250
20221107,12:40:25,41773.95,50,309250
20221107,12:40:40,41775.15,25,309250
20221107,12:40:47,41775.00,25,309250
20221107,12:41:34,41770.30,50,309250
20221107,12:41:42,41770.00,25,309250
20221107,12:41:44,41770.00,450,309250
20221107,12:41:49,41770.50,100,309250
20221107,12:42:06,41763.60,75,309175
20221107,12:42:33,41767.35,25,309175
20221107,12:42:36,41767.60,25,309175
20221107,12:42:41,41772.95,25,309175
20221107,12:42:44,41772.95,25,309175
20221107,12:43:44,41786.80,100,309175
20221107,12:44:22,41784.00,25,309175
20221107,12:44:24,41782.00,25,309175
20221107,12:46:43,41784.85,50,309200
20221107,12:47:12,41790.00,25,309200
20221107,12:49:26,41808.35,25,309200
20221107,12:49:29,41804.85,100,309200
20221107,12:50:37,41811.40,25,309200
20221107,12:51:04,41812.00,250,309075
20221107,12:51:17,41809.45,25,309075
20221107,12:51:33,41810.00,100,309075
20221107,12:51:37,41805.55,25,309075
20221107,12:51:56,41814.00,25,309075
20221107,12:52:42,41819.95,150,309075
20221107,12:52:51,41812.60,25,309075
20221107,12:52:55,41809.60,25,309075
20221107,12:53:11,41809.60,25,309075
20221107,12:53:42,41816.05,150,309075
20221107,12:54:18,41798.75,25,309700
20221107,12:54:34,41797.95,200,309700
20221107,12:55:14,41800.00,25,309700
20221107,12:55:40,41792.20,25,309700
20221107,12:56:20,41817.95,50,309700
20221107,12:56:25,41820.95,50,309700
20221107,12:56:30,41818.40,50,309700
20221107,12:56:52,41821.95,50,309700
20221107,12:58:07,41814.95,25,309725
20221107,12:58:17,41814.00,25,309725
20221107,12:58:41,41811.00,25,309725
20221107,12:59:41,41810.30,125,309725
20221107,12:59:44,41810.45,125,309725
20221107,12:59:58,41815.85,25,309800
20221107,13:00:32,41815.00,25,309800
20221107,13:00:45,41820.00,50,309800
20221107,13:01:18,41825.00,100,309800
20221107,13:01:19,41836.00,100,309800
20221107,13:01:23,41840.00,100,309800
20221107,13:01:47,41835.85,50,309800
20221107,13:02:19,41824.20,200,309800
20221107,13:03:47,41823.30,25,309900
20221107,13:04:07,41808.50,25,309900
20221107,13:04:10,41812.85,25,309900
20221107,13:04:41,41800.00,25,309900
20221107,13:05:02,41792.00,25,309900
20221107,13:05:16,41792.00,25,309900
20221107,13:05:18,41790.00,25,309900
20221107,13:05:20,41784.45,50,309900
20221107,13:05:49,41796.65,25,309900
20221107,13:06:41,41802.85,25,310050
20221107,13:06:46,41805.00,25,310050
20221107,13:06:55,41801.35,25,310050
20221107,13:07:22,41797.00,25,310050
20221107,13:07:31,41792.10,25,310050
20221107,13:08:10,41801.00,50,310050
20221107,13:08:13,41801.00,125,310050
20221107,13:09:37,41800.00,25,309925
20221107,13:10:45,41802.05,100,309925
20221107,13:12:01,41795.05,250,309925
20221107,13:12:47,41810.00,25,309900
20221107,13:12:51,41810.30,25,309900
20221107,13:13:24,41819.20,25,309900
20221107,13:13:29,41809.95,250,309900
20221107,13:13:34,41820.90,25,309900
20221107,13:14:22,41816.15,25,309900
20221107,13:14:40,41816.10,50,309900
20221107,13:16:09,41804.05,25,310200
20221107,13:16:32,41805.00,25,310200
20221107,13:17:45,41814.95,125,310200
20221107,13:18:50,41812.10,25,310225
20221107,13:20:01,41829.90,25,310225
20221107,13:20:10,41835.85,25,310225
20221107,13:20:25,41834.85,75,310225
20221107,13:20:28,41831.75,25,310225
20221107,13:20:30,41830.00,25,310225
20221107,13:20:40,41824.05,25,310225
20221107,13:20:45,41815.00,25,310225
20221107,13:20:56,41814.15,25,310225
20221107,13:21:03,41813.55,25,310350
20221107,13:21:08,41812.80,25,310350
20221107,13:21:16,41811.15,25,310350
20221107,13:22:17,41800.00,25,310350
20221107,13:23:05,41795.00,25,310350
20221107,13:23:30,41794.00,25,310350
20221107,13:23:41,41791.00,50,310350
20221107,13:23:43,41790.00,25,310350
20221107,13:23:45,41777.00,125,310350
20221107,13:23:54,41774.10,25,310350
20221107,13:24:06,41774.10,150,310300
20221107,13:24:08,41774.10,50,310300
20221107,13:24:32,41773.50,100,310300
20221107,13:24:34,41771.00,25,310300
20221107,13:24:39,41770.85,25,310300
20221107,13:24:47,41755.00,75,310300
20221107,13:24:54,41755.00,25,310300
20221107,13:24:57,41756.55,25,310300
20221107,13:25:02,41737.50,550,310300
20221107,13:25:03,41737.50,25,310300
20221107,13:25:05,41735.00,25,310300
20221107,13:25:07,41723.80,775,310300
20221107,13:25:10,41729.50,50,310300
20221107,13:25:12,41723.50,25,310300
20221107,13:25:13,41723.50,25,310300
20221107,13:25:15,41737.75,25,310300
20221107,13:25:26,41740.00,125,310300
20221107,13:25:30,41740.00,75,310300
20221107,13:25:31,41745.00,50,310300
20221107,13:25:38,41751.35,25,310300
20221107,13:25:39,41751.35,25,310300
20221107,13:25:47,41752.05,25,310300
20221107,13:25:51,41751.35,25,310300
20221107,13:26:01,41752.95,25,310300
20221107,13:26:06,41750.00,25,310300
20221107,13:26:17,41753.80,75,310300
20221107,13:26:32,41751.95,25,310300
20221107,13:26:49,41756.95,25,310300
20221107,13:26:50,41755.95,25,310300
20221107,13:27:07,41749.95,25,311475
20221107,13:27:22,41745.00,25,311475
20221107,13:27:23,41745.95,25,311475
20221107,13:27:28,41740.00,100,311475
20221107,13:27:32,41741.00,25,311475
20221107,13:27:38,41737.15,25,311475
20221107,13:27:40,41730.10,25,311475
20221107,13:27:41,41737.95,125,311475
20221107,13:27:48,41730.00,25,311475
20221107,13:27:50,41725.00,75,311475
20221107,13:27:53,41725.00,50,311475
20221107,13:27:54,41725.00,50,311475
20221107,13:27:59,41725.00,75,311475
20221107,13:28:08,41718.00,100,311475
20221107,13:28:11,41715.40,100,311475
20221107,13:28:14,41715.40,25,311475
20221107,13:28:19,41718.95,25,311475
20221107,13:28:21,41714.05,25,311475
20221107,13:28:27,41714.05,25,311475
20221107,13:28:34,41725.00,25,311475
20221107,13:28:57,41730.45,150,311475
20221107,13:29:02,41725.00,25,311475
20221107,13:29:04,41725.00,175,311475
20221107,13:29:18,41723.55,50,311475
20221107,13:29:26,41725.00,25,311475
20221107,13:29:37,41714.00,100,311475
20221107,13:29:44,41712.00,25,311475
20221107,13:29:48,41710.00,50,311475
20221107,13:29:53,41710.00,25,311475
20221107,13:29:55,41710.00,100,311475
20221107,13:30:00,41714.75,25,311475
20221107,13:30:01,41723.55,50,311475
20221107,13:30:06,41711.10,25,311525
20221107,13:30:14,41723.55,25,311525
20221107,13:30:19,41725.95,25,311525
20221107,13:30:26,41717.00,75,311525
20221107,13:30:28,41717.00,25,311525
20221107,13:30:33,41717.00,200,311525
20221107,13:30:39,41724.60,750,311525
20221107,13:30:41,41712.20,25,311525
20221107,13:30:44,41718.85,50,311525
20221107,13:30:53,41718.85,25,311525
20221107,13:30:58,41712.20,125,311525
20221107,13:30:59,41710.00,100,311525
20221107,13:31:01,41705.00,75,311525
20221107,13:31:04,41700.00,250,311525
20221107,13:31:06,41700.00,200,311525
20221107,13:31:08,41700.00,200,311525
20221107,13:31:09,41699.00,400,311525
20221107,13:31:11,41688.00,150,311525
20221107,13:31:14,41680.55,100,311525
20221107,13:31:19,41678.90,125,311525
20221107,13:31:21,41678.90,50,311525
20221107,13:31:23,41679.90,25,311525
20221107,13:31:24,41682.00,25,311525
20221107,13:31:31,41684.95,50,311525
20221107,13:31:34,41686.30,550,311525
20221107,13:31:36,41697.80,25,311525
20221107,13:31:38,41683.20,25,311525
20221107,13:31:43,41691.80,50,311525
20221107,13:31:48,41683.90,25,311525
20221107,13:31:49,41692.90,25,311525
20221107,13:31:54,41699.95,25,311525
20221107,13:32:03,41699.65,50,311525
20221107,13:32:04,41690.00,100,311525
20221107,13:32:08,41698.30,25,311525
20221107,13:32:44,41691.65,25,311525
20221107,13:32:45,41699.95,100,311525
20221107,13:32:47,41703.10,400,311525
20221107,13:32:50,41702.70,125,311525
20221107,13:32:55,41690.45,150,311525
20221107,13:33:00,41690.25,50,311525
20221107,13:33:07,41690.00,25,312125
20221107,13:33:10,41690.05,75,312125
20221107,13:33:14,41690.15,25,312125
20221107,13:33:17,41690.15,25,312125
20221107,13:33:19,41690.00,25,312125
20221107,13:33:20,41690.00,25,312125
20221107,13:33:35,41690.35,25,312125
20221107,13:33:42,41705.00,275,312125
20221107,13:34:00,41704.10,125,312125
20221107,13:34:02,41709.90,25,312125
20221107,13:34:04,41705.00,25,312125
20221107,13:34:05,41700.70,25,312125
20221107,13:34:24,41713.60,500,312125
20221107,13:34:32,41717.85,25,312125
20221107,13:34:34,41718.80,50,312125
20221107,13:34:35,41719.50,125,312125
20221107,13:34:39,41717.25,25,312125
20221107,13:34:57,41720.00,25,312125
20221107,13:35:00,41725.00,25,312125
20221107,13:35:10,41720.00,25,312125
20221107,13:35:15,41717.45,25,312125
20221107,13:35:24,41711.30,25,312125
20221107,13:36:42,41725.00,25,311850
20221107,13:36:45,41724.95,25,311850
20221107,13:36:52,41719.80,100,311850
20221107,13:37:41,41728.20,25,311850
20221107,13:37:53,41736.30,25,311850
20221107,13:38:06,41736.35,25,311850
20221107,13:38:21,41733.30,25,311850
20221107,13:38:49,41726.20,25,311850
20221107,13:38:53,41726.20,50,311850
20221107,13:39:15,41721.00,125,311925
20221107,13:39:33,41711.70,25,311925
20221107,13:39:40,41710.30,25,311925
20221107,13:39:43,41710.85,25,311925
20221107,13:39:46,41710.35,25,311925
20221107,13:40:03,41715.80,25,311925
20221107,13:40:08,41712.90,50,311925
20221107,13:40:14,41714.85,25,311925
20221107,13:40:24,41720.10,25,311925
20221107,13:40:26,41725.00,25,311925
20221107,13:40:34,41718.65,50,311925
20221107,13:40:35,41726.20,25,311925
20221107,13:40:42,41725.00,50,311925
20221107,13:41:00,41728.30,25,311925
20221107,13:41:23,41728.85,25,311925
20221107,13:41:30,41731.90,50,311925
20221107,13:41:33,41732.90,25,311925
20221107,13:41:38,41732.65,25,311925
20221107,13:41:56,41722.75,25,311925
20221107,13:42:12,41733.10,25,312075
20221107,13:42:22,41727.05,25,312075
20221107,13:42:37,41727.00,25,312075
20221107,13:42:38,41730.80,325,312075
20221107,13:42:40,41730.35,200,312075
20221107,13:43:04,41725.00,25,312075
20221107,13:43:28,41719.00,25,312075
20221107,13:43:30,41721.00,25,312075
20221107,13:43:32,41721.00,75,312075
20221107,13:43:49,41720.00,75,312075
20221107,13:44:08,41714.20,50,312075
20221107,13:44:21,41720.00,25,312075
20221107,13:45:54,41730.00,25,312075
20221107,13:45:56,41730.00,25,312050
20221107,13:46:16,41731.70,150,312050
20221107,13:46:30,41735.00,25,312050
20221107,13:46:42,41737.85,25,312050
20221107,13:46:50,41739.00,25,312050
20221107,13:46:54,41744.00,25,312050
20221107,13:46:55,41747.00,25,312050
20221107,13:47:09,41748.90,25,312050
20221107,13:47:33,41745.95,25,312050
20221107,13:48:06,41745.95,25,312050
20221107,13:48:07,41750.00,100,311950
20221107,13:48:11,41750.00,25,311950
20221107,13:48:15,41742.25,100,311950
20221107,13:48:42,41746.25,25,311950
20221107,13:49:18,41745.60,25,311950
20221107,13:49:37,41752.95,150,311950
20221107,13:49:49,41755.00,25,311950
20221107,13:50:02,41755.00,25,311950
20221107,13:50:06,41761.00,400,311950
20221107,13:50:19,41750.00,25,311950
20221107,13:50:27,41754.15,25,311950
20221107,13:50:35,41740.00,150,311950
20221107,13:50:42,41735.00,25,311950
20221107,13:51:12,41730.00,25,311975
20221107,13:52:37,41724.40,25,311975
20221107,13:54:56,41730.75,350,311975
20221107,13:55:01,41727.05,25,311975
20221107,13:55:29,41737.95,700,311975
20221107,13:56:01,41737.00,50,311975
20221107,13:56:19,41732.55,200,311975
20221107,13:56:27,41740.00,25,311975
20221107,13:56:38,41740.00,25,311975
20221107,13:56:42,41740.00,125,311975
20221107,13:56:43,41740.00,100,311975
20221107,13:56:45,41740.00,125,311975
20221107,13:56:52,41740.00,25,311975
20221107,13:56:55,41740.00,25,311975
20221107,13:57:11,41745.00,25,312825
20221107,13:57:17,41753.10,50,312825
20221107,13:57:43,41753.10,25,312825
20221107,13:57:50,41753.70,25,312825
20221107,13:58:50,41760.00,475,312825
20221107,13:58:55,41763.15,925,312825
20221107,13:58:59,41764.55,900,312825
20221107,13:59:02,41755.75,1000,312825
20221107,13:59:07,41761.80,25,312825
20221107,13:59:10,41761.80,25,312825
20221107,13:59:17,41754.35,25,312825
20221107,13:59:27,41760.00,25,312825
20221107,13:59:45,41758.70,50,312825
20221107,13:59:53,41774.30,925,312825
20221107,14:00:00,41758.75,25,312825
20221107,14:00:05,41765.05,25,312825
20221107,14:00:21,41777.00,25,316325
20221107,14:00:27,41775.75,25,316325
20221107,14:00:34,41769.00,25,316325
20221107,14:00:44,41776.00,25,316325
20221107,14:00:49,41780.00,75,316325
20221107,14:00:53,41776.05,25,316325
20221107,14:01:00,41787.35,900,316325
20221107,14:01:03,41789.85,900,316325
20221107,14:01:05,41797.35,900,316325
20221107,14:01:10,41793.45,900,316325
20221107,14:01:31,41784.55,50,316325
20221107,14:01:49,41784.80,50,316325
20221107,14:02:07,41800.00,150,316325
20221107,14:02:17,41810.00,25,316325
20221107,14:02:19,41804.40,100,316325
20221107,14:02:30,41804.40,25,316325
20221107,14:02:37,41807.65,100,316325
20221107,14:02:47,41819.00,75,316325
20221107,14:02:50,41815.20,25,316325
20221107,14:02:55,41815.00,25,316325
20221107,14:02:56,41819.75,200,316325
20221107,14:03:03,41819.20,50,316325
20221107,14:03:05,41816.75,100,316325
20221107,14:03:06,41821.00,25,316325
20221107,14:03:08,41820.00,25,316325
20221107,14:03:27,41810.00,25,319425
20221107,14:03:29,41805.90,100,319425
20221107,14:03:32,41808.15,25,319425
20221107,14:03:45,41800.95,50,319425
20221107,14:03:53,41803.00,25,319425
20221107,14:03:57,41807.20,200,319425
20221107,14:03:58,41808.25,25,319425
20221107,14:04:02,41805.60,25,319425
20221107,14:04:07,41811.20,25,319425
20221107,14:04:13,41800.80,50,319425
20221107,14:04:24,41808.95,100,319425
20221107,14:04:29,41808.15,25,319425
20221107,14:04:42,41801.75,50,319425
20221107,14:04:53,41810.45,50,319425
20221107,14:04:56,41814.00,125,319425
20221107,14:05:00,41820.00,25,319425
20221107,14:05:17,41820.00,25,319425
20221107,14:05:21,41814.00,25,319425
20221107,14:05:27,41819.00,25,319425
20221107,14:05:49,41812.20,25,319425
20221107,14:06:14,41809.15,50,319225
20221107,14:06:30,41807.50,25,319225
20221107,14:06:56,41800.00,50,319225
20221107,14:06:58,41800.00,25,319225
20221107,14:07:00,41804.80,200,319225
20221107,14:07:06,41800.00,25,319225
20221107,14:07:08,41800.00,25,319225
20221107,14:07:11,41796.85,25,319225
20221107,14:07:13,41807.95,50,319225
20221107,14:07:14,41800.20,25,319225
20221107,14:07:21,41813.45,50,319225
20221107,14:07:24,41807.10,25,319225
20221107,14:07:28,41802.25,25,319225
20221107,14:07:39,41796.20,100,319225
20221107,14:07:49,41803.05,25,319225
20221107,14:08:06,41810.00,25,319225
20221107,14:08:39,41810.65,100,319225
20221107,14:09:01,41816.00,25,319225
20221107,14:09:03,41815.00,25,319225
20221107,14:09:06,41820.00,75,319225
20221107,14:09:14,41825.00,100,319225
20221107,14:09:16,41829.00,25,319225
20221107,14:09:19,41819.95,700,319225
20221107,14:09:31,41826.85,25,319225
20221107,14:10:00,41814.85,25,319225
20221107,14:10:11,41812.10,25,319225
20221107,14:10:19,41811.30,25,319225
20221107,14:10:27,41811.90,25,319225
20221107,14:11:03,41830.00,50,319225
20221107,14:11:06,41842.00,175,319225
20221107,14:11:08,41840.95,25,319225
20221107,14:11:19,41840.95,25,319225
20221107,14:11:35,41841.75,25,319225
20221107,14:12:15,41841.75,25,318650
20221107,14:12:17,41826.40,25,318650
20221107,14:12:18,41830.00,50,318650
20221107,14:12:22,41833.95,250,318650
20221107,14:12:23,41824.25,50,318650
20221107,14:12:25,41824.25,200,318650
20221107,14:12:27,41828.10,50,318650
20221107,14:12:28,41820.30,50,318650
20221107,14:12:30,41828.20,50,318650
20221107,14:12:43,41826.40,25,318650
20221107,14:12:51,41820.00,75,318650
20221107,14:12:55,41819.90,25,318650
20221107,14:13:18,41817.95,50,318650
20221107,14:13:21,41811.25,25,318650
20221107,14:13:24,41817.95,25,318650
20221107,14:13:29,41817.20,75,318650
20221107,14:13:32,41811.25,75,318650
20221107,14:13:34,41810.00,50,318650
20221107,14:13:35,41810.00,25,318650
20221107,14:13:48,41820.00,25,318650
20221107,14:13:50,41820.85,25,318650
20221107,14:13:55,41817.00,25,318650
20221107,14:13:56,41814.65,100,318650
20221107,14:14:00,41813.75,50,318650
20221107,14:14:01,41818.95,300,318650
20221107,14:14:07,41815.50,25,318650
20221107,14:14:09,41819.25,100,318650
20221107,14:14:12,41815.50,25,318650
20221107,14:14:30,41818.95,25,318650
20221107,14:14:32,41825.70,25,318650
20221107,14:14:33,41829.50,75,318650
20221107,14:14:40,41830.70,50,318650
20221107,14:14:43,41826.40,25,318650
20221107,14:14:53,41831.90,200,318650
20221107,14:14:54,41832.05,50,318650
20221107,14:14:56,41830.85,250,318650
20221107,14:14:57,41830.95,325,318650
20221107,14:15:01,41831.60,425,318650
20221107,14:15:02,41829.20,25,318650
20221107,14:15:04,41833.40,150,318650
20221107,14:15:06,41836.70,125,318650
20221107,14:15:07,41837.50,50,318650
20221107,14:15:12,41839.00,125,321150
20221107,14:15:14,41837.30,25,321150
20221107,14:15:17,41838.30,25,321150
20221107,14:15:19,41838.45,25,321150
20221107,14:15:20,41841.65,50,321150
20221107,14:15:22,41840.55,50,321150
20221107,14:15:25,41840.40,25,321150
20221107,14:15:27,41839.60,75,321150
20221107,14:15:29,41839.60,50,321150
20221107,14:15:30,41834.90,200,321150
20221107,14:15:33,41837.05,25,321150
20221107,14:15:35,41834.75,75,321150
20221107,14:15:38,41836.75,50,321150
20221107,14:15:40,41837.85,50,321150
20221107,14:15:42,41837.05,50,321150
20221107,14:15:43,41835.95,25,321150
20221107,14:15:46,41832.80,125,321150
20221107,14:15:48,41832.30,25,321150
20221107,14:15:50,41832.10,175,321150
20221107,14:15:53,41832.30,50,321150
20221107,14:15:55,41831.45,25,321150
20221107,14:15:56,41832.35,25,321150
20221107,14:15:59,41834.35,25,321150
20221107,14:16:01,41832.85,50,321150
20221107,14:16:03,41832.75,25,321150
20221107,14:16:04,41832.30,350,321150
20221107,14:16:06,41831.25,50,321150
20221107,14:16:08,41828.90,25,321150
20221107,14:16:11,41832.45,50,321150
20221107,14:16:12,41831.60,75,321150
20221107,14:16:17,41833.25,50,321150
20221107,14:16:19,41836.00,50,321150
20221107,14:16:20,41832.15,25,321150
20221107,14:16:22,41836.25,125,321150
20221107,14:16:24,41830.60,50,321150
20221107,14:16:30,41831.15,50,321150
20221107,14:16:54,41830.85,75,321150
20221107,14:16:56,41827.05,50,321150
20221107,14:16:57,41829.10,200,321150
20221107,14:17:04,41825.05,25,321150
20221107,14:17:06,41827.85,75,321150
20221107,14:17:07,41829.15,100,321150
20221107,14:17:09,41829.30,100,321150
20221107,14:17:11,41826.85,50,321150
20221107,14:17:15,41825.70,125,321150
20221107,14:17:19,41831.45,25,321150
20221107,14:17:30,41822.15,50,321150
20221107,14:17:32,41818.00,25,321150
20221107,14:17:40,41818.25,25,321150
20221107,14:17:42,41815.00,25,321150
20221107,14:17:45,41821.55,25,321150
20221107,14:17:50,41827.65,25,321150
20221107,14:17:52,41828.00,25,321150
20221107,14:17:58,41823.00,50,321150
20221107,14:18:01,41836.00,50,321150
20221107,14:18:03,41836.00,50,321150
20221107,14:18:05,41840.05,75,321150
20221107,14:18:06,41843.85,150,321150
20221107,14:18:08,41843.65,125,321150
20221107,14:18:09,41843.35,25,321150
20221107,14:18:11,41837.60,125,323925
20221107,14:18:13,41841.00,25,323925
20221107,14:18:14,41846.00,75,323925
20221107,14:18:16,41846.55,50,323925
20221107,14:18:19,41845.00,25,323925
20221107,14:18:21,41848.25,50,323925
20221107,14:18:22,41844.10,25,323925
20221107,14:18:24,41850.00,100,323925
20221107,14:18:26,41848.20,150,323925
20221107,14:18:29,41850.00,200,323925
20221107,14:18:30,41846.50,100,323925
20221107,14:18:34,41843.75,50,323925
20221107,14:18:35,41846.50,50,323925
20221107,14:18:40,41844.85,25,323925
20221107,14:18:53,41844.10,25,323925
20221107,14:18:56,41842.30,25,323925
20221107,14:19:04,41849.00,25,323925
20221107,14:19:09,41846.15,25,323925
20221107,14:19:11,41847.35,75,323925
20221107,14:19:26,41842.45,25,323925
20221107,14:19:32,41843.20,25,323925
20221107,14:19:34,41845.65,25,323925
20221107,14:19:40,41852.35,25,323925
20221107,14:19:45,41845.75,75,323925
20221107,14:19:47,41840.80,25,323925
20221107,14:20:02,41844.25,25,323925
20221107,14:20:09,41840.00,50,323925
20221107,14:20:12,41839.30,25,323925
20221107,14:20:37,41842.00,125,323925
20221107,14:20:40,41844.50,25,323925
20221107,14:20:59,41840.40,25,323925
20221107,14:21:13,41845.25,25,323925
20221107,14:21:31,41835.15,25,324650
20221107,14:21:36,41832.50,25,324650
20221107,14:21:37,41836.25,25,324650
20221107,14:21:42,41836.40,75,324650
20221107,14:22:21,41847.50,50,324650
20221107,14:22:26,41845.50,50,324650
20221107,14:22:29,41839.00,25,324650
20221107,14:22:39,41840.75,25,324650
20221107,14:22:44,41842.40,225,324650
20221107,14:22:45,41842.40,250,324650
20221107,14:22:53,41846.50,75,324650
20221107,14:23:23,41850.00,125,324650
20221107,14:23:35,41850.00,25,324650
20221107,14:23:42,41847.00,25,324650
20221107,14:23:55,41852.00,100,324650
20221107,14:23:58,41861.60,750,324650
20221107,14:24:03,41865.00,75,324650
20221107,14:24:04,41866.30,100,324650
20221107,14:24:06,41872.00,100,324650
20221107,14:24:08,41869.95,50,324650
20221107,14:24:09,41865.20,125,324650
20221107,14:24:29,41860.90,25,325875
20221107,14:24:30,41865.00,75,325875
20221107,14:24:34,41860.95,25,325875
20221107,14:24:40,41870.00,25,325875
20221107,14:24:42,41870.00,25,325875
20221107,14:24:45,41872.25,25,325875
20221107,14:24:49,41875.00,50,325875
20221107,14:24:50,41875.00,175,325875
20221107,14:24:52,41875.00,75,325875
20221107,14:24:54,41875.00,50,325875
20221107,14:24:57,41875.00,50,325875
20221107,14:24:58,41875.00,25,325875
20221107,14:25:02,41876.05,50,325875
20221107,14:25:03,41879.55,150,325875
20221107,14:25:05,41880.00,325,325875
20221107,14:25:08,41884.70,200,325875
20221107,14:25:10,41884.50,325,325875
20221107,14:25:12,41882.45,75,325875
20221107,14:25:17,41882.55,25,325875
20221107,14:25:20,41887.55,75,325875
20221107,14:25:23,41888.00,50,325875
20221107,14:25:27,41887.05,225,325875
20221107,14:25:28,41885.15,150,325875
20221107,14:25:30,41882.00,300,325875
20221107,14:25:33,41880.95,25,325875
20221107,14:25:35,41881.75,75,325875
20221107,14:25:37,41881.75,75,325875
20221107,14:25:42,41878.55,25,325875
20221107,14:25:45,41875.85,50,325875
20221107,14:25:47,41875.90,25,325875
20221107,14:26:01,41875.35,25,325875
20221107,14:26:03,41874.90,25,325875
20221107,14:26:06,41870.65,75,325875
20221107,14:26:11,41868.75,50,325875
20221107,14:26:13,41867.15,25,325875
20221107,14:26:14,41867.15,250,325875
20221107,14:26:47,41870.60,25,325875
20221107,14:26:49,41868.35,125,325875
20221107,14:26:54,41871.70,25,325875
20221107,14:27:07,41875.00,25,325875
20221107,14:27:11,41880.00,75,325875
20221107,14:27:12,41880.50,150,327625
20221107,14:27:17,41880.20,125,327625
20221107,14:27:24,41878.20,50,327625
20221107,14:27:25,41878.00,50,327625
20221107,14:27:40,41889.05,200,327625
20221107,14:27:44,41889.00,25,327625
20221107,14:27:46,41890.00,75,327625
20221107,14:27:47,41890.00,75,327625
20221107,14:27:54,41886.70,25,327625
20221107,14:27:59,41886.10,100,327625
20221107,14:28:07,41890.05,25,327625
20221107,14:28:14,41886.10,100,327625
20221107,14:28:26,41882.95,25,327625
20221107,14:28:36,41881.30,50,327625
20221107,14:28:54,41883.80,50,327625
20221107,14:28:56,41886.05,25,327625
20221107,14:28:57,41887.00,25,327625
20221107,14:29:01,41888.60,25,327625
20221107,14:29:02,41891.05,25,327625
20221107,14:29:04,41892.40,50,327625
20221107,14:29:06,41892.45,25,327625
20221107,14:29:14,41887.25,150,327625
20221107,14:29:26,41884.00,125,327625
20221107,14:29:30,41885.80,100,327625
20221107,14:29:44,41882.00,25,327625
20221107,14:30:02,41890.00,25,327625
20221107,14:30:04,41890.00,525,327625
20221107,14:30:20,41890.00,25,328600
20221107,14:30:27,41885.45,50,328600
20221107,14:30:29,41882.10,125,328600
20221107,14:30:34,41882.00,100,328600
20221107,14:30:39,41880.00,25,328600
20221107,14:30:49,41880.00,125,328600
20221107,14:31:09,41880.00,25,328600
20221107,14:31:19,41880.15,25,328600
20221107,14:31:50,41880.50,25,328600
20221107,14:31:54,41880.15,50,328600
20221107,14:31:55,41878.60,50,328600
20221107,14:32:19,41888.25,25,328600
20221107,14:32:34,41890.00,25,328600
20221107,14:32:39,41894.15,25,328600
20221107,14:32:44,41900.00,250,328600
20221107,14:32:46,41900.00,275,328600
20221107,14:32:47,41910.00,25,328600
20221107,14:32:51,41910.00,25,328600
20221107,14:32:57,41919.50,50,328600
20221107,14:33:01,41922.10,75,328600
20221107,14:33:04,41924.15,50,328600
20221107,14:33:11,41924.15,25,328600
20221107,14:33:12,41923.80,50,328600
20221107,14:33:42,41919.50,25,328975
20221107,14:33:50,41920.00,50,328975
20221107,14:33:52,41920.00,100,328975
20221107,14:33:57,41915.65,50,328975
20221107,14:34:00,41915.65,75,328975
20221107,14:34:07,41920.00,50,328975
20221107,14:34:20,41912.70,25,328975
20221107,14:34:27,41912.10,25,328975
20221107,14:34:34,41914.95,25,328975
20221107,14:34:39,41915.00,25,328975
20221107,14:34:56,41913.25,25,328975
20221107,14:34:57,41915.00,25,328975
20221107,14:34:59,41918.95,25,328975
20221107,14:35:01,41919.00,25,328975
20221107,14:35:04,41920.00,750,328975
20221107,14:35:06,41929.20,25,328975
20221107,14:35:09,41927.10,175,328975
20221107,14:35:16,41921.90,25,328975
20221107,14:35:17,41911.05,25,328975
20221107,14:35:22,41920.00,25,328975
20221107,14:35:24,41911.10,25,328975
20221107,14:35:27,41910.00,150,328975
20221107,14:35:29,41913.05,75,328975
20221107,14:35:31,41913.15,25,328975
20221107,14:35:36,41911.10,25,328975
20221107,14:35:39,41915.10,25,328975
20221107,14:35:41,41918.55,175,328975
20221107,14:35:42,41911.10,25,328975
20221107,14:35:44,41911.45,25,328975
20221107,14:36:10,41908.05,25,328975
20221107,14:36:20,41905.80,250,328675
20221107,14:36:42,41901.05,50,328675
20221107,14:36:49,41903.05,25,328675
20221107,14:37:01,41902.00,25,328675
20221107,14:37:02,41903.00,25,328675
20221107,14:37:07,41910.00,50,328675
20221107,14:37:11,41909.80,75,328675
20221107,14:37:12,41908.80,25,328675
20221107,14:37:14,41908.80,25,328675
20221107,14:37:32,41910.00,50,328675
20221107,14:37:34,41910.00,200,328675
20221107,14:37:39,41918.00,25,328675
20221107,14:37:45,41915.00,25,328675
20221107,14:37:54,41920.00,25,328675
20221107,14:37:57,41923.95,25,328675
20221107,14:38:02,41930.00,100,328675
20221107,14:38:05,41930.00,75,328675
20221107,14:38:27,41929.70,50,328675
20221107,14:38:29,41930.00,50,328675
20221107,14:38:39,41930.00,125,328675
20221107,14:38:40,41930.00,75,328675
20221107,14:38:42,41933.80,50,328675
20221107,14:39:05,41929.95,25,328675
20221107,14:39:15,41925.00,50,328925
20221107,14:39:20,41921.80,25,328925
20221107,14:39:35,41917.85,25,328925
20221107,14:39:37,41917.80,25,328925
20221107,14:39:45,41922.65,25,328925
20221107,14:39:54,41914.50,25,328925
20221107,14:39:55,41921.15,100,328925
20221107,14:40:17,41926.10,50,328925
20221107,14:40:54,41921.75,25,328925
20221107,14:41:06,41922.00,50,328925
20221107,14:41:21,41918.05,25,328925
20221107,14:41:26,41913.00,25,328925
20221107,14:41:38,41908.00,225,328925
20221107,14:41:41,41900.00,25,328925
20221107,14:41:53,41900.35,100,328925
20221107,14:42:00,41908.00,25,328925
20221107,14:42:06,41913.00,25,328925
20221107,14:42:09,41915.00,25,328925
20221107,14:42:36,41930.00,25,328800
20221107,14:42:38,41930.00,50,328800
20221107,14:42:48,41927.70,25,328800
20221107,14:43:06,41927.50,25,328800
20221107,14:43:15,41931.45,75,328800
20221107,14:43:22,41930.85,25,328800
20221107,14:43:53,41924.15,25,328800
20221107,14:43:58,41925.20,25,328800
20221107,14:44:11,41925.45,25,328800
20221107,14:44:42,41922.35,25,328800
20221107,14:44:54,41922.85,25,328800
20221107,14:44:59,41924.15,50,328800
20221107,14:45:05,41930.00,50,328800
20221107,14:45:12,41933.05,25,328800
20221107,14:45:24,41935.00,150,329000
20221107,14:45:27,41940.00,25,329000
20221107,14:45:29,41949.00,200,329000
20221107,14:45:30,41948.00,25,329000
20221107,14:45:49,41932.80,25,329000
20221107,14:45:55,41934.10,75,329000
20221107,14:46:09,41925.00,50,329000
20221107,14:46:12,41926.25,25,329000
20221107,14:46:14,41921.20,50,329000
20221107,14:46:32,41929.95,25,329000
20221107,14:46:47,41926.95,25,329000
20221107,14:47:03,41929.00,25,329000
20221107,14:47:25,41934.20,25,329000
20221107,14:47:41,41932.10,50,329000
20221107,14:47:43,41933.65,25,329000
20221107,14:47:45,41934.00,50,329000
20221107,14:47:52,41936.45,100,329000
20221107,14:48:00,41935.00,25,329000
20221107,14:48:07,41932.50,150,329000
20221107,14:48:13,41930.00,50,329000
20221107,14:48:15,41929.00,25,329000
20221107,14:48:20,41929.00,25,329175
20221107,14:48:21,41922.30,50,329175
20221107,14:48:38,41915.60,50,329175
20221107,14:48:56,41925.00,50,329175
20221107,14:49:12,41926.90,25,329175
20221107,14:49:22,41922.55,50,329175
20221107,14:49:27,41925.00,100,329175
20221107,14:49:35,41924.05,25,329175
20221107,14:49:44,41925.00,25,329175
20221107,14:50:02,41930.00,25,329175
20221107,14:50:20,41936.15,75,329175
20221107,14:50:36,41939.00,25,329175
20221107,14:50:40,41940.00,25,329175
20221107,14:51:06,41945.00,25,329175
20221107,14:51:12,41942.30,100,329175
20221107,14:51:14,41945.00,50,329175
20221107,14:51:17,41943.70,25,329175
20221107,14:51:22,41942.55,50,329550
20221107,14:51:24,41942.00,50,329550
20221107,14:51:42,41932.80,50,329550
20221107,14:51:55,41941.45,25,329550
20221107,14:52:37,41941.45,25,329550
20221107,14:52:42,41944.95,25,329550
20221107,14:52:48,41937.90,25,329550
20221107,14:52:50,41939.00,25,329550
20221107,14:52:57,41940.00,25,329550
20221107,14:52:58,41936.30,25,329550
20221107,14:53:03,41936.00,25,329550
20221107,14:53:18,41932.70,25,329550
20221107,14:53:36,41931.90,50,329550
20221107,14:53:44,41935.90,50,329550
20221107,14:53:48,41933.15,25,329550
20221107,14:53:54,41936.00,25,329550
20221107,14:54:35,41920.55,25,329675
20221107,14:54:42,41923.60,25,329675
20221107,14:55:00,41928.45,100,329675
20221107,14:55:02,41930.00,25,329675
20221107,14:55:07,41935.10,25,329675
20221107,14:55:32,41922.70,25,329675
20221107,14:55:52,41917.30,100,329675
20221107,14:56:16,41918.65,25,329675
20221107,14:56:20,41915.00,25,329675
20221107,14:56:24,41910.00,25,329675
20221107,14:56:34,41902.55,25,329675
20221107,14:56:39,41900.00,100,329675
20221107,14:56:43,41892.70,50,329675
20221107,14:56:44,41891.75,50,329675
20221107,14:56:49,41893.25,25,329675
20221107,14:56:51,41894.20,50,329675
20221107,14:56:57,41900.00,75,329675
20221107,14:57:02,41901.30,25,329675
20221107,14:57:14,41910.00,50,329675
20221107,14:57:48,41907.75,100,329525
20221107,14:58:12,41906.75,25,329525
20221107,14:58:22,41905.65,25,329525
20221107,14:58:25,41905.95,25,329525
20221107,14:58:28,41906.00,25,329525
20221107,14:58:33,41906.75,25,329525
20221107,14:58:52,41908.35,25,329525
20221107,14:58:58,41913.45,100,329525
20221107,14:59:08,41923.35,25,329525
20221107,14:59:23,41920.00,25,329525
20221107,14:59:45,41924.00,125,329525
20221107,14:59:50,41920.00,50,329525
20221107,14:59:52,41925.00,25,329525
20221107,15:00:02,41925.00,50,329525
20221107,15:00:03,41920.85,25,329525
20221107,15:00:20,41935.00,125,329425
20221107,15:00:25,41940.00,50,329425
20221107,15:00:27,41940.00,200,329425
20221107,15:00:32,41947.00,100,329425
20221107,15:00:33,41949.90,25,329425
20221107,15:00:35,41953.50,775,329425
20221107,15:00:37,41955.00,100,329425
20221107,15:00:42,41960.00,50,329425
20221107,15:00:45,41962.00,50,329425
20221107,15:00:47,41964.00,25,329425
20221107,15:00:57,41966.70,900,329425
20221107,15:01:02,41970.00,900,329425
20221107,15:01:05,41977.00,900,329425
20221107,15:01:07,41974.35,50,329425
20221107,15:01:15,41966.75,150,329425
20221107,15:01:25,41974.35,25,329425
20221107,15:01:27,41979.00,25,329425
20221107,15:01:28,41979.00,25,329425
20221107,15:01:30,41980.35,175,329425
20221107,15:01:32,41982.25,475,329425
20221107,15:01:33,41989.00,75,329425
20221107,15:01:35,41989.85,75,329425
20221107,15:01:37,41995.00,125,329425
20221107,15:01:38,41988.65,25,329425
20221107,15:01:47,41994.95,50,329425
20221107,15:01:50,41988.65,25,329425
20221107,15:01:52,41990.95,25,329425
20221107,15:01:53,41988.00,25,329425
20221107,15:02:00,41988.00,25,329425
20221107,15:02:12,41988.00,25,329425
20221107,15:02:13,41981.90,50,329425
20221107,15:02:25,41981.65,50,329425
20221107,15:02:30,41990.00,25,329425
20221107,15:02:33,41987.40,50,329425
20221107,15:02:40,41985.60,50,329425
20221107,15:02:52,41986.95,25,329425
20221107,15:02:55,41986.95,25,329425
20221107,15:02:57,41982.25,50,329425
20221107,15:03:02,41985.00,50,329425
20221107,15:03:03,41985.05,25,329425
20221107,15:03:07,41986.65,50,329425
20221107,15:03:12,41987.15,25,329425
20221107,15:03:15,41983.70,25,329425
20221107,15:03:29,41988.10,25,331425
20221107,15:03:32,41987.20,75,331425
20221107,15:03:34,41987.10,25,331425
20221107,15:03:38,41987.40,25,331425
20221107,15:03:43,41990.00,25,331425
20221107,15:03:45,41990.00,75,331425
20221107,15:03:47,41989.95,75,331425
20221107,15:03:50,41990.25,25,331425
20221107,15:03:52,41990.00,25,331425
20221107,15:03:53,41987.60,25,331425
20221107,15:04:00,41990.20,100,331425
20221107,15:04:15,41990.20,25,331425
20221107,15:04:16,41987.45,50,331425
20221107,15:04:20,41987.45,100,331425
20221107,15:04:25,41987.00,125,331425
20221107,15:04:36,41980.80,25,331425
20221107,15:04:40,41981.45,25,331425
20221107,15:04:43,41981.70,25,331425
20221107,15:04:53,41990.05,175,331425
20221107,15:05:00,41995.00,250,331425
20221107,15:05:01,41991.95,25,331425
20221107,15:05:03,41995.00,25,331425
20221107,15:05:05,41996.60,25,331425
20221107,15:05:06,41998.00,25,331425
20221107,15:05:13,41991.55,50,331425
20221107,15:05:16,41991.95,50,331425
20221107,15:05:19,41995.00,50,331425
20221107,15:05:26,41992.00,50,331425
20221107,15:05:31,41995.00,50,331425
20221107,15:05:33,41995.00,50,331425
20221107,15:05:38,41988.85,25,331425
20221107,15:05:40,41996.00,100,331425
20221107,15:05:41,41996.95,50,331425
20221107,15:05:46,41991.10,100,331425
20221107,15:05:51,41995.00,50,331425
20221107,15:05:53,41997.95,50,331425
20221107,15:05:56,41998.00,50,331425
20221107,15:05:59,41998.00,25,331425
20221107,15:06:01,41999.00,150,331425
20221107,15:06:03,41999.00,75,331425
20221107,15:06:04,41999.00,375,331425
20221107,15:06:06,42000.00,250,331425
20221107,15:06:08,42000.00,500,331425
20221107,15:06:14,41998.00,50,331425
20221107,15:06:16,42000.00,25,331425
20221107,15:06:19,42000.00,75,332400
20221107,15:06:21,42000.00,75,332400
20221107,15:06:24,42000.00,100,332400
20221107,15:06:26,42000.65,525,332400
20221107,15:06:28,41998.00,125,332400
20221107,15:06:31,42001.00,25,332400
20221107,15:06:33,42000.65,50,332400
20221107,15:06:38,42000.65,25,332400
20221107,15:06:39,42002.50,25,332400
20221107,15:06:41,42005.00,25,332400
20221107,15:06:43,42005.00,50,332400
20221107,15:06:44,42002.15,100,332400
20221107,15:06:46,42001.25,50,332400
20221107,15:06:49,42002.85,125,332400
20221107,15:06:54,42005.00,25,332400
20221107,15:06:56,42005.00,50,332400
20221107,15:06:58,42005.00,25,332400
20221107,15:06:59,42002.85,50,332400
20221107,15:07:01,42005.00,75,332400
20221107,15:07:03,42004.65,50,332400
20221107,15:07:08,42008.00,100,332400
20221107,15:07:13,42004.65,25,332400
20221107,15:07:14,42001.30,100,332400
20221107,15:07:21,41996.40,250,332400
20221107,15:07:22,42003.40,100,332400
20221107,15:07:24,41995.00,100,332400
20221107,15:07:27,41996.20,25,332400
20221107,15:07:31,41996.15,25,332400
20221107,15:07:41,41996.20,25,332400
20221107,15:07:42,41996.20,25,332400
20221107,15:07:51,41990.00,25,332400
20221107,15:07:52,41995.40,25,332400
20221107,15:08:04,41990.00,50,332400
20221107,15:08:15,41995.00,25,332400
20221107,15:08:24,41986.75,25,332400
20221107,15:08:25,41997.95,125,332400
20221107,15:08:27,41990.75,25,332400
20221107,15:08:29,41992.20,25,332400
20221107,15:08:30,41995.00,25,332400
20221107,15:08:32,42000.00,25,332400
20221107,15:08:40,42004.00,150,332400
20221107,15:08:42,41999.50,25,332400
20221107,15:08:54,41990.60,75,332400
20221107,15:09:09,41989.00,25,332400
20221107,15:09:12,41983.30,25,332400
20221107,15:09:15,41980.00,75,332400
20221107,15:09:19,41976.30,25,332400
20221107,15:09:27,41985.00,25,333625
20221107,15:09:34,41986.70,75,333625
20221107,15:09:39,41987.65,100,333625
20221107,15:09:45,41993.25,25,333625
20221107,15:09:49,41995.50,25,333625
20221107,15:09:52,41999.50,50,333625
20221107,15:09:55,41995.50,25,333625
20221107,15:09:59,41999.50,75,333625
20221107,15:10:00,42001.00,150,333625
20221107,15:10:02,41999.55,75,333625
20221107,15:10:07,42000.90,25,333625
20221107,15:10:09,42000.65,75,333625
20221107,15:10:12,42001.25,25,333625
20221107,15:10:37,42010.00,525,333625
20221107,15:10:39,42010.25,25,333625
20221107,15:10:42,42011.00,25,333625
20221107,15:10:44,42012.00,50,333625
20221107,15:10:45,42015.95,125,333625
20221107,15:10:52,42011.25,25,333625
20221107,15:10:58,42016.95,25,333625
20221107,15:11:08,42010.30,25,333625
20221107,15:11:12,42010.25,25,333625
20221107,15:11:13,42006.30,25,333625
20221107,15:11:18,42011.95,50,333625
20221107,15:11:22,42010.00,25,333625
20221107,15:11:23,42001.25,25,333625
20221107,15:11:27,42001.00,25,333625
20221107,15:11:28,42006.00,50,333625
20221107,15:11:30,41997.25,300,333625
20221107,15:11:37,42005.75,100,333625
20221107,15:11:42,42001.25,25,333625
20221107,15:11:50,42004.20,25,333625
20221107,15:11:53,41994.85,125,333625
20221107,15:12:07,41989.35,100,333625
20221107,15:12:17,41994.95,25,333625
20221107,15:12:18,42000.00,75,333625
20221107,15:12:27,42000.00,125,333625
20221107,15:12:43,41998.80,25,333625
20221107,15:12:48,42000.00,25,333625
20221107,15:12:50,41998.35,250,333625
20221107,15:12:55,42000.00,75,333625
20221107,15:12:56,42000.00,50,333625
20221107,15:12:58,42001.25,50,333625
20221107,15:13:03,42006.95,25,333625
20221107,15:13:23,42004.70,25,333625
20221107,15:13:28,42000.95,25,333625
20221107,15:13:36,42000.45,150,333625
20221107,15:13:38,42000.05,25,333625
20221107,15:13:41,42004.65,25,333625
20221107,15:13:43,42004.20,25,333625
20221107,15:13:48,42006.25,25,333625
20221107,15:13:51,42006.25,25,333625
20221107,15:13:53,42006.20,50,333625
20221107,15:13:54,42006.70,50,333625
20221107,15:13:56,42007.40,25,333625
20221107,15:13:58,42010.00,100,333625
20221107,15:13:59,42009.30,50,333625
20221107,15:14:01,42013.00,50,333625
20221107,15:14:03,42015.90,50,333625
20221107,15:14:04,42011.25,25,333625
20221107,15:14:06,42012.85,25,333625
20221107,15:14:09,42015.00,250,333625
20221107,15:14:13,42015.70,25,333625
20221107,15:14:16,42015.25,25,333625
20221107,15:14:21,42005.15,25,333625
20221107,15:14:24,42016.00,75,333625
20221107,15:14:26,42018.10,50,333625
20221107,15:14:31,42009.45,25,333625
20221107,15:14:46,42009.00,25,333625
20221107,15:14:55,42009.00,75,333625
20221107,15:15:04,42016.00,25,333625
20221107,15:15:12,42014.00,25,333625
20221107,15:15:20,42009.00,25,334100
20221107,15:15:28,42007.10,50,334100
20221107,15:15:36,42008.50,25,334100
20221107,15:15:50,42011.95,175,334100
20221107,15:15:55,42009.65,100,334100
20221107,15:15:56,42011.95,275,334100
20221107,15:16:00,42011.95,25,334100
20221107,15:16:01,42015.00,50,334100
20221107,15:16:06,42010.10,75,334100
20221107,15:16:08,42010.05,25,334100
20221107,15:16:16,42012.30,25,334100
20221107,15:16:21,42019.00,250,334100
20221107,15:16:29,42010.10,25,334100
20221107,15:16:31,42009.00,25,334100
20221107,15:16:34,42012.00,25,334100
20221107,15:16:39,42010.10,25,334100
20221107,15:16:40,42005.00,25,334100
20221107,15:16:45,42011.35,175,334100
20221107,15:16:47,42012.10,25,334100
20221107,15:16:50,42012.10,25,334100
20221107,15:17:00,42005.30,200,334100
20221107,15:17:01,42006.25,50,334100
20221107,15:17:03,42014.60,25,334100
20221107,15:17:06,42012.25,50,334100
20221107,15:17:13,42010.45,50,334100
20221107,15:17:19,42003.85,175,334100
20221107,15:17:24,42009.95,25,334100
20221107,15:17:26,42010.00,25,334100
20221107,15:17:28,42003.85,50,334100
20221107,15:17:29,42004.30,50,334100
20221107,15:17:37,42012.20,100,334100
20221107,15:17:41,42014.25,100,334100
20221107,15:17:49,42005.45,25,334100
20221107,15:17:59,42005.45,25,334100
20221107,15:18:01,42005.55,50,334100
20221107,15:18:07,42013.65,25,334100
20221107,15:18:17,42014.65,75,334100
20221107,15:18:22,42013.65,25,334975
20221107,15:18:24,42010.00,25,334975
20221107,15:18:34,42010.00,25,334975
20221107,15:18:35,42010.00,25,334975
20221107,15:18:40,42006.25,25,334975
20221107,15:18:44,42012.70,25,334975
20221107,15:18:45,42005.70,25,334975
20221107,15:18:47,42013.65,50,334975
20221107,15:18:50,42006.75,50,334975
20221107,15:18:52,42014.50,25,334975
20221107,15:19:10,42007.05,50,334975
20221107,15:19:15,42010.00,25,334975
20221107,15:19:17,42015.00,50,334975
20221107,15:19:18,42016.00,25,334975
20221107,15:19:28,42015.65,50,334975
20221107,15:19:30,42016.00,25,334975
20221107,15:19:33,42017.90,25,334975
20221107,15:19:35,42021.00,700,334975
20221107,15:19:37,42021.25,50,334975
20221107,15:19:38,42024.00,50,334975
20221107,15:19:40,42025.00,25,334975
20221107,15:19:42,42024.20,75,334975
20221107,15:19:43,42025.00,100,334975
20221107,15:19:45,42025.75,75,334975
20221107,15:19:48,42025.00,25,334975
20221107,15:19:50,42025.95,25,334975
20221107,15:19:53,42026.50,25,334975
20221107,15:19:57,42029.10,25,334975
20221107,15:19:58,42028.75,200,334975
20221107,15:20:07,42033.00,25,334975
20221107,15:20:08,42029.65,50,334975
20221107,15:20:12,42031.40,25,334975
20221107,15:20:13,42031.35,50,334975
20221107,15:20:15,42036.40,25,334975
20221107,15:20:18,42033.50,25,334975
20221107,15:20:20,42031.30,50,334975
20221107,15:20:21,42033.25,50,334975
20221107,15:20:25,42030.00,275,334975
20221107,15:20:26,42030.00,75,334975
20221107,15:20:28,42030.00,50,334975
20221107,15:20:30,42030.00,300,334975
20221107,15:20:31,42028.00,150,334975
20221107,15:20:35,42030.00,1025,334975
20221107,15:20:36,42030.00,50,334975
20221107,15:20:38,42033.00,50,334975
20221107,15:20:40,42030.00,150,334975
20221107,15:20:41,42030.00,125,334975
