20221107,09:15:00,18360.00,1,1439250
20221107,09:15:00,18358.95,400,1439250
20221107,09:15:01,18343.40,200,1439250
20221107,09:15:02,18359.90,100,1439250
20221107,09:15:03,18359.00,100,1439250
20221107,09:15:04,18357.00,850,1439250
20221107,09:15:05,18365.00,150,1439250
20221107,09:15:07,18365.45,800,1439250
20221107,09:15:08,18359.90,50,1439250
20221107,09:15:09,18355.85,1450,1439250
20221107,09:15:10,18357.35,150,1439250
20221107,09:15:11,18360.20,1850,1439250
20221107,09:15:13,18357.05,250,1439250
20221107,09:15:13,18363.20,100,1439250
20221107,09:15:14,18360.80,150,1439250
20221107,09:15:15,18358.95,50,1439250
20221107,09:15:16,18370.00,150,1439250
20221107,09:15:18,18366.80,50,1439250
20221107,09:15:19,18369.05,100,1439250
20221107,09:15:20,18366.80,100,1439250
20221107,09:15:21,18368.95,450,1439250
20221107,09:15:23,18366.25,350,1439250
20221107,09:15:23,18370.00,100,1439250
20221107,09:15:24,18370.00,250,1439250
20221107,09:15:25,18371.90,150,1439250
20221107,09:15:26,18374.00,350,1439250
20221107,09:15:27,18375.00,150,1439250
20221107,09:15:29,18377.95,150,1439250
20221107,09:15:30,18377.95,1250,1439250
20221107,09:15:31,18371.90,200,1439250
20221107,09:15:32,18372.50,150,1439250
20221107,09:15:33,18366.00,500,1439250
20221107,09:15:35,18367.95,300,1439250
20221107,09:15:35,18364.70,100,1439250
20221107,09:15:36,18368.20,250,1439250
20221107,09:15:37,18367.25,2650,1439250
20221107,09:15:38,18366.35,300,1439250
20221107,09:15:40,18366.00,100,1439250
20221107,09:15:41,18371.30,200,1439250
20221107,09:15:42,18363.50,1450,1439250
20221107,09:15:43,18366.00,100,1439250
20221107,09:15:45,18365.00,950,1439250
20221107,09:15:46,18374.50,550,1439250
20221107,09:15:48,18362.60,100,1439250
20221107,09:15:50,18362.55,350,1439250
20221107,09:15:51,18369.10,100,1439250
20221107,09:15:52,18365.75,100,1439250
20221107,09:15:53,18366.50,50,1439250
20221107,09:15:54,18370.00,50,1439250
20221107,09:15:56,18367.25,100,1439250
20221107,09:15:57,18367.60,50,1439250
20221107,09:15:57,18368.00,50,1439250
20221107,09:15:58,18368.55,400,1439250
20221107,09:15:59,18369.55,600,1439250
20221107,09:16:01,18373.25,500,1439250
20221107,09:16:02,18369.65,1250,1439250
20221107,09:16:03,18372.75,100,1439250
20221107,09:16:03,18373.50,50,1439250
20221107,09:16:04,18375.65,50,1439250
20221107,09:16:07,18373.80,200,1439250
20221107,09:16:08,18373.65,150,1439250
20221107,09:16:09,18372.80,100,1439250
20221107,09:16:10,18372.65,600,1439250
20221107,09:16:11,18375.00,50,1439250
20221107,09:16:13,18376.65,1250,1439250
20221107,09:16:14,18378.00,250,1439250
20221107,09:16:15,18378.00,300,1439250
20221107,09:16:16,18377.80,100,1439250
20221107,09:16:18,18373.15,50,1439250
20221107,09:16:19,18372.60,600,1439250
20221107,09:16:20,18373.15,700,1439250
20221107,09:16:21,18372.90,300,1439250
20221107,09:16:22,18373.55,100,1439250
20221107,09:16:24,18374.75,250,1439250
20221107,09:16:25,18374.60,150,1439250
20221107,09:16:25,18374.80,50,1439250
20221107,09:16:26,18370.95,100,1439250
20221107,09:16:27,18374.10,50,1439250
20221107,09:16:30,18371.55,50,1439250
20221107,09:16:31,18371.55,100,1439250
20221107,09:16:31,18368.70,150,1439250
20221107,09:16:33,18368.10,300,1439250
20221107,09:16:34,18371.15,50,1439250
20221107,09:16:36,18366.40,1000,1439250
20221107,09:16:37,18365.05,200,1439250
20221107,09:16:38,18364.25,150,1439250
20221107,09:16:39,18367.20,150,1439250
20221107,09:16:42,18363.00,50,1439250
20221107,09:16:42,18366.40,50,1439250
20221107,09:16:43,18362.55,150,1439250
20221107,09:16:45,18363.40,500,1439250
20221107,09:16:47,18363.35,200,1439250
20221107,09:16:48,18365.45,300,1439250
20221107,09:16:49,18361.05,50,1439250
20221107,09:16:50,18362.00,100,1439250
20221107,09:16:52,18360.05,200,1439250
20221107,09:16:53,18360.00,300,1439250
20221107,09:16:54,18356.90,350,1439250
20221107,09:16:55,18361.10,50,1439250
20221107,09:16:56,18356.20,50,1439250
20221107,09:16:59,18353.25,150,1439250
20221107,09:17:00,18356.45,50,1439250
20221107,09:17:03,18356.20,100,1439250
20221107,09:17:04,18361.00,150,1439250
20221107,09:17:04,18357.75,100,1439250
20221107,09:17:06,18360.20,100,1439250
20221107,09:17:07,18357.20,100,1439250
20221107,09:17:10,18362.00,250,1439250
20221107,09:17:16,18356.20,50,1439250
20221107,09:17:18,18360.00,50,1439250
20221107,09:17:20,18360.00,50,1439250
20221107,09:17:21,18360.20,50,1439250
20221107,09:17:22,18360.45,100,1439250
20221107,09:17:23,18360.15,200,1439250
20221107,09:17:25,18360.00,50,1432750
20221107,09:17:26,18360.00,50,1432750
20221107,09:17:28,18360.00,50,1432750
20221107,09:17:31,18360.00,250,1432750
20221107,09:17:32,18359.95,100,1432750
20221107,09:17:32,18356.90,150,1432750
20221107,09:17:34,18360.00,100,1432750
20221107,09:17:37,18356.40,100,1432750
20221107,09:17:38,18356.20,50,1432750
20221107,09:17:43,18357.00,50,1432750
20221107,09:17:45,18358.60,100,1432750
20221107,09:17:48,18359.90,100,1432750
20221107,09:17:49,18358.45,50,1432750
20221107,09:17:50,18357.10,50,1432750
20221107,09:17:51,18357.55,50,1432750
20221107,09:17:56,18359.90,100,1432750
20221107,09:18:00,18359.90,100,1432750
20221107,09:18:01,18356.60,50,1432750
20221107,09:18:04,18360.00,100,1432750
20221107,09:18:06,18359.85,600,1432750
20221107,09:18:07,18358.35,100,1432750
20221107,09:18:08,18360.60,100,1432750
20221107,09:18:11,18361.50,50,1432750
20221107,09:18:12,18358.70,50,1432750
20221107,09:18:13,18360.70,50,1432750
20221107,09:18:13,18361.60,50,1432750
20221107,09:18:16,18357.10,100,1432750
20221107,09:18:17,18357.15,100,1432750
20221107,09:18:18,18356.40,150,1432750
20221107,09:18:22,18356.20,100,1432750
20221107,09:18:23,18356.20,650,1432750
20221107,09:18:25,18356.00,500,1432750
20221107,09:18:26,18352.00,200,1432750
20221107,09:18:28,18356.20,300,1432750
20221107,09:18:30,18356.15,50,1432750
20221107,09:18:31,18353.90,50,1432750
20221107,09:18:32,18354.30,200,1432750
20221107,09:18:33,18355.20,100,1432750
20221107,09:18:35,18356.45,150,1432750
20221107,09:18:36,18355.95,50,1432750
20221107,09:18:37,18355.95,50,1432750
20221107,09:18:37,18356.65,150,1432750
20221107,09:18:38,18356.65,50,1432750
20221107,09:18:41,18357.80,50,1432750
20221107,09:18:42,18355.40,50,1432750
20221107,09:18:42,18357.10,100,1432750
20221107,09:18:45,18354.85,250,1432750
20221107,09:18:46,18355.70,500,1432750
20221107,09:18:47,18355.90,200,1432750
20221107,09:18:50,18352.75,250,1432750
20221107,09:18:51,18353.45,500,1432750
20221107,09:18:52,18357.35,300,1432750
20221107,09:18:53,18356.05,150,1432750
20221107,09:18:53,18356.85,50,1432750
20221107,09:18:54,18356.45,50,1432750
20221107,09:18:56,18356.55,150,1432750
20221107,09:18:57,18356.75,400,1432750
20221107,09:18:58,18356.45,50,1432750
20221107,09:18:59,18359.25,150,1432750
20221107,09:19:01,18358.25,50,1432750
20221107,09:19:02,18355.70,50,1432750
20221107,09:19:08,18356.55,100,1432750
20221107,09:19:09,18355.90,100,1432750
20221107,09:19:10,18354.00,50,1432750
20221107,09:19:13,18354.90,50,1432750
20221107,09:19:15,18355.70,250,1432750
20221107,09:19:16,18356.05,50,1432750
20221107,09:19:18,18356.90,50,1432750
20221107,09:19:19,18356.05,50,1432750
20221107,09:19:22,18353.10,600,1432750
20221107,09:19:24,18355.70,50,1432750
20221107,09:19:25,18354.55,100,1432750
20221107,09:19:26,18355.20,150,1432750
20221107,09:19:27,18354.65,50,1432750
20221107,09:19:28,18354.60,50,1432750
20221107,09:19:29,18356.00,50,1432750
20221107,09:19:31,18354.90,150,1432750
20221107,09:19:35,18356.00,50,1432750
20221107,09:19:38,18352.75,100,1432750
20221107,09:19:45,18354.45,100,1432750
20221107,09:19:49,18351.75,50,1432750
20221107,09:19:51,18351.95,50,1432750
20221107,09:19:53,18355.35,100,1432750
20221107,09:19:55,18355.30,50,1432750
20221107,09:20:01,18359.95,700,1432750
20221107,09:20:02,18359.45,50,1432750
20221107,09:20:03,18356.85,100,1432750
20221107,09:20:04,18357.30,200,1432750
20221107,09:20:05,18360.00,450,1432750
20221107,09:20:05,18358.15,100,1432750
20221107,09:20:06,18358.10,150,1432750
20221107,09:20:07,18360.55,1000,1432750
20221107,09:20:08,18361.65,100,1432750
20221107,09:20:09,18361.55,100,1432750
20221107,09:20:11,18363.05,50,1432750
20221107,09:20:13,18365.00,50,1432750
20221107,09:20:15,18359.50,50,1432750
20221107,09:20:16,18360.75,50,1432750
20221107,09:20:18,18361.95,100,1432750
20221107,09:20:20,18362.00,50,1432750
20221107,09:20:22,18362.00,50,1432750
20221107,09:20:23,18361.05,50,1432750
20221107,09:20:25,18363.25,100,1427050
20221107,09:20:26,18362.80,150,1427050
20221107,09:20:27,18361.00,250,1427050
20221107,09:20:29,18361.00,800,1427050
20221107,09:20:36,18360.05,300,1427050
20221107,09:20:37,18360.00,500,1427050
20221107,09:20:41,18359.40,50,1427050
20221107,09:20:42,18358.35,300,1427050
20221107,09:20:43,18356.20,50,1427050
20221107,09:20:46,18356.20,50,1427050
20221107,09:20:51,18356.00,750,1427050
20221107,09:20:52,18356.25,50,1427050
20221107,09:20:52,18359.80,50,1427050
20221107,09:20:55,18355.20,500,1427050
20221107,09:20:56,18355.00,250,1427050
20221107,09:20:58,18355.00,50,1427050
20221107,09:21:07,18358.95,50,1427050
20221107,09:21:08,18354.55,100,1427050
20221107,09:21:12,18354.55,150,1427050
20221107,09:21:13,18358.05,50,1427050
20221107,09:21:15,18352.90,250,1427050
20221107,09:21:20,18355.00,200,1427050
20221107,09:21:21,18356.00,100,1427050
20221107,09:21:22,18353.50,300,1427050
20221107,09:21:24,18353.60,250,1427050
20221107,09:21:27,18358.20,100,1427050
20221107,09:21:29,18355.50,50,1427050
20221107,09:21:33,18355.70,250,1427050
20221107,09:21:40,18356.20,50,1427050
20221107,09:21:41,18358.00,50,1427050
20221107,09:21:51,18359.25,50,1427050
20221107,09:21:55,18357.35,100,1427050
20221107,09:22:02,18357.35,50,1427050
20221107,09:22:03,18358.90,50,1427050
20221107,09:22:06,18357.35,50,1427050
20221107,09:22:11,18356.70,50,1427050
20221107,09:22:12,18359.00,1100,1427050
20221107,09:22:16,18358.75,400,1427050
20221107,09:22:21,18355.40,50,1427050
20221107,09:22:23,18355.65,200,1427050
20221107,09:22:25,18355.20,150,1427050
20221107,09:22:26,18355.00,50,1427050
20221107,09:22:29,18355.65,250,1427050
20221107,09:22:30,18355.65,350,1427050
20221107,09:22:31,18354.00,150,1427050
20221107,09:22:33,18355.00,50,1427050
20221107,09:22:34,18355.65,100,1427050
20221107,09:22:35,18355.65,450,1427050
20221107,09:22:47,18358.05,50,1427050
20221107,09:22:49,18358.75,50,1427050
20221107,09:22:50,18355.70,300,1427050
20221107,09:22:52,18358.75,50,1427050
20221107,09:23:02,18355.55,300,1427050
20221107,09:23:05,18355.05,50,1427050
20221107,09:23:08,18355.00,50,1427050
20221107,09:23:13,18355.55,50,1427050
20221107,09:23:15,18355.90,50,1427050
20221107,09:23:16,18353.95,50,1427050
20221107,09:23:17,18353.75,50,1427050
20221107,09:23:18,18355.00,50,1427050
20221107,09:23:19,18355.95,100,1427050
20221107,09:23:20,18356.15,100,1427050
20221107,09:23:23,18356.35,150,1427050
20221107,09:23:26,18356.40,50,1427050
20221107,09:23:27,18356.60,100,1424050
20221107,09:23:29,18358.75,150,1424050
20221107,09:23:33,18353.00,150,1424050
20221107,09:23:34,18354.90,50,1424050
20221107,09:23:45,18353.50,1000,1424050
20221107,09:23:46,18353.80,100,1424050
20221107,09:23:47,18353.55,250,1424050
20221107,09:23:48,18353.50,250,1424050
20221107,09:23:49,18353.50,50,1424050
20221107,09:23:53,18355.90,350,1424050
20221107,09:23:58,18357.05,100,1424050
20221107,09:23:59,18358.00,50,1424050
20221107,09:24:01,18353.65,50,1424050
20221107,09:24:07,18355.85,550,1424050
20221107,09:24:11,18355.80,400,1424050
20221107,09:24:13,18355.75,50,1424050
20221107,09:24:16,18354.90,150,1424050
20221107,09:24:17,18354.80,200,1424050
20221107,09:24:19,18354.95,50,1424050
20221107,09:24:24,18354.95,50,1424050
20221107,09:24:25,18354.95,150,1424050
20221107,09:24:27,18355.00,50,1424050
20221107,09:24:28,18355.00,100,1424050
20221107,09:24:34,18353.00,50,1424050
20221107,09:24:35,18354.95,50,1424050
20221107,09:24:39,18351.00,100,1424050
20221107,09:24:41,18351.95,400,1424050
20221107,09:24:43,18353.45,100,1424050
20221107,09:24:44,18353.80,50,1424050
20221107,09:24:45,18351.00,50,1424050
20221107,09:24:47,18352.10,50,1424050
20221107,09:24:49,18350.60,150,1424050
20221107,09:24:51,18350.00,600,1424050
20221107,09:24:52,18350.00,250,1424050
20221107,09:24:55,18345.20,300,1424050
20221107,09:25:02,18345.20,250,1424050
20221107,09:25:05,18346.70,150,1424050
20221107,09:25:09,18346.70,100,1424050
20221107,09:25:09,18345.25,50,1424050
20221107,09:25:15,18345.20,50,1424050
20221107,09:25:16,18346.05,150,1424050
20221107,09:25:17,18346.75,100,1424050
20221107,09:25:19,18346.75,50,1424050
20221107,09:25:20,18345.75,50,1424050
20221107,09:25:24,18345.75,250,1424050
20221107,09:25:25,18345.80,50,1424050
20221107,09:25:26,18346.50,50,1424050
20221107,09:25:27,18347.25,50,1424050
20221107,09:25:28,18345.75,50,1424050
20221107,09:25:33,18346.20,50,1424050
20221107,09:25:35,18347.65,550,1424050
20221107,09:25:36,18345.75,100,1424050
20221107,09:25:37,18346.25,50,1424050
20221107,09:25:38,18346.95,150,1424050
20221107,09:25:40,18345.95,350,1424050
20221107,09:25:40,18345.90,200,1424050
20221107,09:25:41,18344.95,100,1424050
20221107,09:25:42,18345.75,300,1424050
20221107,09:25:43,18346.75,150,1424050
20221107,09:25:46,18346.80,550,1424050
20221107,09:25:48,18348.70,50,1424050
20221107,09:25:49,18347.00,50,1424050
20221107,09:25:50,18346.30,50,1424050
20221107,09:26:00,18346.35,150,1424050
20221107,09:26:01,18346.35,50,1424050
20221107,09:26:03,18348.70,350,1424050
20221107,09:26:05,18346.60,250,1424050
20221107,09:26:07,18346.70,150,1424050
20221107,09:26:10,18344.15,200,1424050
20221107,09:26:12,18346.85,250,1424050
20221107,09:26:14,18345.00,50,1424050
20221107,09:26:15,18346.95,100,1424050
20221107,09:26:19,18346.90,150,1424050
20221107,09:26:20,18346.90,200,1424050
20221107,09:26:22,18343.80,150,1424050
20221107,09:26:23,18345.55,300,1424050
20221107,09:26:24,18346.95,50,1422450
20221107,09:26:27,18344.00,50,1422450
20221107,09:26:31,18344.05,350,1422450
20221107,09:26:33,18344.90,150,1422450
20221107,09:26:35,18344.55,50,1422450
20221107,09:26:36,18345.05,150,1422450
20221107,09:26:40,18345.20,150,1422450
20221107,09:26:42,18345.20,150,1422450
20221107,09:26:43,18345.35,150,1422450
20221107,09:26:44,18346.95,500,1422450
20221107,09:26:52,18343.95,100,1422450
20221107,09:26:53,18344.55,100,1422450
20221107,09:26:57,18342.75,500,1422450
20221107,09:26:58,18342.75,50,1422450
20221107,09:26:59,18343.50,250,1422450
20221107,09:27:01,18344.00,100,1422450
20221107,09:27:03,18344.50,150,1422450
20221107,09:27:04,18344.75,150,1422450
20221107,09:27:04,18344.50,50,1422450
20221107,09:27:05,18344.75,200,1422450
20221107,09:27:06,18343.75,50,1422450
20221107,09:27:08,18343.80,50,1422450
20221107,09:27:09,18348.00,200,1422450
20221107,09:27:11,18346.70,200,1422450
20221107,09:27:14,18347.10,50,1422450
20221107,09:27:16,18347.40,200,1422450
20221107,09:27:18,18347.55,250,1422450
20221107,09:27:19,18347.45,450,1422450
20221107,09:27:22,18345.65,150,1422450
20221107,09:27:27,18347.45,250,1422450
20221107,09:27:28,18347.50,50,1422450
20221107,09:27:29,18345.60,300,1422450
20221107,09:27:30,18345.00,50,1422450
20221107,09:27:33,18347.75,350,1422450
20221107,09:27:35,18349.00,250,1422450
20221107,09:27:37,18348.95,300,1422450
20221107,09:27:41,18349.10,50,1422450
20221107,09:27:48,18348.00,200,1422450
20221107,09:27:54,18348.00,50,1422450
20221107,09:27:55,18345.20,50,1422450
20221107,09:28:00,18347.25,250,1422450
20221107,09:28:01,18345.15,50,1422450
20221107,09:28:07,18347.40,50,1422450
20221107,09:28:10,18347.50,50,1422450
20221107,09:28:15,18346.00,50,1422450
20221107,09:28:22,18346.00,50,1422450
20221107,09:28:25,18345.15,100,1422450
20221107,09:28:26,18345.00,300,1422450
20221107,09:28:28,18343.05,200,1422450
20221107,09:28:32,18343.00,100,1422450
20221107,09:28:33,18343.00,100,1422450
20221107,09:28:34,18340.80,250,1422450
20221107,09:28:36,18340.75,50,1422450
20221107,09:28:37,18340.75,100,1422450
20221107,09:28:47,18340.10,350,1422450
20221107,09:28:50,18340.00,500,1422450
20221107,09:28:51,18340.00,50,1422450
20221107,09:28:52,18340.90,100,1422450
20221107,09:28:59,18341.20,350,1422450
20221107,09:29:01,18342.00,50,1422450
20221107,09:29:02,18340.00,100,1422450
20221107,09:29:03,18341.40,50,1422450
20221107,09:29:04,18341.50,50,1422450
20221107,09:29:06,18343.00,50,1422450
20221107,09:29:08,18341.75,100,1422450
20221107,09:29:08,18342.00,50,1422450
20221107,09:29:12,18344.00,50,1422450
20221107,09:29:14,18345.00,50,1422450
20221107,09:29:15,18345.00,100,1422450
20221107,09:29:17,18343.35,100,1422450
20221107,09:29:22,18341.55,50,1422450
20221107,09:29:23,18343.60,50,1422450
20221107,09:29:24,18344.15,50,1422450
20221107,09:29:25,18344.60,100,1421000
20221107,09:29:31,18342.00,50,1421000
20221107,09:29:34,18341.05,250,1421000
20221107,09:29:35,18341.00,100,1421000
20221107,09:29:36,18344.25,50,1421000
20221107,09:29:38,18341.00,100,1421000
20221107,09:29:39,18342.70,50,1421000
20221107,09:29:40,18342.90,100,1421000
20221107,09:29:43,18343.50,150,1421000
20221107,09:29:44,18343.65,100,1421000
20221107,09:29:46,18343.75,100,1421000
20221107,09:29:54,18343.85,50,1421000
20221107,09:29:55,18343.90,100,1421000
20221107,09:29:57,18341.05,50,1421000
20221107,09:29:58,18341.05,250,1421000
20221107,09:30:03,18343.35,50,1421000
20221107,09:30:04,18343.05,550,1421000
20221107,09:30:05,18343.90,50,1421000
20221107,09:30:07,18344.10,150,1421000
20221107,09:30:09,18344.15,500,1421000
20221107,09:30:11,18343.75,250,1421000
20221107,09:30:15,18343.65,50,1421000
20221107,09:30:19,18341.30,50,1421000
20221107,09:30:20,18341.05,100,1421000
20221107,09:30:23,18341.00,1000,1421000
20221107,09:30:31,18339.70,750,1421000
20221107,09:30:34,18340.00,50,1421000
20221107,09:30:38,18340.00,50,1421000
20221107,09:30:39,18341.00,1300,1421000
20221107,09:30:40,18341.90,500,1421000
20221107,09:30:41,18338.35,300,1421000
20221107,09:30:42,18340.20,50,1421000
20221107,09:30:43,18340.20,50,1421000
20221107,09:30:44,18338.00,50,1421000
20221107,09:30:45,18337.95,300,1421000
20221107,09:30:46,18337.35,50,1421000
20221107,09:30:47,18336.65,400,1421000
20221107,09:30:48,18336.10,50,1421000
20221107,09:30:50,18336.10,50,1421000
20221107,09:30:54,18339.55,500,1421000
20221107,09:31:02,18335.70,50,1421000
20221107,09:31:05,18335.70,100,1421000
20221107,09:31:06,18335.70,100,1421000
20221107,09:31:07,18335.70,100,1421000
20221107,09:31:09,18335.65,100,1421000
20221107,09:31:13,18335.65,600,1421000
20221107,09:31:17,18336.45,50,1421000
20221107,09:31:18,18337.10,150,1421000
20221107,09:31:20,18337.20,50,1421000
20221107,09:31:28,18337.35,200,1421000
20221107,09:31:30,18337.50,100,1421000
20221107,09:31:32,18336.10,50,1421000
20221107,09:31:36,18336.10,50,1421000
20221107,09:31:38,18335.55,300,1421000
20221107,09:31:40,18335.55,50,1421000
20221107,09:31:41,18337.25,250,1421000
20221107,09:31:46,18336.10,150,1421000
20221107,09:31:52,18337.35,50,1421000
20221107,09:31:53,18337.90,50,1421000
20221107,09:31:57,18337.90,50,1421000
20221107,09:32:04,18335.65,150,1421000
20221107,09:32:11,18339.80,50,1421000
20221107,09:32:14,18339.80,50,1421000
20221107,09:32:16,18340.00,50,1421000
20221107,09:32:18,18340.00,50,1421000
20221107,09:32:19,18340.00,50,1421000
20221107,09:32:21,18341.10,50,1421000
20221107,09:32:21,18340.00,50,1421000
20221107,09:32:23,18340.00,200,1421000
20221107,09:32:24,18337.85,100,1421000
20221107,09:32:25,18341.20,50,1418950
20221107,09:32:26,18339.80,100,1418950
20221107,09:32:27,18339.80,50,1418950
20221107,09:32:29,18339.80,900,1418950
20221107,09:32:35,18340.15,300,1418950
20221107,09:32:47,18340.05,50,1418950
20221107,09:32:48,18341.80,50,1418950
20221107,09:32:50,18340.00,50,1418950
20221107,09:32:54,18341.40,50,1418950
20221107,09:32:56,18341.95,50,1418950
20221107,09:32:57,18340.00,50,1418950
20221107,09:33:03,18337.40,850,1418950
20221107,09:33:04,18335.10,100,1418950
20221107,09:33:08,18335.10,50,1418950
20221107,09:33:16,18339.65,50,1418950
20221107,09:33:18,18336.95,50,1418950
20221107,09:33:20,18337.05,100,1418950
20221107,09:33:22,18336.95,50,1418950
20221107,09:33:26,18339.35,50,1418950
20221107,09:33:31,18337.75,150,1418950
20221107,09:33:38,18338.00,50,1418950
20221107,09:33:40,18338.00,100,1418950
20221107,09:33:42,18335.95,100,1418950
20221107,09:33:44,18335.45,50,1418950
20221107,09:33:45,18335.00,300,1418950
20221107,09:33:46,18334.45,100,1418950
20221107,09:33:48,18332.85,100,1418950
20221107,09:33:49,18332.85,100,1418950
20221107,09:33:50,18335.60,100,1418950
20221107,09:33:51,18335.00,50,1418950
20221107,09:33:52,18334.85,1050,1418950
20221107,09:33:54,18336.00,100,1418950
20221107,09:33:56,18334.30,150,1418950
20221107,09:33:57,18333.80,100,1418950
20221107,09:33:58,18332.80,300,1418950
20221107,09:33:59,18331.80,150,1418950
20221107,09:34:00,18330.25,500,1418950
20221107,09:34:01,18329.95,700,1418950
20221107,09:34:02,18328.00,450,1418950
20221107,09:34:03,18330.05,250,1418950
20221107,09:34:04,18328.80,100,1418950
20221107,09:34:06,18328.00,100,1418950
20221107,09:34:07,18331.65,100,1418950
20221107,09:34:08,18328.10,100,1418950
20221107,09:34:12,18328.00,150,1418950
20221107,09:34:13,18324.90,3850,1418950
20221107,09:34:14,18327.20,50,1418950
20221107,09:34:17,18325.30,100,1418950
20221107,09:34:19,18325.10,100,1418950
20221107,09:34:21,18325.05,50,1418950
20221107,09:34:22,18324.00,350,1418950
20221107,09:34:23,18321.65,100,1418950
20221107,09:34:25,18321.65,50,1418950
20221107,09:34:27,18322.90,150,1418950
20221107,09:34:31,18321.15,50,1418950
20221107,09:34:39,18321.00,50,1418950
20221107,09:34:40,18321.00,50,1418950
20221107,09:34:45,18320.00,150,1418950
20221107,09:34:46,18320.00,350,1418950
20221107,09:34:48,18313.15,900,1418950
20221107,09:34:49,18317.40,50,1418950
20221107,09:34:52,18316.80,200,1418950
20221107,09:34:54,18316.45,50,1418950
20221107,09:34:55,18319.00,100,1418950
20221107,09:34:58,18316.25,100,1418950
20221107,09:35:00,18316.00,50,1418950
20221107,09:35:01,18314.95,100,1418950
20221107,09:35:02,18313.00,100,1418950
20221107,09:35:03,18308.35,550,1418950
20221107,09:35:04,18311.75,150,1418950
20221107,09:35:05,18311.30,50,1418950
20221107,09:35:06,18311.15,50,1418950
20221107,09:35:07,18310.70,50,1418950
20221107,09:35:10,18310.80,50,1418950
20221107,09:35:12,18313.55,100,1418950
20221107,09:35:15,18313.55,50,1418950
20221107,09:35:19,18312.45,50,1418950
20221107,09:35:21,18313.55,400,1418950
20221107,09:35:26,18315.00,100,1418950
20221107,09:35:27,18312.15,50,1422200
20221107,09:35:28,18314.95,100,1422200
20221107,09:35:29,18314.25,50,1422200
20221107,09:35:30,18312.05,100,1422200
20221107,09:35:31,18315.35,100,1422200
20221107,09:35:32,18314.25,50,1422200
20221107,09:35:35,18315.00,50,1422200
20221107,09:35:38,18316.80,50,1422200
20221107,09:35:39,18317.70,50,1422200
20221107,09:35:43,18312.30,100,1422200
20221107,09:35:56,18314.75,100,1422200
20221107,09:35:59,18312.05,500,1422200
20221107,09:36:00,18314.20,50,1422200
20221107,09:36:02,18314.50,100,1422200
20221107,09:36:04,18314.20,50,1422200
20221107,09:36:07,18312.95,50,1422200
20221107,09:36:10,18313.70,100,1422200
20221107,09:36:11,18312.00,50,1422200
20221107,09:36:16,18313.00,50,1422200
20221107,09:36:23,18314.85,50,1422200
20221107,09:36:24,18314.85,100,1422200
20221107,09:36:27,18316.00,150,1422200
20221107,09:36:29,18316.00,150,1422200
20221107,09:36:36,18315.40,200,1422200
20221107,09:36:41,18318.00,100,1422200
20221107,09:36:43,18318.00,100,1422200
20221107,09:36:45,18314.85,100,1422200
20221107,09:36:46,18316.60,250,1422200
20221107,09:36:52,18317.15,150,1422200
20221107,09:36:54,18315.00,50,1422200
20221107,09:37:01,18315.40,150,1422200
20221107,09:37:02,18316.00,50,1422200
20221107,09:37:08,18318.00,50,1422200
20221107,09:37:11,18317.90,50,1422200
20221107,09:37:12,18318.00,100,1422200
20221107,09:37:14,18317.70,50,1422200
20221107,09:37:19,18315.65,50,1422200
20221107,09:37:30,18318.00,50,1422200
20221107,09:37:35,18318.00,150,1422200
20221107,09:37:36,18317.80,100,1422200
20221107,09:37:37,18319.00,250,1422200
20221107,09:37:40,18319.00,50,1422200
20221107,09:37:44,18317.55,50,1422200
20221107,09:37:46,18319.75,50,1422200
20221107,09:37:50,18318.30,250,1422200
20221107,09:37:51,18316.00,50,1422200
20221107,09:37:52,18315.65,150,1422200
20221107,09:37:57,18317.35,50,1422200
20221107,09:38:00,18315.00,200,1422200
20221107,09:38:00,18312.75,50,1422200
20221107,09:38:03,18313.70,50,1422200
20221107,09:38:04,18314.65,100,1422200
20221107,09:38:11,18315.35,600,1422200
20221107,09:38:13,18317.60,150,1422200
20221107,09:38:17,18315.00,50,1422200
20221107,09:38:18,18315.35,100,1422200
20221107,09:38:29,18315.35,50,1422650
20221107,09:38:30,18317.00,50,1422650
20221107,09:38:34,18317.00,250,1422650
20221107,09:38:35,18314.00,200,1422650
20221107,09:38:41,18314.90,100,1422650
20221107,09:38:47,18312.00,100,1422650
20221107,09:38:48,18312.10,50,1422650
20221107,09:38:51,18310.85,100,1422650
20221107,09:38:53,18310.90,200,1422650
20221107,09:38:54,18309.75,500,1422650
20221107,09:38:55,18307.20,50,1422650
20221107,09:38:57,18307.20,100,1422650
20221107,09:38:58,18310.10,50,1422650
20221107,09:39:04,18308.10,50,1422650
20221107,09:39:05,18306.35,50,1422650
20221107,09:39:06,18305.00,100,1422650
20221107,09:39:07,18301.10,300,1422650
20221107,09:39:14,18301.10,50,1422650
20221107,09:39:16,18306.10,50,1422650
20221107,09:39:17,18305.00,50,1422650
20221107,09:39:19,18303.10,50,1422650
20221107,09:39:22,18303.10,250,1422650
20221107,09:39:23,18304.75,50,1422650
20221107,09:39:28,18305.05,100,1422650
20221107,09:39:28,18307.95,50,1422650
20221107,09:39:32,18305.20,50,1422650
20221107,09:39:33,18307.95,150,1422650
20221107,09:39:35,18307.95,50,1422650
20221107,09:39:36,18305.65,50,1422650
20221107,09:39:38,18305.50,50,1422650
20221107,09:39:43,18305.05,50,1422650
20221107,09:39:46,18305.05,50,1422650
20221107,09:39:51,18309.55,50,1422650
20221107,09:39:53,18310.55,150,1422650
20221107,09:40:01,18308.35,50,1422650
20221107,09:40:02,18305.00,50,1422650
20221107,09:40:03,18305.00,200,1422650
20221107,09:40:04,18303.05,150,1422650
20221107,09:40:14,18305.90,50,1422650
20221107,09:40:29,18308.75,50,1422650
20221107,09:40:32,18305.95,100,1422650
20221107,09:40:35,18305.90,50,1422650
20221107,09:40:38,18306.00,100,1422650
20221107,09:40:41,18307.00,50,1422650
20221107,09:40:42,18310.10,50,1422650
20221107,09:40:43,18309.85,50,1422650
20221107,09:40:45,18305.95,50,1422650
20221107,09:40:49,18308.30,250,1422650
20221107,09:40:53,18306.35,100,1422650
20221107,09:40:55,18306.35,50,1422650
20221107,09:40:57,18307.75,50,1422650
20221107,09:41:03,18305.90,100,1422650
20221107,09:41:07,18309.05,100,1422650
20221107,09:41:11,18305.90,550,1422650
20221107,09:41:14,18306.60,100,1422650
20221107,09:41:19,18308.60,50,1422650
20221107,09:41:23,18306.00,50,1422650
20221107,09:41:30,18309.00,50,1423600
20221107,09:41:37,18309.80,50,1423600
20221107,09:41:38,18311.70,1000,1423600
20221107,09:41:43,18309.00,50,1423600
20221107,09:41:46,18309.00,50,1423600
20221107,09:41:48,18306.10,1050,1423600
20221107,09:41:53,18309.00,50,1423600
20221107,09:41:57,18309.00,50,1423600
20221107,09:42:02,18311.80,50,1423600
20221107,09:42:13,18312.60,1000,1423600
20221107,09:42:14,18311.15,50,1423600
20221107,09:42:17,18310.00,50,1423600
20221107,09:42:19,18309.20,50,1423600
20221107,09:42:21,18310.00,50,1423600
20221107,09:42:25,18313.60,1050,1423600
20221107,09:42:26,18309.20,50,1423600
20221107,09:42:29,18310.00,50,1423600
20221107,09:42:31,18311.20,50,1423600
20221107,09:42:36,18310.15,300,1423600
20221107,09:42:38,18311.75,50,1423600
20221107,09:42:41,18310.00,50,1423600
20221107,09:42:44,18311.00,100,1423600
20221107,09:42:49,18314.90,150,1423600
20221107,09:42:54,18310.00,350,1423600
20221107,09:42:57,18312.15,50,1423600
20221107,09:43:04,18310.00,200,1423600
20221107,09:43:05,18309.20,200,1423600
20221107,09:43:07,18309.20,250,1423600
20221107,09:43:08,18309.00,150,1423600
20221107,09:43:13,18313.55,100,1423600
20221107,09:43:18,18310.00,50,1423600
20221107,09:43:21,18310.00,50,1423600
20221107,09:43:22,18307.35,100,1423600
20221107,09:43:25,18307.50,350,1423600
20221107,09:43:28,18306.35,50,1423600
20221107,09:43:30,18306.10,150,1423600
20221107,09:43:31,18303.35,200,1423600
20221107,09:43:32,18302.50,50,1423600
20221107,09:43:33,18305.60,100,1423600
20221107,09:43:34,18302.30,50,1423600
20221107,09:43:35,18305.55,50,1423600
20221107,09:43:36,18305.75,150,1423600
20221107,09:43:42,18301.90,50,1423600
20221107,09:43:54,18301.15,50,1423600
20221107,09:43:55,18301.15,50,1423600
20221107,09:44:01,18301.10,50,1423600
20221107,09:44:02,18301.00,150,1423600
20221107,09:44:03,18301.00,50,1423600
20221107,09:44:04,18301.00,50,1423600
20221107,09:44:05,18300.00,1250,1423600
20221107,09:44:06,18298.90,100,1423600
20221107,09:44:09,18298.90,850,1423600
20221107,09:44:12,18300.10,100,1423600
20221107,09:44:17,18298.15,50,1423600
20221107,09:44:18,18298.15,300,1423600
20221107,09:44:21,18299.00,50,1423600
20221107,09:44:24,18299.00,100,1423600
20221107,09:44:25,18300.10,100,1423600
20221107,09:44:26,18301.00,150,1423600
20221107,09:44:32,18300.25,100,1428500
20221107,09:44:34,18301.05,50,1428500
20221107,09:44:37,18304.55,50,1428500
20221107,09:44:49,18304.85,100,1428500
20221107,09:44:51,18301.45,50,1428500
20221107,09:44:56,18305.00,50,1428500
20221107,09:44:58,18304.65,100,1428500
20221107,09:45:03,18304.00,50,1428500
20221107,09:45:12,18302.75,200,1428500
20221107,09:45:13,18301.00,50,1428500
20221107,09:45:14,18302.00,100,1428500
20221107,09:45:15,18301.90,150,1428500
20221107,09:45:16,18301.00,100,1428500
20221107,09:45:17,18300.25,50,1428500
20221107,09:45:18,18299.00,150,1428500
20221107,09:45:26,18298.00,50,1428500
20221107,09:45:27,18296.80,100,1428500
20221107,09:45:31,18298.00,50,1428500
20221107,09:45:35,18297.70,50,1428500
20221107,09:45:36,18295.90,150,1428500
20221107,09:45:41,18295.45,50,1428500
20221107,09:45:45,18295.00,150,1428500
20221107,09:45:46,18295.00,50,1428500
20221107,09:45:53,18295.00,50,1428500
20221107,09:45:54,18296.85,50,1428500
20221107,09:45:56,18295.00,150,1428500
20221107,09:45:59,18290.40,50,1428500
20221107,09:46:02,18290.05,50,1428500
20221107,09:46:03,18290.05,50,1428500
20221107,09:46:05,18290.05,50,1428500
20221107,09:46:06,18290.00,50,1428500
20221107,09:46:08,18290.00,50,1428500
20221107,09:46:10,18290.00,50,1428500
20221107,09:46:12,18289.00,350,1428500
20221107,09:46:14,18287.05,100,1428500
20221107,09:46:18,18293.00,50,1428500
20221107,09:46:23,18292.00,50,1428500
20221107,09:46:24,18295.00,50,1428500
20221107,09:46:26,18293.30,500,1428500
20221107,09:46:31,18296.00,50,1428500
20221107,09:46:39,18295.90,50,1428500
20221107,09:46:45,18293.80,50,1428500
20221107,09:46:46,18293.80,200,1428500
20221107,09:46:50,18293.25,50,1428500
20221107,09:46:54,18292.00,50,1428500
20221107,09:47:01,18293.00,50,1428500
20221107,09:47:10,18290.10,50,1428500
20221107,09:47:16,18289.95,100,1428500
20221107,09:47:24,18288.00,50,1428500
20221107,09:47:26,18286.05,50,1428500
20221107,09:47:28,18286.05,150,1428500
20221107,09:47:34,18287.85,50,1429200
20221107,09:47:36,18287.95,50,1429200
20221107,09:47:40,18287.00,1000,1429200
20221107,09:47:41,18290.00,150,1429200
20221107,09:47:50,18288.00,250,1429200
20221107,09:47:52,18291.15,1000,1429200
20221107,09:47:58,18295.00,100,1429200
20221107,09:48:02,18292.70,50,1429200
20221107,09:48:06,18293.50,100,1429200
20221107,09:48:15,18289.00,150,1429200
20221107,09:48:21,18289.00,300,1429200
20221107,09:48:43,18290.20,50,1429200
20221107,09:48:51,18293.20,150,1429200
20221107,09:48:56,18294.90,150,1429200
20221107,09:48:57,18295.25,200,1429200
20221107,09:49:10,18295.35,50,1429200
20221107,09:49:13,18292.20,50,1429200
20221107,09:49:15,18295.25,50,1429200
20221107,09:49:18,18295.25,300,1429200
20221107,09:49:26,18295.00,150,1429200
20221107,09:49:29,18292.85,100,1429200
20221107,09:49:31,18292.85,100,1429200
20221107,09:49:38,18292.00,100,1429200
20221107,09:49:39,18291.45,200,1429200
20221107,09:49:41,18291.20,100,1429200
20221107,09:49:42,18290.05,200,1429200
20221107,09:49:43,18290.55,50,1429200
20221107,09:49:45,18290.55,50,1429200
20221107,09:49:50,18291.45,50,1429200
20221107,09:49:51,18291.90,50,1429200
20221107,09:49:53,18294.75,400,1429200
20221107,09:50:06,18291.00,50,1429200
20221107,09:50:11,18290.05,150,1429200
20221107,09:50:12,18292.55,50,1429200
20221107,09:50:15,18290.00,150,1429200
20221107,09:50:24,18290.10,50,1429200
20221107,09:50:25,18291.85,100,1429200
20221107,09:50:28,18290.00,50,1428700
20221107,09:50:29,18291.40,50,1428700
20221107,09:50:30,18289.30,100,1428700
20221107,09:50:35,18288.85,250,1428700
20221107,09:50:36,18288.80,50,1428700
20221107,09:50:39,18290.25,150,1428700
20221107,09:50:40,18290.80,50,1428700
20221107,09:50:42,18288.70,50,1428700
20221107,09:50:43,18290.80,50,1428700
20221107,09:50:47,18287.35,50,1428700
20221107,09:50:48,18286.00,150,1428700
20221107,09:50:49,18285.00,300,1428700
20221107,09:50:52,18285.00,50,1428700
20221107,09:50:53,18285.00,100,1428700
20221107,09:50:58,18285.00,50,1428700
20221107,09:51:03,18285.75,150,1428700
20221107,09:51:05,18284.05,50,1428700
20221107,09:51:08,18283.65,200,1428700
20221107,09:51:09,18283.25,100,1428700
20221107,09:51:10,18283.90,250,1428700
20221107,09:51:16,18283.90,100,1428700
20221107,09:51:18,18282.00,150,1428700
20221107,09:51:19,18281.70,100,1428700
20221107,09:51:21,18281.70,50,1428700
20221107,09:51:22,18280.05,50,1428700
20221107,09:51:26,18280.05,50,1428700
20221107,09:51:27,18280.90,150,1428700
20221107,09:51:29,18281.60,250,1428700
20221107,09:51:30,18281.35,150,1428700
20221107,09:51:35,18284.70,50,1428700
20221107,09:51:36,18284.70,50,1428700
20221107,09:51:38,18285.00,50,1428700
20221107,09:51:42,18288.10,100,1428700
20221107,09:51:45,18287.80,200,1428700
20221107,09:51:47,18287.95,100,1428700
20221107,09:51:50,18288.20,100,1428700
20221107,09:51:51,18288.20,50,1428700
20221107,09:52:08,18285.00,50,1428700
20221107,09:52:09,18285.00,50,1428700
20221107,09:52:16,18285.00,50,1428700
20221107,09:52:20,18285.00,200,1428700
20221107,09:52:21,18282.05,50,1428700
20221107,09:52:22,18285.45,50,1428700
20221107,09:52:25,18287.25,400,1428700
20221107,09:52:29,18289.45,50,1428700
20221107,09:52:37,18289.80,50,1428700
20221107,09:52:38,18289.45,50,1428700
20221107,09:52:38,18286.40,50,1428700
20221107,09:52:39,18286.20,50,1428700
20221107,09:52:41,18288.75,100,1428700
20221107,09:52:44,18288.75,50,1428700
20221107,09:52:55,18286.45,50,1428700
20221107,09:52:57,18286.50,100,1428700
20221107,09:52:58,18287.10,150,1428700
20221107,09:53:00,18287.35,50,1428700
20221107,09:53:06,18287.15,150,1428700
20221107,09:53:08,18288.00,50,1428700
20221107,09:53:09,18289.75,300,1428700
20221107,09:53:15,18292.00,50,1428700
20221107,09:53:31,18294.25,50,1428950
20221107,09:53:35,18295.25,100,1428950
20221107,09:53:38,18295.00,100,1428950
20221107,09:53:39,18293.00,50,1428950
20221107,09:53:40,18295.60,50,1428950
20221107,09:53:45,18293.80,150,1428950
20221107,09:53:46,18294.70,50,1428950
20221107,09:53:47,18293.80,100,1428950
20221107,09:53:49,18294.05,200,1428950
20221107,09:53:54,18294.70,50,1428950
20221107,09:53:58,18295.00,50,1428950
20221107,09:54:02,18295.00,50,1428950
20221107,09:54:04,18295.00,150,1428950
20221107,09:54:07,18295.00,50,1428950
20221107,09:54:14,18296.00,50,1428950
20221107,09:54:23,18296.00,50,1428950
20221107,09:54:25,18296.00,50,1428950
20221107,09:54:28,18294.55,50,1428950
20221107,09:54:31,18294.55,50,1428950
20221107,09:54:32,18294.00,50,1428950
20221107,09:54:34,18293.15,50,1428950
20221107,09:54:37,18290.00,200,1428950
20221107,09:54:42,18289.90,50,1428950
20221107,09:54:43,18287.00,150,1428950
20221107,09:54:44,18286.00,50,1428950
20221107,09:54:47,18287.45,50,1428950
20221107,09:54:56,18285.05,200,1428950
20221107,09:54:57,18284.15,150,1428950
20221107,09:54:59,18284.15,50,1428950
20221107,09:55:03,18284.00,50,1428950
20221107,09:55:04,18284.05,100,1428950
20221107,09:55:06,18286.20,50,1428950
20221107,09:55:13,18286.20,50,1428950
20221107,09:55:14,18284.00,150,1428950
20221107,09:55:16,18280.60,200,1428950
20221107,09:55:24,18283.95,50,1428950
20221107,09:55:25,18283.95,50,1428950
20221107,09:55:29,18284.40,50,1428950
20221107,09:55:31,18281.00,250,1428950
20221107,09:55:32,18282.20,300,1428950
20221107,09:55:37,18280.85,100,1428950
20221107,09:55:38,18280.00,50,1428950
20221107,09:55:39,18280.00,100,1428950
20221107,09:55:40,18280.00,100,1428950
20221107,09:55:41,18280.00,200,1428950
20221107,09:55:42,18280.00,100,1428950
20221107,09:55:43,18282.90,50,1428950
20221107,09:55:44,18280.00,100,1428950
20221107,09:55:45,18278.05,250,1428950
20221107,09:55:46,18277.75,150,1428950
20221107,09:55:52,18277.75,50,1428950
20221107,09:55:55,18280.00,50,1428950
20221107,09:55:59,18280.00,100,1428950
20221107,09:56:02,18280.00,50,1428950
20221107,09:56:11,18280.30,100,1428950
20221107,09:56:13,18283.25,50,1428950
20221107,09:56:16,18286.20,100,1428950
20221107,09:56:17,18284.75,50,1428950
20221107,09:56:21,18285.60,850,1428950
20221107,09:56:26,18285.70,50,1428950
20221107,09:56:34,18286.65,50,1429450
20221107,09:56:36,18286.65,100,1429450
20221107,09:56:40,18286.70,50,1429450
20221107,09:56:41,18290.00,100,1429450
20221107,09:56:42,18290.90,550,1429450
20221107,09:56:47,18291.00,50,1429450
20221107,09:56:59,18290.65,50,1429450
20221107,09:57:03,18294.00,50,1429450
20221107,09:57:05,18297.00,50,1429450
20221107,09:57:07,18299.00,300,1429450
20221107,09:57:10,18300.00,600,1429450
20221107,09:57:12,18300.00,50,1429450
20221107,09:57:18,18300.85,50,1429450
20221107,09:57:23,18295.40,50,1429450
20221107,09:57:31,18291.20,400,1429450
20221107,09:57:37,18294.45,700,1429450
20221107,09:57:38,18293.80,50,1429450
20221107,09:57:39,18294.15,50,1429450
20221107,09:57:41,18294.65,250,1429450
20221107,09:57:46,18292.20,50,1429450
20221107,09:57:52,18293.70,50,1429450
20221107,09:57:54,18293.00,100,1429450
20221107,09:58:05,18293.00,50,1429450
20221107,09:58:09,18291.50,50,1429450
20221107,09:58:10,18290.95,200,1429450
20221107,09:58:11,18291.25,50,1429450
20221107,09:58:12,18291.05,50,1429450
20221107,09:58:13,18291.70,50,1429450
20221107,09:58:15,18291.25,100,1429450
20221107,09:58:16,18290.40,50,1429450
20221107,09:58:25,18290.00,100,1429450
20221107,09:58:26,18292.05,1000,1429450
20221107,09:58:27,18292.85,50,1429450
20221107,09:58:30,18290.40,50,1429450
20221107,09:58:31,18290.70,100,1429450
20221107,09:58:32,18290.40,250,1429450
20221107,09:58:33,18290.75,100,1429450
20221107,09:58:35,18290.40,100,1429450
20221107,09:58:37,18290.70,150,1429450
20221107,09:58:38,18290.70,100,1429450
20221107,09:58:42,18289.15,100,1429450
20221107,09:58:43,18290.00,100,1429450
20221107,09:58:44,18288.85,200,1429450
20221107,09:58:45,18292.05,50,1429450
20221107,09:58:47,18291.55,150,1429450
20221107,09:58:50,18291.30,150,1429450
20221107,09:59:02,18288.00,50,1429450
20221107,09:59:04,18289.20,50,1429450
20221107,09:59:07,18289.20,100,1429450
20221107,09:59:11,18286.00,50,1429450
20221107,09:59:12,18288.50,1000,1429450
20221107,09:59:13,18287.70,50,1429450
20221107,09:59:18,18285.45,50,1429450
20221107,09:59:20,18288.15,200,1429450
20221107,09:59:22,18285.00,100,1429450
20221107,09:59:23,18285.00,100,1429450
20221107,09:59:24,18285.00,50,1429450
20221107,09:59:26,18285.95,150,1429450
20221107,09:59:27,18285.00,100,1429450
20221107,09:59:28,18286.45,400,1429450
20221107,09:59:40,18284.10,100,1429700
20221107,09:59:43,18283.10,50,1429700
20221107,09:59:49,18283.00,100,1429700
20221107,09:59:50,18282.10,200,1429700
20221107,09:59:51,18283.10,150,1429700
20221107,09:59:52,18283.90,50,1429700
20221107,09:59:54,18280.65,300,1429700
20221107,10:00:02,18283.30,100,1429700
20221107,10:00:12,18286.10,50,1429700
20221107,10:00:25,18287.05,100,1429700
20221107,10:00:29,18288.00,50,1429700
20221107,10:00:30,18290.00,50,1429700
20221107,10:00:32,18290.00,100,1429700
20221107,10:00:33,18288.60,100,1429700
20221107,10:00:36,18291.15,100,1429700
20221107,10:00:37,18290.95,100,1429700
20221107,10:00:39,18290.05,100,1429700
20221107,10:00:41,18291.95,50,1429700
20221107,10:00:43,18292.55,100,1429700
20221107,10:00:56,18295.15,50,1429700
20221107,10:00:59,18291.40,50,1429700
20221107,10:01:02,18295.15,50,1429700
20221107,10:01:06,18292.55,50,1429700
20221107,10:01:14,18295.65,100,1429700
20221107,10:01:14,18295.75,50,1429700
20221107,10:01:17,18297.20,150,1429700
20221107,10:01:22,18296.75,50,1429700
20221107,10:01:32,18296.85,50,1429700
20221107,10:01:42,18296.85,900,1429700
20221107,10:01:50,18296.00,50,1429700
20221107,10:01:54,18295.00,50,1429700
20221107,10:01:56,18294.00,600,1429700
20221107,10:01:58,18294.00,400,1429700
20221107,10:01:59,18295.55,250,1429700
20221107,10:02:02,18296.25,100,1429700
20221107,10:02:11,18296.30,50,1429700
20221107,10:02:12,18295.00,50,1429700
20221107,10:02:15,18295.00,100,1429700
20221107,10:02:26,18297.00,50,1429700
20221107,10:02:33,18298.30,50,1431000
20221107,10:02:34,18298.00,150,1431000
20221107,10:02:50,18300.00,150,1431000
20221107,10:02:51,18300.00,50,1431000
20221107,10:02:53,18300.00,400,1431000
20221107,10:02:59,18301.00,50,1431000
20221107,10:03:00,18300.00,50,1431000
20221107,10:03:02,18300.00,50,1431000
20221107,10:03:03,18299.75,50,1431000
20221107,10:03:08,18298.15,50,1431000
20221107,10:03:10,18297.50,250,1431000
20221107,10:03:12,18297.15,500,1431000
20221107,10:03:21,18298.35,100,1431000
20221107,10:03:23,18297.80,800,1431000
20221107,10:03:39,18297.05,50,1431000
20221107,10:03:45,18298.85,100,1431000
20221107,10:03:50,18297.00,50,1431000
20221107,10:03:59,18297.80,50,1431000
20221107,10:04:08,18298.35,200,1431000
20221107,10:04:25,18295.80,50,1431000
20221107,10:04:28,18295.35,50,1431000
20221107,10:04:43,18295.05,50,1431000
20221107,10:04:44,18295.05,50,1431000
20221107,10:04:45,18295.00,50,1431000
20221107,10:04:50,18294.00,250,1431000
20221107,10:04:51,18294.00,100,1431000
20221107,10:05:00,18292.00,100,1431000
20221107,10:05:03,18292.00,50,1431000
20221107,10:05:04,18292.40,150,1431000
20221107,10:05:05,18294.00,50,1431000
20221107,10:05:12,18294.95,50,1431000
20221107,10:05:15,18295.25,100,1431000
20221107,10:05:16,18295.00,50,1431000
20221107,10:05:17,18296.00,50,1431000
20221107,10:05:23,18297.90,50,1431000
20221107,10:05:28,18298.85,50,1431000
20221107,10:05:32,18299.00,50,1431550
20221107,10:05:35,18298.00,50,1431550
20221107,10:05:42,18299.00,50,1431550
20221107,10:05:46,18296.00,200,1431550
20221107,10:05:48,18295.05,50,1431550
20221107,10:05:58,18295.05,50,1431550
20221107,10:06:06,18295.00,50,1431550
20221107,10:06:10,18292.05,100,1431550
20221107,10:06:25,18292.00,50,1431550
20221107,10:06:29,18294.25,50,1431550
20221107,10:06:32,18294.20,100,1431550
20221107,10:06:37,18293.60,50,1431550
20221107,10:06:47,18294.00,50,1431550
20221107,10:06:53,18294.30,50,1431550
20221107,10:07:06,18294.95,300,1431550
20221107,10:07:07,18293.95,100,1431550
20221107,10:07:18,18294.00,50,1431550
20221107,10:07:20,18293.10,200,1431550
20221107,10:07:22,18293.10,50,1431550
20221107,10:07:27,18293.60,150,1431550
20221107,10:07:28,18294.80,200,1431550
20221107,10:07:37,18294.75,150,1431550
20221107,10:07:45,18295.00,50,1431550
20221107,10:08:00,18296.00,350,1431550
20221107,10:08:09,18296.55,300,1431550
20221107,10:08:32,18296.35,50,1432650
20221107,10:08:53,18295.55,50,1432650
20221107,10:08:59,18295.00,50,1432650
20221107,10:09:12,18295.00,50,1432650
20221107,10:09:22,18294.55,150,1432650
20221107,10:09:25,18293.70,100,1432650
20221107,10:09:26,18294.00,50,1432650
20221107,10:09:28,18293.00,50,1432650
20221107,10:09:29,18293.65,50,1432650
20221107,10:09:31,18292.80,150,1432650
20221107,10:09:32,18292.00,200,1432650
20221107,10:09:38,18292.35,50,1432650
20221107,10:09:40,18291.00,50,1432650
20221107,10:09:41,18290.10,100,1432650
20221107,10:09:42,18291.00,200,1432650
20221107,10:10:01,18288.95,50,1432650
20221107,10:10:15,18289.20,50,1432650
20221107,10:10:21,18289.25,50,1432650
20221107,10:10:28,18290.00,500,1432650
20221107,10:10:32,18289.15,100,1432650
20221107,10:10:35,18288.10,100,1432650
20221107,10:10:42,18287.65,50,1432650
20221107,10:10:46,18286.00,50,1432650
20221107,10:10:48,18285.00,100,1432650
20221107,10:10:49,18285.00,50,1432650
20221107,10:10:50,18285.00,150,1432650
20221107,10:10:51,18285.00,200,1432650
20221107,10:10:52,18285.00,150,1432650
20221107,10:10:53,18285.00,100,1432650
20221107,10:10:55,18285.00,50,1432650
20221107,10:10:56,18285.00,50,1432650
20221107,10:11:00,18285.00,50,1432650
20221107,10:11:03,18285.00,100,1432650
20221107,10:11:04,18285.00,250,1432650
20221107,10:11:08,18283.55,50,1432650
20221107,10:11:19,18285.30,50,1432650
20221107,10:11:20,18285.50,150,1432650
20221107,10:11:23,18286.00,50,1432650
20221107,10:11:30,18286.45,150,1432650
20221107,10:11:37,18287.80,1100,1434100
20221107,10:11:44,18289.70,750,1434100
20221107,10:11:54,18286.45,50,1434100
20221107,10:11:55,18287.00,50,1434100
20221107,10:11:56,18287.05,100,1434100
20221107,10:11:58,18287.10,50,1434100
20221107,10:12:13,18284.95,100,1434100
20221107,10:12:15,18285.00,50,1434100
20221107,10:12:22,18286.90,150,1434100
20221107,10:12:48,18284.10,50,1434100
20221107,10:12:50,18284.10,50,1434100
20221107,10:12:54,18286.90,450,1434100
20221107,10:12:59,18283.50,50,1434100
20221107,10:13:06,18285.00,50,1434100
20221107,10:13:07,18281.95,450,1434100
20221107,10:13:09,18282.35,50,1434100
20221107,10:13:12,18283.00,200,1434100
20221107,10:13:22,18283.10,50,1434100
20221107,10:13:29,18284.35,50,1434100
20221107,10:13:31,18287.35,100,1434100
20221107,10:13:38,18283.85,50,1434100
20221107,10:13:40,18284.65,100,1434100
20221107,10:13:42,18284.65,50,1434100
20221107,10:13:47,18286.00,50,1434100
20221107,10:13:49,18283.25,300,1434100
20221107,10:13:53,18285.00,50,1434100
20221107,10:13:54,18283.15,50,1434100
20221107,10:13:55,18283.15,50,1434100
20221107,10:13:57,18283.15,100,1434100
20221107,10:13:58,18287.60,50,1434100
20221107,10:13:59,18283.85,50,1434100
20221107,10:14:05,18284.95,50,1434100
20221107,10:14:12,18281.65,100,1434100
20221107,10:14:14,18281.05,50,1434100
20221107,10:14:15,18281.75,50,1434100
20221107,10:14:22,18284.15,50,1434100
20221107,10:14:32,18282.55,650,1437750
20221107,10:14:34,18280.80,50,1437750
20221107,10:14:48,18280.50,50,1437750
20221107,10:14:52,18280.00,450,1437750
20221107,10:14:54,18275.25,2600,1437750
20221107,10:14:56,18275.00,50,1437750
20221107,10:14:57,18275.00,100,1437750
20221107,10:15:02,18275.00,100,1437750
20221107,10:15:03,18274.00,50,1437750
20221107,10:15:04,18273.00,100,1437750
20221107,10:15:06,18273.00,50,1437750
20221107,10:15:11,18273.25,50,1437750
20221107,10:15:17,18273.00,50,1437750
20221107,10:15:22,18272.80,50,1437750
20221107,10:15:23,18272.80,50,1437750
20221107,10:15:28,18272.80,100,1437750
20221107,10:15:29,18272.90,100,1437750
20221107,10:15:30,18277.90,450,1437750
20221107,10:15:34,18275.00,50,1437750
20221107,10:15:45,18273.05,200,1437750
20221107,10:15:46,18276.30,50,1437750
20221107,10:15:53,18277.15,50,1437750
20221107,10:15:58,18278.45,50,1437750
20221107,10:16:00,18274.60,100,1437750
20221107,10:16:03,18276.70,50,1437750
20221107,10:16:08,18272.70,450,1437750
20221107,10:16:28,18272.70,50,1437750
20221107,10:16:40,18277.70,100,1437750
20221107,10:16:41,18277.85,100,1437750
20221107,10:16:51,18274.85,250,1437750
20221107,10:16:59,18277.65,50,1437750
20221107,10:17:02,18275.00,50,1437750
20221107,10:17:06,18270.00,300,1437750
20221107,10:17:08,18270.00,700,1437750
20221107,10:17:09,18270.00,50,1437750
20221107,10:17:10,18270.00,50,1437750
20221107,10:17:13,18268.80,50,1437750
20221107,10:17:15,18268.80,50,1437750
20221107,10:17:18,18268.80,50,1437750
20221107,10:17:23,18267.35,150,1437750
20221107,10:17:25,18265.50,100,1437750
20221107,10:17:26,18265.00,100,1437750
20221107,10:17:27,18265.00,100,1437750
20221107,10:17:28,18265.05,200,1437750
20221107,10:17:29,18264.85,150,1437750
20221107,10:17:32,18264.85,100,1437750
20221107,10:17:35,18264.95,100,1438200
20221107,10:17:36,18264.95,50,1438200
20221107,10:17:37,18265.00,50,1438200
20221107,10:17:40,18264.90,100,1438200
20221107,10:17:42,18265.60,50,1438200
20221107,10:17:45,18265.00,50,1438200
20221107,10:17:47,18264.75,50,1438200
20221107,10:17:49,18264.75,50,1438200
20221107,10:17:50,18265.00,50,1438200
20221107,10:17:53,18265.35,150,1438200
20221107,10:17:54,18266.15,50,1438200
20221107,10:17:55,18266.90,100,1438200
20221107,10:17:58,18268.50,50,1438200
20221107,10:18:02,18266.75,250,1438200
20221107,10:18:07,18269.30,50,1438200
20221107,10:18:10,18267.00,100,1438200
20221107,10:18:11,18267.10,50,1438200
20221107,10:18:13,18267.45,50,1438200
20221107,10:18:16,18269.55,50,1438200
20221107,10:18:19,18271.25,50,1438200
20221107,10:18:32,18271.55,50,1438200
20221107,10:18:34,18273.05,100,1438200
20221107,10:18:46,18271.55,50,1438200
20221107,10:18:56,18271.55,50,1438200
20221107,10:19:04,18270.00,50,1438200
20221107,10:19:05,18270.00,50,1438200
20221107,10:19:35,18270.00,100,1438200
20221107,10:19:38,18270.00,50,1438200
20221107,10:19:40,18270.00,50,1438200
20221107,10:19:44,18270.90,50,1438200
20221107,10:19:45,18271.10,50,1438200
20221107,10:19:48,18270.55,50,1438200
20221107,10:19:53,18270.60,50,1438200
20221107,10:19:54,18273.00,50,1438200
20221107,10:19:55,18271.15,50,1438200
20221107,10:20:03,18270.90,50,1438200
20221107,10:20:08,18270.00,100,1438200
20221107,10:20:12,18268.15,50,1438200
20221107,10:20:13,18269.70,50,1438200
20221107,10:20:23,18270.00,50,1438200
20221107,10:20:25,18269.85,50,1438200
20221107,10:20:28,18270.90,50,1438200
20221107,10:20:32,18273.00,50,1438200
20221107,10:20:33,18273.35,100,1438800
20221107,10:20:38,18272.80,50,1438800
20221107,10:20:48,18271.25,50,1438800
20221107,10:20:51,18272.80,50,1438800
20221107,10:20:53,18271.25,50,1438800
20221107,10:20:57,18270.00,100,1438800
20221107,10:20:59,18271.05,150,1438800
20221107,10:21:00,18271.05,50,1438800
20221107,10:21:02,18269.90,50,1438800
20221107,10:21:03,18269.60,50,1438800
20221107,10:21:04,18268.00,50,1438800
20221107,10:21:16,18270.05,50,1438800
20221107,10:21:27,18270.60,50,1438800
20221107,10:21:28,18270.40,50,1438800
20221107,10:21:35,18268.00,50,1438800
20221107,10:21:36,18268.15,100,1438800
20221107,10:21:40,18265.90,50,1438800
20221107,10:21:42,18265.00,150,1438800
20221107,10:21:43,18264.75,250,1438800
20221107,10:22:08,18264.75,150,1438800
20221107,10:22:09,18264.05,150,1438800
20221107,10:22:13,18266.35,50,1438800
20221107,10:22:16,18267.30,50,1438800
20221107,10:22:23,18270.00,50,1438800
20221107,10:22:24,18267.65,50,1438800
20221107,10:22:25,18269.30,50,1438800
20221107,10:22:28,18270.00,50,1438800
20221107,10:22:36,18273.70,200,1438800
20221107,10:22:55,18270.00,50,1438800
20221107,10:23:00,18273.70,50,1438800
20221107,10:23:02,18274.30,50,1438800
20221107,10:23:03,18273.70,50,1438800
20221107,10:23:10,18273.70,50,1438800
20221107,10:23:12,18270.10,50,1438800
20221107,10:23:12,18272.70,50,1438800
20221107,10:23:18,18269.65,100,1438800
20221107,10:23:19,18269.85,50,1438800
20221107,10:23:24,18268.60,50,1438800
20221107,10:23:25,18268.30,50,1438800
20221107,10:23:27,18270.70,100,1438800
20221107,10:23:45,18269.95,50,1439700
20221107,10:23:49,18271.15,200,1439700
20221107,10:23:56,18270.55,50,1439700
20221107,10:24:04,18271.05,50,1439700
20221107,10:24:05,18270.80,50,1439700
20221107,10:24:12,18271.15,50,1439700
20221107,10:24:21,18271.15,50,1439700
20221107,10:24:29,18273.80,50,1439700
20221107,10:24:32,18270.65,50,1439700
20221107,10:24:42,18274.25,250,1439700
20221107,10:24:48,18271.10,50,1439700
20221107,10:24:49,18273.75,50,1439700
20221107,10:24:50,18271.55,50,1439700
20221107,10:24:51,18271.95,50,1439700
20221107,10:24:57,18270.90,150,1439700
20221107,10:25:00,18270.90,50,1439700
20221107,10:25:02,18271.85,50,1439700
20221107,10:25:04,18271.75,50,1439700
20221107,10:25:12,18273.35,50,1439700
20221107,10:25:14,18270.40,50,1439700
20221107,10:25:17,18269.65,500,1439700
20221107,10:25:19,18271.55,50,1439700
20221107,10:25:23,18270.40,50,1439700
20221107,10:25:32,18272.15,50,1439700
20221107,10:25:38,18270.05,50,1439700
20221107,10:25:40,18272.40,50,1439700
20221107,10:25:55,18269.00,150,1439700
20221107,10:25:56,18267.00,650,1439700
20221107,10:25:57,18270.75,400,1439700
20221107,10:26:10,18267.85,50,1439700
20221107,10:26:18,18270.50,50,1439700
20221107,10:26:24,18269.90,50,1439700
20221107,10:26:25,18270.50,50,1439700
20221107,10:26:27,18270.45,150,1439700
20221107,10:26:42,18273.00,100,1440450
20221107,10:26:44,18270.60,50,1440450
20221107,10:26:53,18272.10,50,1440450
20221107,10:26:56,18270.10,50,1440450
20221107,10:27:10,18270.65,50,1440450
20221107,10:27:22,18271.20,300,1440450
20221107,10:27:23,18271.20,50,1440450
20221107,10:27:29,18272.00,100,1440450
20221107,10:27:45,18273.40,50,1440450
20221107,10:27:47,18275.05,150,1440450
20221107,10:28:03,18275.40,50,1440450
20221107,10:28:07,18275.05,50,1440450
20221107,10:28:12,18275.00,150,1440450
20221107,10:28:13,18274.05,100,1440450
20221107,10:28:20,18274.70,50,1440450
20221107,10:28:28,18274.05,50,1440450
20221107,10:28:31,18274.00,250,1440450
20221107,10:28:49,18275.90,50,1440450
20221107,10:28:51,18273.15,50,1440450
20221107,10:29:11,18273.15,100,1440450
20221107,10:29:26,18275.75,100,1440450
20221107,10:29:27,18276.70,100,1440450
20221107,10:29:30,18276.85,50,1440450
20221107,10:29:31,18277.90,50,1440450
20221107,10:29:50,18277.70,50,1440350
20221107,10:29:56,18277.00,100,1440350
20221107,10:29:58,18277.70,50,1440350
20221107,10:29:59,18277.00,100,1440350
20221107,10:30:00,18277.75,50,1440350
20221107,10:30:02,18276.35,50,1440350
20221107,10:30:03,18276.55,100,1440350
20221107,10:30:13,18275.00,100,1440350
20221107,10:30:19,18275.35,50,1440350
20221107,10:30:34,18279.80,150,1440350
20221107,10:30:37,18280.00,50,1440350
20221107,10:30:38,18280.35,100,1440350
20221107,10:30:48,18279.05,100,1440350
20221107,10:30:49,18279.60,50,1440350
20221107,10:30:50,18278.00,50,1440350
20221107,10:30:56,18279.20,50,1440350
20221107,10:31:02,18278.00,50,1440350
20221107,10:31:06,18278.10,50,1440350
20221107,10:31:38,18279.95,50,1440350
20221107,10:31:50,18280.50,100,1440350
20221107,10:32:02,18280.45,100,1440350
20221107,10:32:03,18282.95,50,1440350
20221107,10:32:05,18283.05,50,1440350
20221107,10:32:18,18283.00,150,1440350
20221107,10:32:26,18283.20,50,1440350
20221107,10:32:37,18283.35,50,1440900
20221107,10:32:44,18284.80,150,1440900
20221107,10:32:57,18283.00,200,1440900
20221107,10:33:11,18280.30,100,1440900
20221107,10:33:12,18280.35,50,1440900
20221107,10:33:25,18280.35,50,1440900
20221107,10:33:49,18278.00,650,1440900
20221107,10:33:50,18275.35,50,1440900
20221107,10:33:54,18277.60,50,1440900
20221107,10:33:55,18275.00,50,1440900
20221107,10:34:22,18275.00,100,1440900
20221107,10:34:23,18275.00,450,1440900
20221107,10:34:45,18277.00,50,1440900
20221107,10:34:52,18275.00,50,1440900
20221107,10:34:53,18275.00,50,1440900
20221107,10:34:54,18273.15,50,1440900
20221107,10:35:04,18273.15,50,1440900
20221107,10:35:05,18274.80,50,1440900
20221107,10:35:14,18271.40,50,1440900
20221107,10:35:25,18271.45,50,1440900
20221107,10:35:44,18271.45,50,1442450
20221107,10:35:47,18270.00,100,1442450
20221107,10:35:52,18270.00,100,1442450
20221107,10:36:11,18271.45,50,1442450
20221107,10:36:17,18272.10,50,1442450
20221107,10:36:23,18276.30,200,1442450
20221107,10:37:12,18278.70,50,1442450
20221107,10:37:15,18275.00,50,1442450
20221107,10:37:31,18277.00,50,1442450
20221107,10:37:49,18275.00,100,1442450
20221107,10:37:50,18275.10,500,1442450
20221107,10:38:06,18277.00,150,1442450
20221107,10:38:22,18277.00,50,1442450
20221107,10:38:27,18275.90,50,1442450
20221107,10:38:39,18280.00,50,1442700
20221107,10:38:56,18280.00,50,1442700
20221107,10:38:58,18280.00,250,1442700
20221107,10:38:59,18280.00,50,1442700
20221107,10:39:00,18280.00,50,1442700
20221107,10:39:01,18280.00,500,1442700
20221107,10:39:02,18280.00,1400,1442700
20221107,10:39:03,18280.00,350,1442700
20221107,10:39:03,18280.00,1900,1442700
20221107,10:39:04,18280.00,700,1442700
20221107,10:39:05,18280.00,200,1442700
20221107,10:39:07,18280.00,700,1442700
20221107,10:39:08,18278.50,850,1442700
20221107,10:39:13,18275.00,50,1442700
20221107,10:39:22,18275.20,50,1442700
20221107,10:39:28,18275.30,50,1442700
20221107,10:39:39,18279.70,50,1442700
20221107,10:39:43,18278.70,50,1442700
20221107,10:39:45,18275.80,50,1442700
20221107,10:39:53,18275.50,50,1442700
20221107,10:40:03,18277.85,50,1442700
20221107,10:40:12,18275.20,50,1442700
20221107,10:40:14,18275.05,50,1442700
20221107,10:40:24,18276.30,50,1442700
20221107,10:40:27,18275.00,50,1442700
20221107,10:40:34,18275.00,50,1442700
20221107,10:40:50,18274.95,50,1442700
20221107,10:40:51,18275.00,50,1442700
20221107,10:41:01,18275.00,50,1442700
20221107,10:41:11,18278.30,50,1442700
20221107,10:41:40,18275.05,50,1440600
20221107,10:41:45,18278.00,150,1440600
20221107,10:41:49,18277.80,50,1440600
20221107,10:41:52,18278.20,50,1440600
20221107,10:42:41,18278.00,50,1440600
20221107,10:43:12,18275.00,200,1440600
20221107,10:43:27,18272.80,50,1440600
20221107,10:43:40,18272.80,50,1440600
20221107,10:43:44,18273.75,100,1440600
20221107,10:43:51,18273.75,50,1440600
20221107,10:43:56,18271.00,50,1440600
20221107,10:44:05,18270.10,50,1440600
20221107,10:44:07,18270.00,50,1440600
20221107,10:44:08,18270.00,150,1440600
20221107,10:44:13,18270.00,100,1440600
20221107,10:44:14,18270.00,50,1440600
20221107,10:44:15,18269.00,50,1440600
20221107,10:44:19,18268.15,50,1440600
20221107,10:44:22,18268.20,50,1440600
20221107,10:44:23,18268.20,50,1440600
20221107,10:44:33,18272.50,50,1440600
20221107,10:44:43,18270.40,50,1440950
20221107,10:44:46,18269.75,50,1440950
20221107,10:44:49,18269.50,50,1440950
20221107,10:44:57,18271.70,50,1440950
20221107,10:45:08,18271.90,50,1440950
20221107,10:45:09,18275.00,50,1440950
20221107,10:45:27,18271.45,50,1440950
20221107,10:45:28,18270.00,50,1440950
20221107,10:45:41,18271.80,50,1440950
20221107,10:45:51,18261.00,4550,1440950
20221107,10:45:52,18261.00,50,1440950
20221107,10:45:53,18260.50,100,1440950
20221107,10:45:57,18260.50,50,1440950
20221107,10:46:02,18266.30,250,1440950
20221107,10:46:09,18263.15,50,1440950
20221107,10:46:17,18263.15,50,1440950
20221107,10:46:18,18261.20,600,1440950
20221107,10:46:21,18260.25,150,1440950
20221107,10:46:30,18260.25,800,1440950
20221107,10:46:31,18260.25,100,1440950
20221107,10:46:31,18260.25,50,1440950
20221107,10:46:34,18260.00,100,1440950
20221107,10:46:37,18260.00,150,1440950
20221107,10:46:38,18260.00,100,1440950
20221107,10:46:41,18258.90,50,1440950
20221107,10:46:44,18258.90,50,1440950
20221107,10:46:52,18257.90,50,1440950
20221107,10:47:01,18257.90,50,1440950
20221107,10:47:05,18257.75,150,1440950
20221107,10:47:12,18257.75,50,1440950
20221107,10:47:27,18263.85,50,1440950
20221107,10:47:35,18263.10,50,1440950
20221107,10:47:43,18264.55,100,1444000
20221107,10:48:23,18264.55,50,1444000
20221107,10:48:56,18264.55,50,1444000
20221107,10:48:59,18266.85,50,1444000
20221107,10:49:04,18267.15,500,1444000
20221107,10:49:08,18267.35,50,1444000
20221107,10:49:11,18263.55,50,1444000
20221107,10:49:13,18267.35,50,1444000
20221107,10:49:33,18267.30,50,1444000
20221107,10:49:53,18263.00,50,1444000
20221107,10:50:10,18265.25,50,1444000
20221107,10:50:14,18264.95,50,1444000
20221107,10:50:16,18261.55,100,1444000
20221107,10:50:21,18260.35,50,1444000
20221107,10:50:22,18260.25,50,1444000
20221107,10:50:45,18260.30,150,1444650
20221107,10:50:50,18260.25,50,1444650
20221107,10:50:51,18260.00,50,1444650
20221107,10:51:00,18260.00,50,1444650
20221107,10:51:01,18260.00,50,1444650
20221107,10:51:10,18257.60,50,1444650
20221107,10:51:15,18257.60,50,1444650
20221107,10:51:20,18258.25,50,1444650
20221107,10:51:34,18258.15,50,1444650
20221107,10:51:54,18260.60,200,1444650
20221107,10:52:14,18258.35,50,1444650
20221107,10:52:28,18258.40,50,1444650
20221107,10:52:30,18260.60,50,1444650
20221107,10:52:45,18258.60,50,1444650
20221107,10:52:48,18262.80,100,1444650
20221107,10:52:49,18263.45,200,1444650
20221107,10:52:52,18261.40,200,1444650
20221107,10:53:05,18261.40,400,1444650
20221107,10:53:13,18262.00,50,1444650
20221107,10:53:14,18261.00,50,1444650
20221107,10:53:16,18264.35,50,1444650
20221107,10:53:20,18264.60,50,1444650
20221107,10:53:25,18261.00,50,1444650
20221107,10:53:36,18260.00,50,1444650
20221107,10:53:37,18259.00,200,1444900
20221107,10:53:39,18259.00,50,1444900
20221107,10:53:40,18259.00,250,1444900
20221107,10:53:42,18258.00,100,1444900
20221107,10:53:45,18260.45,50,1444900
20221107,10:53:51,18258.10,50,1444900
20221107,10:54:15,18257.30,500,1444900
20221107,10:54:30,18257.30,50,1444900
20221107,10:54:36,18260.00,50,1444900
20221107,10:55:03,18258.10,250,1444900
20221107,10:55:06,18261.95,200,1444900
20221107,10:55:12,18261.90,50,1444900
20221107,10:55:13,18256.85,800,1444900
20221107,10:55:21,18256.85,50,1444900
20221107,10:55:24,18256.20,150,1444900
20221107,10:55:25,18256.20,400,1444900
20221107,10:55:26,18262.20,100,1444900
20221107,10:55:34,18256.40,50,1444900
20221107,10:55:46,18259.55,50,1444900
20221107,10:56:16,18258.40,500,1444900
20221107,10:56:21,18260.00,50,1444900
20221107,10:56:25,18259.45,50,1444900
20221107,10:56:30,18260.00,200,1444900
20221107,10:56:37,18261.80,550,1444900
20221107,10:56:53,18263.40,100,1445000
20221107,10:57:04,18262.10,50,1445000
20221107,10:57:13,18261.95,50,1445000
20221107,10:57:17,18261.80,50,1445000
20221107,10:57:22,18262.75,50,1445000
20221107,10:57:30,18260.95,50,1445000
20221107,10:57:37,18260.00,150,1445000
20221107,10:57:50,18256.00,400,1445000
20221107,10:57:51,18254.00,600,1445000
20221107,10:57:58,18254.00,50,1445000
20221107,10:58:04,18252.30,150,1445000
20221107,10:58:05,18252.00,100,1445000
20221107,10:58:10,18251.05,50,1445000
20221107,10:58:20,18251.05,50,1445000
20221107,10:58:29,18251.00,50,1445000
20221107,10:58:37,18251.00,100,1445000
20221107,10:58:39,18251.00,50,1445000
20221107,10:58:44,18251.00,50,1445000
20221107,10:58:48,18250.00,650,1445000
20221107,10:58:52,18250.00,1000,1445000
20221107,10:58:57,18249.00,50,1445000
20221107,10:59:01,18249.00,50,1445000
20221107,10:59:06,18247.80,100,1445000
20221107,10:59:07,18247.15,100,1445000
20221107,10:59:12,18247.00,50,1445000
20221107,10:59:16,18246.00,50,1445000
20221107,10:59:19,18246.00,50,1445000
20221107,10:59:25,18245.50,100,1445000
20221107,10:59:26,18245.40,50,1445000
20221107,10:59:29,18245.40,50,1445000
20221107,10:59:34,18245.40,50,1445000
20221107,10:59:36,18247.85,50,1445000
20221107,10:59:39,18246.00,250,1445850
20221107,10:59:51,18246.90,100,1445850
20221107,11:00:06,18246.90,50,1445850
20221107,11:00:16,18249.00,50,1445850
20221107,11:00:18,18245.75,50,1445850
20221107,11:00:20,18247.60,200,1445850
20221107,11:00:22,18247.40,50,1445850
20221107,11:00:23,18247.10,50,1445850
20221107,11:00:31,18247.70,100,1445850
20221107,11:00:36,18250.00,200,1445850
20221107,11:00:40,18252.45,50,1445850
20221107,11:00:49,18252.30,50,1445850
20221107,11:00:49,18252.25,50,1445850
20221107,11:00:57,18252.25,100,1445850
20221107,11:00:59,18252.25,50,1445850
20221107,11:01:00,18252.00,200,1445850
20221107,11:01:02,18252.25,50,1445850
20221107,11:01:04,18251.70,50,1445850
20221107,11:01:05,18252.25,50,1445850
20221107,11:01:06,18251.45,50,1445850
20221107,11:01:22,18254.85,50,1445850
20221107,11:01:26,18256.35,150,1445850
20221107,11:01:27,18256.30,50,1445850
20221107,11:01:34,18259.90,50,1445850
20221107,11:01:37,18260.00,200,1445850
20221107,11:01:39,18260.00,50,1445850
20221107,11:01:48,18259.55,100,1445850
20221107,11:02:00,18259.00,50,1445850
20221107,11:02:02,18259.00,50,1445850
20221107,11:02:04,18259.55,50,1445850
20221107,11:02:12,18261.40,200,1445850
20221107,11:02:19,18262.50,100,1445850
20221107,11:02:28,18263.00,50,1445850
20221107,11:02:29,18263.15,150,1445850
20221107,11:02:30,18264.70,100,1445850
20221107,11:02:32,18261.40,100,1445850
20221107,11:02:36,18262.00,50,1445850
20221107,11:02:37,18264.50,50,1445850
20221107,11:02:54,18264.00,50,1446650
20221107,11:02:55,18264.00,50,1446650
20221107,11:03:00,18264.50,50,1446650
20221107,11:03:04,18264.00,250,1446650
20221107,11:03:05,18264.00,200,1446650
20221107,11:03:06,18264.00,100,1446650
20221107,11:03:34,18260.00,100,1446650
20221107,11:03:40,18262.95,100,1446650
20221107,11:03:43,18259.15,100,1446650
20221107,11:03:47,18259.60,50,1446650
20221107,11:03:48,18260.00,50,1446650
20221107,11:03:49,18260.00,50,1446650
20221107,11:03:54,18262.90,200,1446650
20221107,11:04:02,18260.10,50,1446650
20221107,11:05:01,18260.90,50,1446650
20221107,11:05:14,18261.05,50,1446650
20221107,11:05:18,18262.00,50,1446650
20221107,11:05:23,18262.70,250,1446650
20221107,11:05:45,18263.30,100,1446650
20221107,11:05:48,18264.10,50,1446850
20221107,11:06:04,18265.00,150,1446850
20221107,11:06:23,18265.00,50,1446850
20221107,11:06:24,18265.00,50,1446850
20221107,11:06:32,18267.05,50,1446850
20221107,11:07:13,18269.00,150,1446850
20221107,11:07:14,18269.85,50,1446850
20221107,11:07:16,18270.00,100,1446850
20221107,11:07:26,18270.05,50,1446850
20221107,11:07:28,18272.65,50,1446850
20221107,11:07:33,18272.45,200,1446850
20221107,11:07:36,18270.05,50,1446850
20221107,11:07:37,18271.20,50,1446850
20221107,11:07:42,18270.00,50,1446850
20221107,11:07:43,18269.80,200,1446850
20221107,11:07:52,18269.25,50,1446850
20221107,11:08:06,18270.00,50,1446850
20221107,11:08:07,18270.50,50,1446850
20221107,11:08:27,18270.00,50,1446850
20221107,11:08:32,18269.50,200,1446850
20221107,11:08:44,18269.65,50,1447350
20221107,11:08:52,18269.95,50,1447350
20221107,11:08:54,18269.95,50,1447350
20221107,11:09:04,18268.00,50,1447350
20221107,11:09:08,18265.05,500,1447350
20221107,11:09:14,18269.65,50,1447350
20221107,11:09:15,18273.05,100,1447350
20221107,11:09:17,18272.90,100,1447350
20221107,11:09:22,18270.45,150,1447350
20221107,11:09:39,18271.70,50,1447350
20221107,11:10:10,18275.00,100,1447350
20221107,11:10:26,18274.25,100,1447350
20221107,11:10:27,18272.05,50,1447350
20221107,11:10:48,18273.70,50,1447350
20221107,11:10:52,18273.80,50,1447350
20221107,11:10:55,18274.20,50,1447350
20221107,11:11:13,18275.00,200,1447350
20221107,11:11:16,18275.00,50,1447350
20221107,11:11:19,18273.55,50,1447350
20221107,11:11:36,18273.55,150,1447350
20221107,11:11:53,18273.55,50,1447950
20221107,11:12:16,18270.00,100,1447950
20221107,11:12:25,18269.10,50,1447950
20221107,11:12:37,18269.15,50,1447950
20221107,11:12:41,18269.00,50,1447950
20221107,11:12:49,18269.00,50,1447950
20221107,11:12:51,18269.15,50,1447950
20221107,11:13:06,18269.15,150,1447950
20221107,11:13:30,18272.00,200,1447950
20221107,11:13:47,18273.50,50,1447950
20221107,11:13:55,18271.55,50,1447950
20221107,11:14:12,18273.50,100,1447950
20221107,11:14:31,18277.20,300,1447950
20221107,11:14:39,18278.20,50,1447950
20221107,11:14:57,18278.80,50,1448500
20221107,11:15:00,18277.30,150,1448500
20221107,11:15:04,18275.30,550,1448500
20221107,11:15:16,18277.30,50,1448500
20221107,11:15:34,18277.30,100,1448500
20221107,11:15:36,18277.30,200,1448500
20221107,11:15:39,18277.10,50,1448500
20221107,11:15:48,18276.55,50,1448500
20221107,11:15:49,18277.30,50,1448500
20221107,11:16:01,18278.00,50,1448500
20221107,11:16:04,18279.95,50,1448500
20221107,11:16:09,18280.00,100,1448500
20221107,11:16:11,18280.00,200,1448500
20221107,11:16:14,18282.35,100,1448500
20221107,11:16:20,18281.70,50,1448500
20221107,11:16:22,18283.00,50,1448500
20221107,11:16:28,18283.90,100,1448500
20221107,11:16:33,18280.80,50,1448500
20221107,11:16:36,18283.00,50,1448500
20221107,11:16:51,18283.00,50,1448500
20221107,11:17:32,18283.00,50,1448500
20221107,11:17:43,18285.65,200,1448500
20221107,11:17:48,18285.55,50,1449600
20221107,11:17:57,18286.00,50,1449600
20221107,11:17:58,18286.90,50,1449600
20221107,11:18:03,18286.00,200,1449600
20221107,11:18:04,18285.55,50,1449600
20221107,11:18:11,18285.65,50,1449600
20221107,11:18:13,18285.00,50,1449600
20221107,11:18:17,18282.60,100,1449600
20221107,11:18:34,18284.15,50,1449600
20221107,11:18:36,18285.10,200,1449600
20221107,11:18:47,18284.00,50,1449600
20221107,11:18:50,18281.40,50,1449600
20221107,11:18:52,18281.30,50,1449600
20221107,11:18:55,18281.30,50,1449600
20221107,11:19:09,18281.55,500,1449600
20221107,11:19:11,18281.35,50,1449600
20221107,11:19:12,18280.80,100,1449600
20221107,11:19:13,18280.00,150,1449600
20221107,11:19:24,18278.65,50,1449600
20221107,11:19:25,18280.00,50,1449600
20221107,11:19:40,18282.00,50,1449600
20221107,11:19:44,18280.00,50,1449600
20221107,11:19:58,18282.00,700,1449600
20221107,11:20:21,18281.75,100,1449600
20221107,11:20:34,18283.95,100,1449600
20221107,11:20:43,18280.15,150,1449600
20221107,11:20:46,18282.40,50,1449600
20221107,11:20:50,18280.55,50,1449600
20221107,11:20:53,18279.35,50,1449600
20221107,11:20:56,18281.55,50,1449600
20221107,11:20:57,18279.10,50,1449600
20221107,11:20:58,18281.95,50,1449600
20221107,11:21:00,18279.10,50,1449600
20221107,11:21:05,18281.05,500,1449600
20221107,11:21:21,18279.60,100,1449600
20221107,11:21:38,18281.70,50,1449600
20221107,11:21:46,18283.00,50,1449600
20221107,11:21:52,18284.00,50,1449600
20221107,11:21:54,18283.95,50,1449600
20221107,11:22:07,18284.00,50,1449600
20221107,11:22:17,18284.00,50,1449600
20221107,11:22:18,18284.00,50,1449600
20221107,11:22:42,18284.00,50,1449600
20221107,11:22:51,18283.40,50,1449600
20221107,11:22:53,18284.00,500,1449600
20221107,11:22:57,18284.00,50,1449600
20221107,11:23:14,18283.95,100,1449600
20221107,11:23:18,18283.90,50,1449600
20221107,11:23:19,18282.25,50,1449600
20221107,11:23:20,18281.00,50,1449600
20221107,11:23:46,18283.90,50,1450000
20221107,11:23:53,18282.05,50,1450000
20221107,11:24:09,18280.00,50,1450000
20221107,11:24:16,18280.55,50,1450000
20221107,11:24:23,18279.05,50,1450000
20221107,11:24:31,18279.05,50,1450000
20221107,11:24:37,18278.70,50,1450000
20221107,11:25:11,18280.00,50,1450000
20221107,11:25:14,18282.35,100,1450000
20221107,11:25:27,18280.60,50,1450000
20221107,11:25:31,18284.00,100,1450000
20221107,11:26:02,18284.00,50,1450000
20221107,11:26:43,18282.30,50,1449950
20221107,11:26:45,18284.00,50,1449950
20221107,11:26:47,18284.00,50,1449950
20221107,11:26:48,18284.00,150,1449950
20221107,11:26:52,18282.40,1000,1449950
20221107,11:27:03,18283.00,50,1449950
20221107,11:27:04,18283.85,50,1449950
20221107,11:27:13,18279.50,1000,1449950
20221107,11:27:19,18282.85,200,1449950
20221107,11:27:31,18281.10,1000,1449950
20221107,11:27:35,18281.45,1000,1449950
20221107,11:27:53,18281.45,50,1449950
20221107,11:28:05,18284.00,50,1449950
20221107,11:28:12,18281.80,200,1449950
20221107,11:28:44,18283.90,50,1449950
20221107,11:28:46,18280.75,800,1449950
20221107,11:28:49,18283.85,100,1449950
20221107,11:28:55,18283.60,100,1449950
20221107,11:28:59,18283.90,50,1449950
20221107,11:29:00,18280.50,500,1449950
20221107,11:29:03,18281.65,200,1449950
20221107,11:29:04,18278.30,500,1449950
20221107,11:29:06,18280.50,550,1449950
20221107,11:29:24,18279.90,400,1449950
20221107,11:29:28,18283.50,50,1449950
20221107,11:29:29,18282.90,100,1449950
20221107,11:29:38,18282.80,50,1449950
20221107,11:29:41,18283.80,100,1449950
20221107,11:29:53,18283.95,150,1452900
20221107,11:29:58,18283.80,50,1452900
20221107,11:30:00,18283.80,450,1452900
20221107,11:30:10,18283.85,150,1452900
20221107,11:30:11,18283.95,50,1452900
20221107,11:30:15,18283.85,50,1452900
20221107,11:30:16,18283.95,50,1452900
20221107,11:30:17,18286.00,7000,1452900
20221107,11:30:18,18286.00,50,1452900
20221107,11:30:23,18286.40,100,1452900
20221107,11:30:28,18285.15,300,1452900
20221107,11:30:30,18288.95,50,1452900
20221107,11:30:31,18284.30,400,1452900
20221107,11:30:40,18287.80,50,1452900
20221107,11:30:43,18286.00,50,1452900
20221107,11:30:46,18285.75,50,1452900
20221107,11:31:13,18284.85,50,1452900
20221107,11:31:24,18284.00,250,1452900
20221107,11:31:36,18285.05,50,1452900
20221107,11:31:54,18287.30,50,1452900
20221107,11:32:04,18289.95,150,1452900
20221107,11:32:15,18287.20,150,1452900
20221107,11:32:17,18286.90,300,1452900
20221107,11:32:26,18289.90,50,1452900
20221107,11:32:35,18289.95,50,1452900
20221107,11:32:44,18289.95,50,1448850
20221107,11:32:46,18289.95,50,1448850
20221107,11:32:47,18292.00,300,1448850
20221107,11:33:07,18292.75,100,1448850
20221107,11:33:13,18291.45,50,1448850
20221107,11:33:14,18291.45,50,1448850
20221107,11:33:16,18290.20,50,1448850
20221107,11:33:24,18292.35,250,1448850
20221107,11:33:28,18290.15,100,1448850
20221107,11:33:33,18287.50,500,1448850
20221107,11:33:39,18289.15,50,1448850
20221107,11:33:47,18289.65,50,1448850
20221107,11:34:00,18289.00,200,1448850
20221107,11:34:25,18290.00,100,1448850
20221107,11:34:49,18291.80,50,1448850
20221107,11:34:50,18291.75,50,1448850
20221107,11:34:59,18291.90,50,1448850
20221107,11:35:01,18291.90,200,1448850
20221107,11:35:12,18295.00,50,1448850
20221107,11:35:22,18295.00,100,1448850
20221107,11:35:26,18295.00,50,1448850
20221107,11:35:27,18295.00,50,1448850
20221107,11:35:28,18295.00,50,1448850
20221107,11:35:45,18294.00,50,1449550
20221107,11:36:18,18293.35,50,1449550
20221107,11:36:19,18292.90,200,1449550
20221107,11:36:22,18292.15,50,1449550
20221107,11:36:35,18291.05,50,1449550
20221107,11:36:44,18290.80,100,1449550
20221107,11:36:54,18290.80,900,1449550
20221107,11:36:56,18295.00,50,1449550
20221107,11:37:00,18296.00,150,1449550
20221107,11:37:02,18297.00,150,1449550
20221107,11:37:05,18298.00,300,1449550
20221107,11:37:15,18298.10,50,1449550
20221107,11:37:30,18298.10,100,1449550
20221107,11:37:32,18298.00,850,1449550
20221107,11:37:33,18295.00,50,1449550
20221107,11:37:54,18295.30,50,1449550
20221107,11:37:55,18297.45,50,1449550
20221107,11:38:06,18296.00,150,1449550
20221107,11:38:09,18295.80,100,1449550
20221107,11:38:26,18295.00,200,1449550
20221107,11:38:33,18293.80,50,1449550
20221107,11:38:50,18294.20,50,1449200
20221107,11:39:00,18296.75,100,1449200
20221107,11:39:04,18295.00,50,1449200
20221107,11:39:20,18293.45,50,1449200
20221107,11:40:07,18292.70,50,1449200
20221107,11:40:08,18290.00,50,1449200
20221107,11:40:12,18290.00,50,1449200
20221107,11:40:14,18290.00,100,1449200
20221107,11:40:15,18290.00,500,1449200
20221107,11:40:16,18290.00,150,1449200
20221107,11:40:17,18290.00,50,1449200
20221107,11:40:18,18290.00,650,1449200
20221107,11:40:19,18290.00,550,1449200
20221107,11:40:54,18290.85,150,1449200
20221107,11:40:55,18288.30,150,1449200
20221107,11:40:59,18287.40,50,1449200
20221107,11:41:00,18290.55,100,1449200
20221107,11:41:11,18285.45,300,1449200
20221107,11:41:14,18284.90,100,1449200
20221107,11:41:28,18286.35,50,1449200
20221107,11:41:51,18286.70,100,1447500
20221107,11:42:05,18282.05,50,1447500
20221107,11:42:11,18284.05,150,1447500
20221107,11:42:17,18286.70,50,1447500
20221107,11:42:18,18287.70,100,1447500
20221107,11:42:30,18287.95,50,1447500
20221107,11:42:49,18286.75,50,1447500
20221107,11:43:07,18286.40,50,1447500
20221107,11:43:12,18282.25,100,1447500
20221107,11:43:27,18282.00,50,1447500
20221107,11:43:28,18282.00,50,1447500
20221107,11:43:36,18281.05,50,1447500
20221107,11:43:37,18283.85,50,1447500
20221107,11:43:53,18284.75,50,1447500
20221107,11:43:56,18283.85,50,1447500
20221107,11:43:56,18283.85,100,1447500
20221107,11:43:58,18283.85,250,1447500
20221107,11:44:03,18283.85,150,1447500
20221107,11:44:15,18280.55,50,1447500
20221107,11:44:22,18279.00,50,1447500
20221107,11:44:28,18280.00,50,1447500
20221107,11:44:29,18282.90,350,1447500
20221107,11:44:40,18280.30,200,1447500
20221107,11:45:18,18280.90,50,1447850
20221107,11:45:38,18281.95,50,1447850
20221107,11:45:41,18280.90,50,1447850
20221107,11:45:44,18280.00,50,1447850
20221107,11:45:54,18277.95,100,1447850
20221107,11:45:56,18280.00,50,1447850
20221107,11:46:08,18277.40,50,1447850
20221107,11:46:23,18276.60,250,1447850
20221107,11:46:37,18280.00,50,1447850
20221107,11:46:39,18280.85,50,1447850
20221107,11:47:06,18280.30,500,1447850
20221107,11:47:31,18280.00,100,1447850
20221107,11:47:41,18282.70,50,1447850
20221107,11:47:42,18280.00,100,1447850
20221107,11:47:54,18279.05,50,1448050
20221107,11:47:55,18280.00,100,1448050
20221107,11:48:06,18281.75,150,1448050
20221107,11:48:39,18285.00,50,1448050
20221107,11:48:49,18285.00,200,1448050
20221107,11:48:50,18285.05,50,1448050
20221107,11:48:51,18287.95,50,1448050
20221107,11:48:58,18288.40,50,1448050
20221107,11:49:02,18289.95,50,1448050
20221107,11:49:11,18283.80,100,1448050
20221107,11:49:15,18286.90,100,1448050
20221107,11:49:54,18286.00,50,1448050
20221107,11:49:55,18285.50,100,1448050
20221107,11:49:57,18285.00,100,1448050
20221107,11:50:00,18283.20,50,1448050
20221107,11:50:03,18285.15,50,1448050
20221107,11:50:06,18284.90,50,1448050
20221107,11:50:10,18287.00,50,1448050
20221107,11:50:12,18287.85,50,1448050
20221107,11:50:18,18286.95,100,1448050
20221107,11:50:19,18288.70,50,1448050
20221107,11:50:25,18287.10,50,1448050
20221107,11:50:33,18286.40,50,1448050
20221107,11:50:34,18285.40,50,1448050
20221107,11:50:42,18287.30,50,1448050
20221107,11:50:49,18289.65,300,1448000
20221107,11:51:01,18290.00,150,1448000
20221107,11:51:04,18290.60,50,1448000
20221107,11:51:09,18291.00,50,1448000
20221107,11:51:14,18291.00,200,1448000
20221107,11:51:17,18294.00,150,1448000
20221107,11:51:26,18296.60,150,1448000
20221107,11:51:31,18294.00,50,1448000
20221107,11:51:41,18293.85,50,1448000
20221107,11:51:51,18295.50,50,1448000
20221107,11:52:16,18293.85,200,1448000
20221107,11:52:26,18293.25,50,1448000
20221107,11:52:27,18292.50,150,1448000
20221107,11:52:28,18293.20,100,1448000
20221107,11:52:29,18293.20,50,1448000
20221107,11:53:02,18292.45,200,1448000
20221107,11:53:03,18294.90,150,1448000
20221107,11:53:52,18293.40,50,1448000
20221107,11:53:52,18293.45,50,1447850
20221107,11:53:53,18294.05,100,1447850
20221107,11:53:54,18294.15,100,1447850
20221107,11:54:00,18293.65,150,1447850
20221107,11:54:01,18293.25,50,1447850
20221107,11:54:02,18293.55,350,1447850
20221107,11:54:04,18293.50,50,1447850
20221107,11:54:34,18294.00,50,1447850
20221107,11:54:48,18291.95,50,1447850
20221107,11:54:50,18291.25,50,1447850
20221107,11:54:51,18290.90,50,1447850
20221107,11:55:03,18290.00,50,1447850
20221107,11:55:29,18289.00,50,1447850
20221107,11:55:43,18288.40,50,1447850
20221107,11:55:49,18289.35,50,1447850
20221107,11:56:02,18287.00,50,1447850
20221107,11:56:04,18285.10,150,1447850
20221107,11:56:39,18285.70,50,1447850
20221107,11:56:53,18287.05,50,1447900
20221107,11:57:01,18287.05,50,1447900
20221107,11:57:22,18287.00,50,1447900
20221107,11:57:23,18287.00,50,1447900
20221107,11:57:37,18285.20,50,1447900
20221107,11:58:26,18290.85,350,1447900
20221107,11:58:55,18292.60,100,1447900
20221107,11:58:58,18293.90,200,1447900
20221107,11:59:07,18293.70,50,1447900
20221107,11:59:21,18293.90,100,1447900
20221107,11:59:59,18293.05,50,1448050
20221107,12:00:00,18293.30,150,1448050
20221107,12:00:01,18293.70,50,1448050
20221107,12:00:02,18293.70,100,1448050
20221107,12:00:05,18293.40,50,1448050
20221107,12:00:08,18291.00,50,1448050
20221107,12:00:12,18292.10,50,1448050
20221107,12:00:14,18291.05,100,1448050
20221107,12:00:20,18287.00,50,1448050
20221107,12:00:43,18285.05,50,1448050
20221107,12:00:56,18285.10,500,1448050
20221107,12:01:01,18288.25,100,1448050
20221107,12:01:17,18285.05,50,1448050
20221107,12:01:18,18286.45,50,1448050
20221107,12:01:19,18285.10,50,1448050
20221107,12:01:20,18285.10,50,1448050
20221107,12:01:21,18285.10,100,1448050
20221107,12:01:22,18285.15,100,1448050
20221107,12:01:23,18285.15,150,1448050
20221107,12:01:24,18285.85,50,1448050
20221107,12:02:34,18288.35,50,1448050
20221107,12:02:35,18285.20,50,1448050
20221107,12:02:36,18289.00,50,1448050
20221107,12:02:51,18287.65,50,1447950
20221107,12:02:52,18287.65,50,1447950
20221107,12:02:54,18287.40,50,1447950
20221107,12:03:08,18287.40,50,1447950
20221107,12:03:14,18288.00,50,1447950
20221107,12:04:09,18290.90,200,1447950
20221107,12:04:30,18289.80,100,1447950
20221107,12:04:38,18286.15,50,1447950
20221107,12:04:43,18289.80,50,1447950
20221107,12:04:44,18287.30,250,1447950
20221107,12:05:02,18290.45,50,1447950
20221107,12:05:19,18288.45,50,1447950
20221107,12:06:04,18290.40,50,1447800
20221107,12:06:13,18292.20,200,1447800
20221107,12:06:16,18293.95,100,1447800
20221107,12:06:29,18294.65,50,1447800
20221107,12:07:33,18294.55,50,1447800
20221107,12:07:39,18295.00,50,1447800
20221107,12:07:48,18296.00,50,1447800
20221107,12:08:19,18295.00,100,1447800
20221107,12:08:29,18291.35,50,1447800
20221107,12:08:56,18295.00,50,1447900
20221107,12:08:56,18295.95,50,1447900
20221107,12:09:49,18291.00,50,1447900
20221107,12:10:00,18290.00,50,1447900
20221107,12:10:15,18293.60,100,1447900
20221107,12:10:16,18295.00,300,1447900
20221107,12:10:21,18295.00,350,1447900
20221107,12:10:57,18295.95,50,1447900
20221107,12:10:59,18296.00,50,1447900
20221107,12:11:07,18295.30,50,1447900
20221107,12:11:32,18295.30,50,1447900
20221107,12:11:40,18294.70,200,1447900
20221107,12:11:46,18294.40,50,1447900
20221107,12:12:11,18293.90,50,1447600
20221107,12:12:17,18291.70,50,1447600
20221107,12:12:27,18293.85,50,1447600
20221107,12:12:33,18291.50,50,1447600
20221107,12:12:45,18292.20,100,1447600
20221107,12:12:49,18292.15,100,1447600
20221107,12:12:59,18291.05,300,1447600
20221107,12:13:01,18291.00,200,1447600
20221107,12:13:14,18291.80,150,1447600
20221107,12:13:42,18290.00,50,1447600
20221107,12:13:55,18290.60,50,1447600
20221107,12:14:15,18290.60,100,1447600
20221107,12:14:40,18290.60,50,1447600
20221107,12:14:49,18290.00,50,1447600
20221107,12:14:57,18290.10,50,1446950
20221107,12:15:03,18292.85,100,1446950
20221107,12:15:13,18292.85,50,1446950
20221107,12:16:08,18290.35,50,1446950
20221107,12:16:32,18290.05,50,1446950
20221107,12:16:58,18294.00,50,1446950
20221107,12:17:01,18298.00,150,1446950
20221107,12:17:15,18298.00,100,1446950
20221107,12:18:24,18290.00,200,1446900
20221107,12:18:28,18291.20,200,1446900
20221107,12:18:48,18290.20,100,1446900
20221107,12:19:17,18290.20,50,1446900
20221107,12:19:22,18288.70,300,1446900
20221107,12:19:46,18287.70,50,1446900
20221107,12:19:47,18291.35,50,1446900
20221107,12:19:52,18289.10,50,1446900
20221107,12:20:01,18289.75,50,1446900
20221107,12:20:03,18292.80,100,1446900
20221107,12:20:04,18289.10,50,1446900
20221107,12:21:02,18285.55,50,1446650
20221107,12:21:03,18289.00,50,1446650
20221107,12:21:21,18289.00,50,1446650
20221107,12:21:33,18290.00,50,1446650
20221107,12:21:34,18292.00,100,1446650
20221107,12:21:37,18292.25,50,1446650
20221107,12:22:14,18290.00,50,1446650
20221107,12:22:23,18291.40,50,1446650
20221107,12:22:26,18292.70,150,1446650
20221107,12:22:29,18292.70,50,1446650
20221107,12:22:53,18297.45,50,1446650
20221107,12:23:04,18294.15,50,1446650
20221107,12:23:57,18294.05,50,1446650
20221107,12:24:03,18296.75,50,1446650
20221107,12:24:44,18293.25,100,1446650
20221107,12:25:02,18295.50,50,1446650
20221107,12:25:18,18290.60,200,1446650
20221107,12:26:35,18294.00,50,1446650
20221107,12:26:37,18295.00,50,1446650
20221107,12:26:42,18297.95,50,1446650
20221107,12:27:16,18294.45,50,1446750
20221107,12:28:20,18294.90,50,1446750
20221107,12:29:29,18294.45,100,1446750
20221107,12:29:32,18294.55,100,1446750
20221107,12:30:14,18295.20,300,1446900
20221107,12:30:52,18294.35,100,1446900
20221107,12:31:12,18293.00,100,1446900
20221107,12:31:13,18292.40,50,1446900
20221107,12:31:14,18290.35,400,1446900
20221107,12:31:51,18292.30,50,1446900
20221107,12:32:04,18293.50,150,1446900
20221107,12:32:42,18289.05,50,1446900
20221107,12:33:17,18287.00,100,1446900
20221107,12:33:18,18286.90,100,1446900
20221107,12:33:19,18285.40,100,1446900
20221107,12:33:20,18285.95,100,1446900
20221107,12:33:21,18285.00,50,1446900
20221107,12:33:34,18282.00,50,1446900
20221107,12:33:36,18281.20,50,1446900
20221107,12:33:38,18278.85,600,1446900
20221107,12:33:39,18280.00,300,1446900
20221107,12:33:40,18280.00,150,1446900
20221107,12:33:47,18280.00,100,1446900
20221107,12:33:49,18282.00,100,1446900
20221107,12:33:50,18283.70,50,1446900
20221107,12:34:07,18280.05,50,1446900
20221107,12:34:10,18280.00,50,1446900
20221107,12:34:21,18275.00,300,1446900
20221107,12:34:28,18274.65,50,1446900
20221107,12:34:43,18280.35,50,1446900
20221107,12:34:57,18279.75,50,1446900
20221107,12:35:00,18276.05,50,1446900
20221107,12:35:01,18276.55,50,1446900
20221107,12:35:08,18275.00,50,1446900
20221107,12:35:16,18279.90,200,1446900
20221107,12:35:19,18277.90,100,1446900
20221107,12:35:37,18276.40,50,1446900
20221107,12:35:47,18275.00,50,1446900
20221107,12:35:50,18274.00,50,1446900
20221107,12:35:55,18273.75,100,1446750
20221107,12:35:57,18271.70,350,1446750
20221107,12:36:09,18270.30,150,1446750
20221107,12:36:13,18272.90,100,1446750
20221107,12:36:24,18273.00,100,1446750
20221107,12:36:40,18271.60,50,1446750
20221107,12:36:44,18271.70,150,1446750
20221107,12:36:50,18270.05,50,1446750
20221107,12:36:53,18270.00,100,1446750
20221107,12:37:04,18271.70,50,1446750
20221107,12:37:06,18275.10,100,1446750
20221107,12:37:09,18271.25,50,1446750
20221107,12:37:11,18270.55,50,1446750
20221107,12:37:46,18272.10,50,1446750
20221107,12:37:49,18272.15,50,1446750
20221107,12:37:50,18272.10,50,1446750
20221107,12:37:53,18272.10,100,1446750
20221107,12:38:03,18272.10,100,1446750
20221107,12:38:13,18272.10,50,1446750
20221107,12:38:27,18272.80,50,1446750
20221107,12:38:36,18272.10,50,1446750
20221107,12:38:49,18272.75,50,1446750
20221107,12:38:58,18270.55,50,1446350
20221107,12:39:00,18270.00,50,1446350
20221107,12:39:01,18269.95,50,1446350
20221107,12:39:05,18267.35,50,1446350
20221107,12:39:07,18266.60,100,1446350
20221107,12:39:21,18266.80,50,1446350
20221107,12:39:22,18266.75,50,1446350
20221107,12:39:30,18266.75,200,1446350
20221107,12:39:35,18267.00,100,1446350
20221107,12:39:39,18267.45,50,1446350
20221107,12:39:41,18266.00,50,1446350
20221107,12:39:47,18265.15,300,1446350
20221107,12:39:49,18266.00,50,1446350
20221107,12:39:50,18265.00,50,1446350
20221107,12:39:59,18269.75,100,1446350
20221107,12:40:08,18269.50,100,1446350
20221107,12:40:09,18269.50,50,1446350
20221107,12:40:15,18269.00,150,1446350
20221107,12:40:19,18268.80,550,1446350
20221107,12:40:22,18270.50,100,1446350
20221107,12:40:28,18270.00,50,1446350
20221107,12:40:31,18269.90,200,1446350
20221107,12:40:40,18270.00,50,1446350
20221107,12:40:41,18269.90,50,1446350
20221107,12:40:48,18270.25,200,1446350
20221107,12:40:56,18267.05,100,1446350
20221107,12:41:07,18267.00,200,1446350
20221107,12:41:13,18269.65,100,1446350
20221107,12:41:19,18269.70,50,1446350
20221107,12:41:28,18269.00,100,1446350
20221107,12:41:30,18267.00,50,1446350
20221107,12:41:31,18266.40,50,1446350
20221107,12:41:37,18264.90,250,1446350
20221107,12:41:38,18268.55,600,1446350
20221107,12:41:39,18264.10,50,1446350
20221107,12:41:42,18267.00,50,1446350
20221107,12:41:44,18265.30,100,1446350
20221107,12:41:59,18267.65,50,1446800
20221107,12:42:10,18266.70,550,1446800
20221107,12:42:20,18265.30,50,1446800
20221107,12:42:23,18264.85,250,1446800
20221107,12:42:24,18265.05,150,1446800
20221107,12:42:25,18265.05,100,1446800
20221107,12:42:43,18268.70,50,1446800
20221107,12:42:55,18268.70,50,1446800
20221107,12:43:16,18268.40,50,1446800
20221107,12:43:32,18268.25,100,1446800
20221107,12:43:48,18266.85,50,1446800
20221107,12:43:59,18266.05,50,1446800
20221107,12:44:01,18266.00,50,1446800
20221107,12:44:07,18265.00,50,1446800
20221107,12:44:14,18265.00,50,1446800
20221107,12:44:14,18267.20,50,1446800
20221107,12:44:34,18265.00,50,1446800
20221107,12:44:38,18263.05,50,1446800
20221107,12:44:45,18263.75,50,1446800
20221107,12:44:47,18263.30,100,1446800
20221107,12:44:49,18263.20,50,1446800
20221107,12:44:51,18263.75,150,1446800
20221107,12:44:52,18263.05,100,1446800
20221107,12:45:00,18265.65,250,1446650
20221107,12:45:08,18265.65,50,1446650
20221107,12:45:23,18264.35,50,1446650
20221107,12:45:30,18268.30,50,1446650
20221107,12:45:38,18263.00,50,1446650
20221107,12:45:41,18266.40,50,1446650
20221107,12:45:56,18263.65,50,1446650
20221107,12:46:31,18263.10,100,1446650
20221107,12:46:39,18263.65,150,1446650
20221107,12:46:43,18264.35,50,1446650
20221107,12:46:56,18265.75,100,1446650
20221107,12:47:06,18267.00,50,1446650
20221107,12:47:17,18269.45,100,1446650
20221107,12:47:25,18271.20,50,1446650
20221107,12:47:40,18271.35,50,1446650
20221107,12:48:08,18272.00,100,1446800
20221107,12:48:25,18270.00,50,1446800
20221107,12:48:29,18272.00,50,1446800
20221107,12:48:35,18272.00,400,1446800
20221107,12:48:39,18275.00,50,1446800
20221107,12:48:53,18275.15,50,1446800
20221107,12:49:04,18272.00,50,1446800
20221107,12:49:21,18272.00,50,1446800
20221107,12:49:44,18272.00,50,1446800
20221107,12:49:56,18277.00,1800,1446800
20221107,12:50:12,18276.00,50,1446800
20221107,12:50:20,18273.65,50,1446800
20221107,12:50:30,18273.45,50,1446800
20221107,12:51:00,18274.00,100,1448600
20221107,12:51:04,18271.10,100,1448600
20221107,12:51:12,18271.00,100,1448600
20221107,12:51:18,18270.00,100,1448600
20221107,12:51:26,18267.80,50,1448600
20221107,12:51:42,18268.30,50,1448600
20221107,12:52:02,18272.10,100,1448600
20221107,12:52:30,18272.10,50,1448600
20221107,12:52:36,18270.45,50,1448600
20221107,12:52:54,18274.15,50,1448600
20221107,12:52:56,18272.95,100,1448600
20221107,12:53:10,18272.10,50,1448600
20221107,12:53:18,18270.45,50,1448600
20221107,12:53:39,18271.35,100,1448600
20221107,12:53:50,18270.00,100,1448600
20221107,12:53:57,18270.00,100,1448600
20221107,12:54:05,18267.00,300,1449000
20221107,12:54:06,18267.00,200,1449000
20221107,12:54:13,18265.00,100,1449000
20221107,12:54:17,18263.80,50,1449000
20221107,12:54:23,18263.25,50,1449000
20221107,12:54:33,18263.00,50,1449000
20221107,12:54:34,18261.55,150,1449000
20221107,12:54:53,18261.55,150,1449000
20221107,12:54:55,18261.00,50,1449000
20221107,12:54:57,18261.00,50,1449000
20221107,12:55:15,18261.00,100,1449000
20221107,12:55:28,18260.35,100,1449000
20221107,12:55:29,18260.00,50,1449000
20221107,12:55:30,18260.00,250,1449000
20221107,12:55:31,18255.40,250,1449000
20221107,12:55:42,18255.40,200,1449000
20221107,12:55:43,18255.75,50,1449000
20221107,12:55:49,18259.00,50,1449000
20221107,12:55:50,18260.00,50,1449000
20221107,12:56:35,18263.35,50,1449000
20221107,12:56:44,18264.95,50,1449000
20221107,12:57:07,18269.15,50,1449650
20221107,12:57:42,18267.65,50,1449650
20221107,12:58:00,18268.00,50,1449650
20221107,12:58:13,18261.55,50,1449650
20221107,12:58:33,18263.95,50,1449650
20221107,12:59:38,18266.20,50,1449650
20221107,12:59:41,18266.95,50,1449650
20221107,12:59:48,18265.60,50,1449650
20221107,13:00:18,18265.85,250,1449800
20221107,13:00:30,18265.85,50,1449800
20221107,13:00:44,18266.30,50,1449800
20221107,13:00:50,18266.40,50,1449800
20221107,13:00:51,18267.25,50,1449800
20221107,13:00:54,18269.00,150,1449800
20221107,13:01:34,18271.00,50,1449800
20221107,13:01:36,18272.40,150,1449800
20221107,13:01:38,18272.40,50,1449800
20221107,13:02:02,18271.00,150,1449800
20221107,13:02:03,18270.00,50,1449800
20221107,13:02:12,18270.00,50,1449800
20221107,13:02:13,18270.00,150,1449800
20221107,13:02:15,18269.00,100,1449800
20221107,13:02:21,18269.00,50,1449800
20221107,13:02:24,18268.55,50,1449800
20221107,13:02:36,18262.85,50,1449800
20221107,13:02:44,18262.00,50,1449800
20221107,13:03:00,18261.50,50,1449250
20221107,13:03:01,18261.00,50,1449250
20221107,13:03:03,18260.50,100,1449250
20221107,13:03:05,18260.00,50,1449250
20221107,13:03:09,18261.50,50,1449250
20221107,13:03:15,18260.00,50,1449250
20221107,13:03:17,18256.75,50,1449250
20221107,13:03:38,18258.15,50,1449250
20221107,13:03:47,18259.65,50,1449250
20221107,13:03:55,18261.80,50,1449250
20221107,13:04:02,18259.80,50,1449250
20221107,13:04:03,18259.15,50,1449250
20221107,13:04:09,18259.15,50,1449250
20221107,13:04:20,18259.15,300,1449250
20221107,13:04:40,18255.50,100,1449250
20221107,13:04:57,18255.00,100,1449250
20221107,13:05:02,18254.00,100,1449250
20221107,13:05:14,18253.00,50,1449250
20221107,13:05:29,18253.50,100,1449250
20221107,13:05:30,18253.00,50,1449250
20221107,13:05:31,18253.00,50,1449250
20221107,13:05:37,18256.35,100,1449250
20221107,13:05:42,18255.00,50,1449250
20221107,13:06:11,18256.00,50,1450000
20221107,13:06:18,18257.65,50,1450000
20221107,13:06:23,18258.25,100,1450000
20221107,13:06:26,18256.30,500,1450000
20221107,13:06:30,18257.60,200,1450000
20221107,13:06:47,18258.00,50,1450000
20221107,13:07:06,18258.00,50,1450000
20221107,13:07:09,18257.50,50,1450000
20221107,13:07:27,18256.45,100,1450000
20221107,13:07:36,18255.00,150,1450000
20221107,13:07:40,18253.05,50,1450000
20221107,13:07:47,18255.00,50,1450000
20221107,13:08:06,18255.00,50,1450000
20221107,13:08:23,18259.95,50,1450000
20221107,13:08:43,18256.00,50,1450000
20221107,13:08:53,18257.40,200,1450000
20221107,13:09:07,18256.40,100,1450200
20221107,13:09:23,18256.00,50,1450200
20221107,13:09:29,18256.00,200,1450200
20221107,13:09:30,18254.55,50,1450200
20221107,13:09:36,18254.00,50,1450200
20221107,13:09:41,18255.85,300,1450200
20221107,13:10:15,18257.60,100,1450200
20221107,13:10:23,18257.60,50,1450200
20221107,13:10:35,18258.00,50,1450200
20221107,13:10:36,18257.60,50,1450200
20221107,13:10:44,18258.75,100,1450200
20221107,13:10:45,18258.70,100,1450200
20221107,13:10:46,18260.00,100,1450200
20221107,13:10:58,18258.60,100,1450200
20221107,13:11:06,18260.00,50,1450200
20221107,13:12:08,18259.50,100,1450000
20221107,13:12:14,18259.50,50,1450000
20221107,13:12:22,18259.50,400,1450000
20221107,13:12:39,18258.00,100,1450000
20221107,13:12:43,18258.00,50,1450000
20221107,13:12:45,18259.50,300,1450000
20221107,13:12:46,18259.50,250,1450000
20221107,13:12:47,18262.00,150,1450000
20221107,13:12:48,18262.00,450,1450000
20221107,13:12:51,18262.00,400,1450000
20221107,13:13:07,18262.00,100,1450000
20221107,13:13:10,18262.00,500,1450000
20221107,13:13:12,18261.90,50,1450000
20221107,13:13:24,18261.90,50,1450000
20221107,13:13:46,18257.95,100,1450000
20221107,13:13:47,18257.95,1350,1450000
20221107,13:13:51,18262.40,50,1450000
20221107,13:13:56,18263.30,50,1450000
20221107,13:14:13,18263.30,50,1450000
20221107,13:14:19,18262.10,100,1450000
20221107,13:14:48,18258.35,450,1450000
20221107,13:14:55,18256.75,800,1450000
20221107,13:14:56,18254.30,900,1450000
20221107,13:14:57,18253.80,50,1450000
20221107,13:14:58,18253.75,450,1450000
20221107,13:14:59,18253.20,400,1450000
20221107,13:15:27,18254.20,100,1454100
20221107,13:15:34,18255.70,50,1454100
20221107,13:15:35,18257.85,50,1454100
20221107,13:15:40,18258.20,50,1454100
20221107,13:15:42,18254.10,1850,1454100
20221107,13:15:44,18254.40,300,1454100
20221107,13:15:50,18254.10,100,1454100
20221107,13:16:03,18254.05,100,1454100
20221107,13:16:06,18253.20,100,1454100
20221107,13:16:12,18252.00,100,1454100
20221107,13:16:13,18250.15,100,1454100
20221107,13:16:19,18253.30,50,1454100
20221107,13:17:16,18252.00,50,1454100
20221107,13:17:31,18254.00,50,1454100
20221107,13:17:33,18256.85,50,1454100
20221107,13:17:51,18258.00,50,1454100
20221107,13:17:54,18258.35,50,1454100
20221107,13:18:20,18260.70,50,1456300
20221107,13:18:32,18261.25,50,1456300
20221107,13:18:47,18260.20,50,1456300
20221107,13:19:16,18262.85,50,1456300
20221107,13:19:18,18261.75,50,1456300
20221107,13:19:24,18259.20,50,1456300
20221107,13:19:39,18260.00,100,1456300
20221107,13:19:49,18260.60,150,1456300
20221107,13:19:52,18260.10,50,1456300
20221107,13:20:23,18261.85,50,1456300
20221107,13:20:27,18265.75,50,1456300
20221107,13:20:47,18260.00,100,1456300
20221107,13:21:01,18256.00,50,1456300
20221107,13:21:17,18255.00,100,1456250
20221107,13:21:45,18255.40,700,1456250
20221107,13:21:47,18255.40,50,1456250
20221107,13:22:30,18252.00,100,1456250
20221107,13:22:32,18253.95,50,1456250
20221107,13:22:50,18255.40,50,1456250
20221107,13:22:52,18252.00,100,1456250
20221107,13:23:09,18252.00,50,1456250
20221107,13:23:11,18252.65,50,1456250
20221107,13:23:29,18250.05,100,1456250
20221107,13:23:30,18252.80,50,1456250
20221107,13:23:44,18250.00,1400,1456250
20221107,13:23:45,18241.00,4700,1456250
20221107,13:23:46,18241.00,150,1456250
20221107,13:23:57,18241.00,150,1456250
20221107,13:23:58,18242.25,100,1456250
20221107,13:24:02,18238.90,800,1459350
20221107,13:24:03,18238.90,50,1459350
20221107,13:24:05,18240.35,500,1459350
20221107,13:24:07,18237.80,100,1459350
20221107,13:24:10,18237.00,50,1459350
20221107,13:24:11,18236.00,50,1459350
20221107,13:24:13,18235.75,650,1459350
20221107,13:24:15,18234.30,150,1459350
20221107,13:24:17,18234.30,50,1459350
20221107,13:24:19,18234.25,50,1459350
20221107,13:24:22,18234.20,100,1459350
20221107,13:24:35,18234.20,500,1459350
20221107,13:24:41,18238.40,50,1459350
20221107,13:24:46,18236.95,50,1459350
20221107,13:24:47,18234.00,250,1459350
20221107,13:24:51,18233.35,50,1459350
20221107,13:24:57,18232.95,50,1459350
20221107,13:25:00,18231.85,400,1459350
20221107,13:25:03,18230.00,750,1459350
20221107,13:25:05,18228.00,850,1459350
20221107,13:25:08,18228.00,100,1459350
20221107,13:25:11,18226.35,350,1459350
20221107,13:25:36,18226.35,50,1459350
20221107,13:25:39,18235.10,50,1459350
20221107,13:25:44,18235.45,250,1459350
20221107,13:25:50,18234.35,50,1459350
20221107,13:25:52,18234.60,200,1459350
20221107,13:25:57,18235.45,200,1459350
20221107,13:26:00,18235.30,50,1459350
20221107,13:26:03,18234.35,100,1459350
20221107,13:26:09,18230.20,350,1459350
20221107,13:26:10,18230.40,300,1459350
20221107,13:26:14,18234.50,200,1459350
20221107,13:26:34,18233.00,50,1459350
20221107,13:26:40,18235.20,100,1459350
20221107,13:26:47,18235.00,50,1459350
20221107,13:26:55,18235.00,50,1459350
20221107,13:26:58,18236.70,400,1459350
20221107,13:27:03,18235.00,50,1460450
20221107,13:27:27,18233.00,50,1460450
20221107,13:27:37,18233.20,300,1460450
20221107,13:27:49,18229.00,500,1460450
20221107,13:27:50,18229.00,100,1460450
20221107,13:27:52,18231.00,250,1460450
20221107,13:27:53,18227.50,200,1460450
20221107,13:27:58,18227.35,50,1460450
20221107,13:28:07,18226.00,150,1460450
20221107,13:28:08,18225.00,300,1460450
20221107,13:28:09,18225.00,150,1460450
