20221107,09:15:01,18350.00,1,203000
20221107,09:15:01,18415.25,1,203000
20221107,09:15:01,18400.00,350,203000
20221107,09:15:03,18415.70,250,203000
20221107,09:15:03,18407.00,50,203000
20221107,09:15:04,18400.00,2000,203000
20221107,09:15:06,18422.10,750,203000
20221107,09:15:07,18404.60,50,203000
20221107,09:15:09,18412.00,750,203000
20221107,09:15:11,18416.90,50,203000
20221107,09:15:12,18417.30,550,203000
20221107,09:15:13,18407.00,50,203000
20221107,09:15:15,18408.20,50,203000
20221107,09:15:16,18424.95,50,203000
20221107,09:15:18,18425.00,250,203000
20221107,09:15:20,18425.00,50,203000
20221107,09:15:20,18416.15,100,203000
20221107,09:15:22,18424.20,50,203000
20221107,09:15:23,18424.95,50,203000
20221107,09:15:24,18419.15,150,203000
20221107,09:15:27,18422.00,50,203000
20221107,09:15:28,18423.15,100,203000
20221107,09:15:32,18425.05,100,203000
20221107,09:15:34,18425.05,450,203000
20221107,09:15:40,18420.05,50,203000
20221107,09:15:47,18420.05,250,203000
20221107,09:15:54,18420.20,50,203000
20221107,09:15:55,18420.45,50,203000
20221107,09:15:56,18420.70,250,203000
20221107,09:15:59,18422.00,50,203000
20221107,09:15:59,18422.40,50,203000
20221107,09:16:01,18426.00,350,203000
20221107,09:16:04,18426.95,100,203000
20221107,09:16:07,18429.95,50,203000
20221107,09:16:11,18429.95,50,203000
20221107,09:16:12,18426.00,200,203000
20221107,09:16:13,18426.95,50,203000
20221107,09:16:17,18430.00,250,203000
20221107,09:16:21,18430.00,100,203000
20221107,09:16:22,18425.65,50,203000
20221107,09:16:30,18425.65,50,203000
20221107,09:16:32,18421.65,150,203000
20221107,09:16:38,18420.00,50,203000
20221107,09:16:39,18420.00,150,203000
20221107,09:16:44,18418.00,150,203000
20221107,09:16:45,18420.40,50,203000
20221107,09:16:46,18420.00,50,203000
20221107,09:16:49,18415.60,100,203000
20221107,09:16:50,18420.00,1000,203000
20221107,09:16:52,18415.05,100,203000
20221107,09:16:54,18415.00,150,203000
20221107,09:16:56,18415.55,200,203000
20221107,09:16:58,18413.80,50,203000
20221107,09:17:07,18409.65,100,203000
20221107,09:17:09,18413.80,100,203000
20221107,09:17:11,18414.75,150,203000
20221107,09:17:12,18413.75,100,203000
20221107,09:17:14,18412.75,250,203000
20221107,09:17:19,18415.00,50,203950
20221107,09:17:20,18412.00,100,203950
20221107,09:17:25,18415.65,300,203950
20221107,09:17:33,18408.15,1000,203950
20221107,09:17:35,18411.25,50,203950
20221107,09:17:39,18410.45,50,203950
20221107,09:17:41,18413.95,300,203950
20221107,09:17:42,18413.95,50,203950
20221107,09:17:47,18413.95,150,203950
20221107,09:17:53,18410.05,100,203950
20221107,09:17:55,18410.05,50,203950
20221107,09:17:57,18413.95,100,203950
20221107,09:18:02,18410.35,50,203950
20221107,09:18:03,18414.00,300,203950
20221107,09:18:10,18413.95,50,203950
20221107,09:18:11,18413.75,100,203950
20221107,09:18:22,18411.40,50,203950
20221107,09:18:23,18411.20,50,203950
20221107,09:18:24,18411.10,200,203950
20221107,09:18:25,18411.20,400,203950
20221107,09:18:28,18406.75,100,203950
20221107,09:18:29,18411.15,100,203950
20221107,09:18:34,18409.45,300,203950
20221107,09:18:35,18413.25,200,203950
20221107,09:18:38,18411.15,200,203950
20221107,09:18:43,18411.15,50,203950
20221107,09:18:44,18411.15,50,203950
20221107,09:18:52,18412.00,150,203950
20221107,09:18:56,18411.25,50,203950
20221107,09:18:58,18410.05,100,203950
20221107,09:18:59,18410.05,300,203950
20221107,09:19:10,18410.00,100,203950
20221107,09:19:12,18409.90,50,203950
20221107,09:19:21,18410.95,50,203950
20221107,09:19:22,18410.50,50,203950
20221107,09:19:26,18409.95,150,203950
20221107,09:19:33,18409.95,50,203950
20221107,09:19:37,18410.00,250,203950
20221107,09:19:40,18410.45,250,203950
20221107,09:19:44,18410.00,50,203950
20221107,09:19:49,18410.45,350,203950
20221107,09:19:51,18410.00,150,203950
20221107,09:19:52,18410.45,50,203950
20221107,09:19:55,18409.95,50,203950
20221107,09:20:01,18412.00,200,203950
20221107,09:20:03,18411.90,50,203950
20221107,09:20:04,18412.00,50,203950
20221107,09:20:04,18412.95,50,203950
20221107,09:20:05,18413.00,200,203950
20221107,09:20:06,18412.10,100,203950
20221107,09:20:07,18415.00,500,203950
20221107,09:20:08,18416.65,50,203950
20221107,09:20:11,18417.10,200,203950
20221107,09:20:15,18416.65,50,203950
20221107,09:20:17,18416.95,250,203950
20221107,09:20:20,18420.00,50,204600
20221107,09:20:25,18415.05,50,204600
20221107,09:20:33,18419.00,50,204600
20221107,09:20:38,18415.00,50,204600
20221107,09:20:46,18414.45,250,204600
20221107,09:20:50,18415.00,100,204600
20221107,09:20:55,18415.00,50,204600
20221107,09:20:59,18409.75,100,204600
20221107,09:21:01,18409.00,50,204600
20221107,09:21:05,18409.75,50,204600
20221107,09:21:06,18415.00,250,204600
20221107,09:21:15,18413.95,100,204600
20221107,09:21:24,18413.00,50,204600
20221107,09:21:31,18415.00,50,204600
20221107,09:21:32,18416.75,250,204600
20221107,09:21:36,18413.05,50,204600
20221107,09:21:37,18413.00,50,204600
20221107,09:21:39,18417.75,600,204600
20221107,09:21:41,18413.40,250,204600
20221107,09:21:43,18413.15,150,204600
20221107,09:21:47,18416.30,50,204600
20221107,09:21:58,18413.05,50,204600
20221107,09:22:15,18413.05,50,204600
20221107,09:22:19,18413.05,100,204600
20221107,09:22:20,18413.00,150,204600
20221107,09:22:22,18413.00,50,204600
20221107,09:22:33,18409.70,250,204600
20221107,09:22:38,18410.65,150,204600
20221107,09:22:44,18413.00,50,204600
20221107,09:22:47,18413.05,50,204600
20221107,09:22:55,18413.75,400,204600
20221107,09:23:13,18410.00,100,204600
20221107,09:23:27,18411.00,100,206100
20221107,09:23:30,18413.75,200,206100
20221107,09:23:33,18410.75,50,206100
20221107,09:23:37,18407.05,50,206100
20221107,09:23:41,18410.40,50,206100
20221107,09:23:54,18409.15,50,206100
20221107,09:23:57,18411.55,350,206100
20221107,09:24:21,18407.25,50,206100
20221107,09:24:35,18410.00,50,206100
20221107,09:24:39,18406.00,50,206100
20221107,09:24:45,18407.45,50,206100
20221107,09:24:49,18405.60,50,206100
20221107,09:24:51,18405.00,150,206100
20221107,09:24:53,18404.00,200,206100
20221107,09:24:55,18404.15,50,206100
20221107,09:24:56,18402.90,50,206100
20221107,09:25:04,18400.00,500,206100
20221107,09:25:09,18400.30,50,206100
20221107,09:25:16,18400.95,100,206100
20221107,09:25:17,18400.90,100,206100
20221107,09:25:19,18401.75,50,206100
20221107,09:25:25,18400.75,50,206100
20221107,09:25:27,18402.50,50,206100
20221107,09:25:34,18401.25,50,206100
20221107,09:25:40,18400.00,50,206100
20221107,09:25:41,18400.00,200,206100
20221107,09:25:42,18400.00,50,206100
20221107,09:25:43,18396.50,100,206100
20221107,09:25:46,18402.00,200,206100
20221107,09:26:05,18401.30,100,206100
20221107,09:26:08,18400.75,100,206100
20221107,09:26:14,18400.00,50,206100
20221107,09:26:33,18400.00,100,206550
20221107,09:26:42,18400.00,50,206550
20221107,09:26:52,18399.00,100,206550
20221107,09:27:08,18400.00,50,206550
20221107,09:27:10,18403.15,300,206550
20221107,09:27:11,18401.05,100,206550
20221107,09:27:13,18402.15,50,206550
20221107,09:27:39,18402.95,350,206550
20221107,09:27:42,18403.00,150,206550
20221107,09:27:51,18402.15,200,206550
20221107,09:27:53,18402.00,50,206550
20221107,09:28:01,18400.15,50,206550
20221107,09:28:16,18401.00,50,206550
20221107,09:28:22,18401.00,50,206550
20221107,09:28:27,18398.55,150,206550
20221107,09:28:33,18398.05,50,206550
20221107,09:28:34,18398.00,100,206550
20221107,09:28:35,18398.00,50,206550
20221107,09:28:36,18395.80,50,206550
20221107,09:28:58,18395.00,50,206550
20221107,09:29:04,18395.00,50,206550
20221107,09:29:07,18395.80,50,206550
20221107,09:29:08,18400.00,450,206550
20221107,09:29:31,18397.00,50,207850
20221107,09:29:44,18396.05,50,207850
20221107,09:29:48,18399.50,250,207850
20221107,09:29:49,18397.00,50,207850
20221107,09:29:58,18396.00,50,207850
20221107,09:30:01,18397.60,50,207850
20221107,09:30:02,18397.60,400,207850
20221107,09:30:03,18397.60,50,207850
20221107,09:30:20,18395.65,100,207850
20221107,09:30:21,18397.00,50,207850
20221107,09:30:25,18398.10,200,207850
20221107,09:30:30,18396.00,50,207850
20221107,09:30:36,18395.00,200,207850
20221107,09:30:37,18395.05,100,207850
20221107,09:30:45,18393.00,100,207850
20221107,09:30:46,18393.35,250,207850
20221107,09:30:48,18391.75,50,207850
20221107,09:30:59,18392.05,250,207850
20221107,09:31:01,18391.00,300,207850
20221107,09:31:02,18390.75,50,207850
20221107,09:31:05,18391.00,150,207850
20221107,09:31:07,18390.00,150,207850
20221107,09:31:12,18387.70,50,207850
20221107,09:31:19,18390.00,200,207850
20221107,09:31:24,18390.05,50,207850
20221107,09:31:37,18390.05,50,207850
20221107,09:31:38,18391.00,150,207850
20221107,09:31:41,18391.95,100,207850
20221107,09:31:42,18394.55,50,207850
20221107,09:32:06,18394.55,50,207850
20221107,09:32:13,18394.55,100,207850
20221107,09:32:19,18394.55,50,209600
20221107,09:32:21,18395.00,50,209600
20221107,09:32:23,18395.00,150,209600
20221107,09:32:24,18392.40,100,209600
20221107,09:32:43,18395.00,50,209600
20221107,09:32:55,18396.00,100,209600
20221107,09:33:03,18392.45,150,209600
20221107,09:33:05,18390.90,50,209600
20221107,09:33:06,18394.25,850,209600
20221107,09:33:33,18392.95,50,209600
20221107,09:33:35,18392.00,100,209600
20221107,09:33:43,18391.00,50,209600
20221107,09:33:45,18394.00,500,209600
20221107,09:33:47,18389.50,50,209600
20221107,09:33:51,18391.45,500,209600
20221107,09:33:57,18389.00,100,209600
20221107,09:34:01,18386.15,100,209600
20221107,09:34:02,18385.10,100,209600
20221107,09:34:03,18385.00,50,209600
20221107,09:34:04,18385.70,50,209600
20221107,09:34:12,18384.80,50,209600
20221107,09:34:20,18381.00,100,209600
20221107,09:34:21,18380.00,100,209600
20221107,09:34:32,18380.00,500,209600
20221107,09:34:35,18379.95,500,209600
20221107,09:34:38,18377.00,50,209600
20221107,09:34:44,18377.00,50,209600
20221107,09:34:46,18375.00,100,209600
20221107,09:34:48,18372.25,300,209600
20221107,09:35:00,18370.00,100,209600
20221107,09:35:03,18370.20,50,209600
20221107,09:35:05,18365.00,400,209600
20221107,09:35:09,18362.95,150,209600
20221107,09:35:12,18365.00,50,209600
20221107,09:35:22,18368.55,50,213750
20221107,09:35:23,18366.70,100,213750
20221107,09:35:31,18369.45,50,213750
20221107,09:35:34,18369.60,50,213750
20221107,09:35:35,18370.00,150,213750
20221107,09:35:41,18373.10,50,213750
20221107,09:35:43,18371.00,100,213750
20221107,09:35:44,18370.00,100,213750
20221107,09:35:48,18370.80,100,213750
20221107,09:35:49,18370.00,50,213750
20221107,09:35:58,18369.05,100,213750
20221107,09:36:11,18367.00,100,213750
20221107,09:36:17,18368.80,100,213750
20221107,09:36:29,18371.00,100,213750
20221107,09:36:31,18372.00,50,213750
20221107,09:36:32,18372.60,50,213750
20221107,09:36:43,18372.60,100,213750
20221107,09:36:53,18372.45,50,213750
20221107,09:36:54,18368.40,300,213750
20221107,09:36:55,18371.75,50,213750
20221107,09:36:58,18372.50,50,213750
20221107,09:37:08,18374.00,50,213750
20221107,09:37:08,18373.50,50,213750
20221107,09:37:12,18373.55,50,213750
20221107,09:37:18,18373.25,50,213750
20221107,09:37:21,18373.55,50,213750
20221107,09:37:23,18374.05,50,213750
20221107,09:37:28,18374.05,50,213750
20221107,09:37:29,18372.20,50,213750
20221107,09:37:39,18375.00,50,213750
20221107,09:37:45,18375.00,50,213750
20221107,09:37:48,18375.00,50,213750
20221107,09:37:54,18373.85,50,213750
20221107,09:38:00,18370.00,50,213750
20221107,09:38:01,18370.00,100,213750
20221107,09:38:05,18371.10,50,213750
20221107,09:38:10,18371.05,150,213750
20221107,09:38:36,18371.00,50,213400
20221107,09:38:38,18370.00,50,213400
20221107,09:38:39,18371.05,50,213400
20221107,09:38:47,18368.40,150,213400
20221107,09:38:48,18368.40,200,213400
20221107,09:39:03,18365.00,1250,213400
20221107,09:39:06,18361.35,50,213400
20221107,09:39:07,18359.10,200,213400
20221107,09:39:23,18360.00,300,213400
20221107,09:39:25,18360.00,100,213400
20221107,09:39:28,18360.10,50,213400
20221107,09:39:32,18360.25,50,213400
20221107,09:39:59,18364.05,50,213400
20221107,09:40:05,18360.25,50,213400
20221107,09:40:06,18360.25,50,213400
20221107,09:40:22,18365.30,350,213400
20221107,09:40:35,18362.80,50,213400
20221107,09:40:45,18362.80,50,213400
20221107,09:40:47,18364.65,50,213400
20221107,09:40:49,18362.35,50,213400
20221107,09:40:51,18362.80,50,213400
20221107,09:40:52,18362.35,50,213400
20221107,09:41:08,18363.00,50,213400
20221107,09:41:10,18361.90,200,213400
20221107,09:41:11,18361.90,50,213400
20221107,09:41:18,18362.30,50,213400
20221107,09:41:41,18366.55,50,215350
20221107,09:41:47,18365.00,100,215350
20221107,09:41:57,18366.00,50,215350
20221107,09:42:11,18369.10,100,215350
20221107,09:42:15,18366.85,50,215350
20221107,09:42:17,18366.00,50,215350
20221107,09:42:18,18366.00,100,215350
20221107,09:42:27,18365.55,50,215350
20221107,09:42:29,18366.00,50,215350
20221107,09:42:32,18366.00,50,215350
20221107,09:42:34,18366.00,250,215350
20221107,09:42:35,18365.20,100,215350
20221107,09:42:42,18365.55,50,215350
20221107,09:42:53,18367.40,50,215350
20221107,09:43:02,18370.00,50,215350
20221107,09:43:04,18366.00,150,215350
20221107,09:43:04,18366.00,50,215350
20221107,09:43:06,18365.20,50,215350
20221107,09:43:07,18365.20,100,215350
20221107,09:43:11,18364.00,50,215350
20221107,09:43:20,18366.00,50,215350
20221107,09:43:21,18365.00,100,215350
20221107,09:43:23,18365.40,50,215350
20221107,09:43:24,18365.95,100,215350
20221107,09:43:30,18360.25,200,215350
20221107,09:43:31,18360.00,200,215350
20221107,09:43:38,18361.15,50,215350
20221107,09:43:45,18360.90,250,215350
20221107,09:43:50,18359.10,50,215350
20221107,09:43:54,18359.40,100,215350
20221107,09:44:03,18357.00,50,215350
20221107,09:44:05,18356.80,50,215350
20221107,09:44:06,18355.60,50,215350
20221107,09:44:20,18357.35,50,217700
20221107,09:44:37,18359.30,50,217700
20221107,09:44:49,18359.30,50,217700
20221107,09:44:57,18360.00,50,217700
20221107,09:45:08,18359.05,50,217700
20221107,09:45:24,18355.25,50,217700
20221107,09:45:26,18355.00,100,217700
20221107,09:45:27,18355.00,50,217700
20221107,09:45:36,18350.00,50,217700
20221107,09:45:58,18350.00,650,217700
20221107,09:45:59,18347.30,600,217700
20221107,09:46:07,18345.00,100,217700
20221107,09:46:11,18345.00,50,217700
20221107,09:46:19,18345.00,50,217700
20221107,09:46:23,18348.45,150,217700
20221107,09:46:38,18352.70,150,217700
20221107,09:46:46,18350.00,50,217700
20221107,09:46:50,18348.45,100,217700
20221107,09:47:06,18346.80,50,217700
20221107,09:47:14,18345.00,50,217700
20221107,09:47:23,18343.45,50,218650
20221107,09:47:33,18342.85,50,218650
20221107,09:47:34,18342.85,100,218650
20221107,09:47:48,18345.30,50,218650
20221107,09:47:49,18344.10,50,218650
20221107,09:47:58,18345.95,100,218650
20221107,09:48:01,18349.05,50,218650
20221107,09:48:02,18347.20,50,218650
20221107,09:48:11,18347.30,350,218650
20221107,09:48:26,18345.00,150,218650
20221107,09:48:29,18350.00,550,218650
20221107,09:48:38,18348.00,50,218650
20221107,09:48:55,18350.20,50,218650
20221107,09:49:06,18350.35,50,218650
20221107,09:49:13,18347.05,50,218650
20221107,09:49:39,18349.05,50,218650
20221107,09:49:41,18348.35,1850,218650
20221107,09:49:50,18351.65,50,218650
20221107,09:50:10,18348.60,50,218650
20221107,09:50:12,18347.85,50,218650
20221107,09:50:16,18345.00,50,218650
20221107,09:50:47,18344.00,50,221450
20221107,09:50:49,18342.05,50,221450
20221107,09:51:00,18340.00,50,221450
20221107,09:51:02,18340.00,50,221450
20221107,09:51:16,18340.60,50,221450
20221107,09:51:17,18340.00,50,221450
20221107,09:51:22,18337.10,50,221450
20221107,09:51:41,18337.10,50,221450
20221107,09:51:59,18340.00,50,221450
20221107,09:52:12,18340.00,100,221450
20221107,09:52:16,18339.00,50,221450
20221107,09:52:40,18341.70,50,221450
20221107,09:52:46,18344.00,50,221450
20221107,09:52:49,18344.70,50,221450
20221107,09:53:08,18345.95,50,221450
20221107,09:53:38,18351.00,50,221700
20221107,09:53:42,18352.30,50,221700
20221107,09:53:43,18350.00,50,221700
20221107,09:53:45,18350.45,100,221700
20221107,09:53:58,18350.45,50,221700
20221107,09:54:28,18350.55,50,221700
20221107,09:54:29,18352.00,50,221700
20221107,09:54:35,18347.45,50,221700
20221107,09:54:42,18345.00,100,221700
20221107,09:54:43,18343.30,50,221700
20221107,09:54:51,18343.10,50,221700
20221107,09:54:56,18342.05,50,221700
20221107,09:54:59,18340.15,50,221700
20221107,09:55:06,18340.00,50,221700
20221107,09:55:15,18339.10,50,221700
20221107,09:55:21,18338.15,50,221700
20221107,09:55:31,18337.70,50,221700
20221107,09:55:32,18336.60,50,221700
20221107,09:55:37,18336.00,50,221700
20221107,09:55:38,18336.00,50,221700
20221107,09:55:41,18336.00,100,221700
20221107,09:55:42,18336.00,50,221700
20221107,09:55:45,18335.70,150,221700
20221107,09:55:46,18335.25,50,221700
20221107,09:56:28,18335.25,50,222850
20221107,09:56:59,18346.20,50,222850
20221107,09:57:05,18350.00,50,222850
20221107,09:57:22,18354.95,100,222850
20221107,09:57:24,18353.25,50,222850
20221107,09:57:29,18350.00,100,222850
20221107,09:57:38,18347.15,50,222850
20221107,09:57:39,18349.00,50,222850
20221107,09:58:40,18348.45,50,222850
20221107,09:59:09,18342.85,50,222850
20221107,09:59:16,18341.25,50,222850
20221107,09:59:21,18344.00,50,222850
20221107,09:59:27,18340.00,100,222900
20221107,09:59:38,18339.10,50,222900
20221107,09:59:49,18339.80,50,222900
20221107,09:59:50,18339.15,100,222900
20221107,09:59:52,18340.50,200,222900
20221107,10:00:03,18340.50,50,222900
20221107,10:00:14,18340.50,200,222900
20221107,10:00:30,18343.95,50,222900
20221107,10:01:18,18349.95,50,222900
20221107,10:01:56,18349.95,50,222900
20221107,10:01:59,18349.00,50,222900
20221107,10:02:06,18349.05,50,222900
20221107,10:02:36,18354.85,50,223650
20221107,10:02:38,18351.65,50,223650
20221107,10:02:53,18354.95,50,223650
20221107,10:02:59,18355.95,100,223650
20221107,10:03:23,18352.00,50,223650
20221107,10:03:34,18354.40,50,223650
20221107,10:03:52,18351.65,100,223650
20221107,10:04:16,18353.90,50,223650
20221107,10:05:18,18353.75,200,223650
20221107,10:05:45,18352.90,50,223900
20221107,10:05:54,18353.55,150,223900
20221107,10:06:38,18350.85,50,223900
20221107,10:07:05,18350.00,50,223900
20221107,10:07:29,18350.00,50,223900
20221107,10:08:09,18351.55,50,223900
20221107,10:09:01,18350.00,100,224000
20221107,10:09:03,18350.75,50,224000
20221107,10:09:15,18351.00,50,224000
20221107,10:09:18,18350.60,50,224000
20221107,10:09:39,18347.40,50,224000
20221107,10:09:40,18347.00,100,224000
20221107,10:09:41,18347.00,100,224000
20221107,10:09:42,18347.00,100,224000
20221107,10:10:27,18344.05,50,224000
20221107,10:10:34,18344.00,250,224000
20221107,10:10:42,18344.25,50,224000
20221107,10:10:47,18341.00,100,224000
20221107,10:11:16,18341.00,50,224000
20221107,10:11:17,18340.05,50,224000
20221107,10:11:20,18343.75,50,224000
20221107,10:12:15,18339.70,1000,224500
20221107,10:12:40,18341.50,50,224500
20221107,10:13:16,18341.45,100,224500
20221107,10:13:34,18342.35,50,224500
20221107,10:13:38,18342.70,100,224500
20221107,10:14:12,18340.50,200,224500
20221107,10:14:25,18340.00,50,225200
20221107,10:14:35,18337.00,50,225200
20221107,10:14:48,18337.00,50,225200
20221107,10:14:52,18335.25,50,225200
20221107,10:14:54,18330.05,1700,225200
20221107,10:15:04,18330.00,200,225200
20221107,10:15:05,18330.00,50,225200
20221107,10:15:16,18330.50,50,225200
20221107,10:15:36,18330.65,50,225200
20221107,10:16:03,18330.00,50,225200
20221107,10:16:08,18332.90,100,225200
20221107,10:16:23,18332.50,50,225200
20221107,10:16:25,18330.65,50,225200
20221107,10:16:40,18327.05,1800,225200
20221107,10:16:44,18327.05,50,225200
20221107,10:17:00,18332.45,500,225200
20221107,10:17:04,18330.00,150,225200
20221107,10:17:06,18327.00,250,225200
20221107,10:17:10,18325.55,50,225200
20221107,10:17:12,18325.00,100,225200
20221107,10:17:19,18324.00,150,225200
20221107,10:17:26,18320.00,700,226000
20221107,10:17:27,18320.00,300,226000
20221107,10:17:28,18320.00,100,226000
20221107,10:17:29,18320.00,250,226000
20221107,10:17:30,18320.00,200,226000
20221107,10:17:31,18320.00,50,226000
20221107,10:17:36,18319.95,150,226000
20221107,10:17:36,18319.95,100,226000
20221107,10:18:09,18323.55,50,226000
20221107,10:18:19,18324.00,50,226000
20221107,10:18:34,18325.95,50,226000
20221107,10:18:52,18327.90,50,226000
20221107,10:19:01,18325.95,50,226000
20221107,10:19:43,18325.05,50,226000
20221107,10:19:48,18325.55,50,226000
20221107,10:19:55,18326.35,50,226000
20221107,10:20:05,18326.35,50,226000
20221107,10:20:11,18324.20,50,226000
20221107,10:20:24,18325.05,50,226000
20221107,10:20:34,18326.30,50,225950
20221107,10:21:04,18325.05,50,225950
20221107,10:21:15,18324.05,50,225950
20221107,10:21:36,18325.00,50,225950
20221107,10:21:39,18324.05,50,225950
20221107,10:21:40,18324.00,550,225950
20221107,10:21:44,18323.00,50,225950
20221107,10:22:07,18316.35,1000,225950
20221107,10:22:14,18316.35,50,225950
20221107,10:22:17,18322.10,50,225950
20221107,10:22:25,18324.00,50,225950
20221107,10:22:27,18325.00,50,225950
20221107,10:22:54,18325.80,50,225950
20221107,10:23:04,18326.60,50,225950
20221107,10:23:11,18325.95,50,225950
20221107,10:23:13,18325.00,50,225950
20221107,10:23:17,18323.90,50,225950
20221107,10:23:53,18327.95,50,225950
20221107,10:24:23,18327.95,50,225950
20221107,10:24:49,18327.00,50,225950
20221107,10:24:51,18327.00,50,225950
20221107,10:24:58,18326.55,50,225950
20221107,10:25:14,18326.25,50,225950
20221107,10:25:17,18326.55,50,225950
20221107,10:25:23,18325.75,100,225950
20221107,10:25:24,18326.80,50,225950
20221107,10:25:32,18326.95,50,225950
20221107,10:25:37,18326.70,50,225950
20221107,10:25:52,18327.20,50,225950
20221107,10:25:56,18325.05,50,225950
20221107,10:26:23,18325.00,100,225950
20221107,10:26:26,18325.50,50,225950
20221107,10:27:47,18330.00,100,226200
20221107,10:27:59,18332.45,50,226200
20221107,10:28:08,18330.10,50,226200
20221107,10:28:11,18330.10,50,226200
20221107,10:28:11,18329.50,50,226200
20221107,10:28:13,18329.85,100,226200
20221107,10:28:51,18328.85,50,226200
20221107,10:29:19,18329.55,100,226200
20221107,10:29:20,18329.90,50,226200
20221107,10:29:21,18330.25,50,226200
20221107,10:29:29,18332.00,50,226200
20221107,10:31:14,18333.30,50,226150
20221107,10:31:16,18334.95,50,226150
20221107,10:31:26,18335.00,100,226150
20221107,10:31:28,18336.05,100,226150
20221107,10:32:03,18337.90,50,226150
20221107,10:32:18,18339.65,50,226150
20221107,10:32:37,18340.30,100,226100
20221107,10:32:53,18339.65,50,226100
20221107,10:33:16,18340.20,50,226100
20221107,10:33:26,18338.00,100,226100
20221107,10:33:33,18338.05,50,226100
20221107,10:33:46,18333.25,50,226100
20221107,10:34:51,18332.00,50,226100
20221107,10:35:38,18330.00,50,226250
20221107,10:35:43,18328.55,200,226250
20221107,10:35:56,18327.55,50,226250
20221107,10:36:06,18326.85,50,226250
20221107,10:36:12,18328.00,50,226250
20221107,10:36:39,18332.55,50,226250
20221107,10:37:15,18329.15,500,226250
20221107,10:37:48,18328.70,500,226250
20221107,10:38:13,18332.40,50,226250
20221107,10:39:04,18335.00,100,226950
20221107,10:39:07,18335.05,100,226950
20221107,10:39:14,18327.50,500,226950
20221107,10:39:34,18330.50,50,226950
20221107,10:39:44,18331.05,550,226950
20221107,10:40:27,18330.05,100,226950
20221107,10:43:11,18331.05,50,226950
20221107,10:43:12,18331.05,50,227700
20221107,10:44:05,18325.00,100,227700
20221107,10:44:12,18325.05,50,227700
20221107,10:44:14,18325.05,100,227700
20221107,10:44:19,18323.20,50,227700
20221107,10:45:07,18326.95,50,227700
20221107,10:45:15,18327.95,50,227700
20221107,10:45:27,18326.55,100,227700
20221107,10:45:51,18315.60,350,227700
20221107,10:46:37,18315.60,50,227700
20221107,10:46:38,18315.60,50,227700
20221107,10:46:41,18315.00,50,227700
20221107,10:47:25,18315.00,50,227700
20221107,10:47:51,18320.75,50,228100
20221107,10:50:05,18320.00,50,228100
20221107,10:54:52,18316.80,50,228050
20221107,10:55:19,18316.80,50,228050
20221107,10:55:22,18315.15,50,228050
20221107,10:55:30,18315.00,50,228050
20221107,10:55:52,18317.00,50,228050
20221107,10:56:02,18319.60,350,228050
20221107,10:56:26,18318.65,50,228050
20221107,10:57:51,18313.00,250,227850
20221107,10:57:52,18310.20,200,227850
20221107,10:57:53,18310.00,50,227850
20221107,10:58:03,18310.00,100,227850
20221107,10:58:03,18310.00,150,227850
20221107,10:58:04,18310.00,50,227850
20221107,10:58:15,18308.70,50,227850
20221107,10:58:24,18308.00,50,227850
20221107,10:58:26,18307.90,50,227850
20221107,10:58:31,18307.90,50,227850
20221107,10:58:37,18308.60,150,227850
20221107,10:58:43,18306.00,50,227850
20221107,10:58:49,18305.95,50,227850
20221107,10:58:50,18305.95,50,227850
20221107,10:59:23,18304.95,50,227850
20221107,11:00:13,18304.95,100,228000
20221107,11:01:52,18316.15,50,228000
20221107,11:02:55,18320.75,100,227850
20221107,11:03:09,18320.00,50,227850
20221107,11:03:14,18319.00,50,227850
20221107,11:03:15,18318.80,50,227850
20221107,11:03:19,18318.00,400,227850
20221107,11:03:23,18318.60,300,227850
20221107,11:03:28,18319.00,50,227850
20221107,11:03:31,18319.00,100,227850
20221107,11:03:32,18319.00,50,227850
20221107,11:03:33,18319.00,150,227850
20221107,11:03:36,18319.00,50,227850
20221107,11:03:43,18319.00,100,227850
20221107,11:03:45,18320.60,100,227850
20221107,11:04:09,18320.00,100,227850
20221107,11:04:11,18320.00,50,227850
20221107,11:04:48,18320.00,50,227850
20221107,11:05:02,18321.00,100,227850
20221107,11:05:06,18319.00,100,227850
20221107,11:05:07,18319.00,100,227850
20221107,11:05:08,18319.00,100,227850
20221107,11:05:09,18319.00,50,227850
20221107,11:05:50,18322.15,50,229650
20221107,11:06:05,18324.75,50,229650
20221107,11:07:16,18329.00,50,229650
20221107,11:07:34,18329.00,50,229650
20221107,11:07:37,18329.55,100,229650
20221107,11:08:07,18329.50,100,229650
20221107,11:08:26,18329.50,200,229650
20221107,11:08:33,18329.25,100,230000
20221107,11:08:53,18328.05,50,230000
20221107,11:09:06,18325.00,50,230000
20221107,11:09:07,18325.00,50,230000
20221107,11:09:10,18325.00,150,230000
20221107,11:09:21,18329.00,50,230000
20221107,11:09:22,18329.95,150,230000
20221107,11:09:35,18328.40,50,230000
20221107,11:10:06,18331.15,50,230000
20221107,11:10:12,18334.15,400,230000
20221107,11:10:13,18333.55,200,230000
20221107,11:10:15,18331.15,50,230000
20221107,11:10:16,18331.15,50,230000
20221107,11:11:07,18330.10,50,230000
20221107,11:12:02,18330.10,200,230650
20221107,11:12:17,18328.00,50,230650
20221107,11:13:17,18326.00,100,230650
20221107,11:13:33,18328.80,50,230650
20221107,11:13:38,18329.00,50,230650
20221107,11:16:21,18339.15,100,230850
20221107,11:16:24,18338.20,50,230850
20221107,11:16:42,18340.00,50,230850
20221107,11:16:54,18341.15,50,230850
20221107,11:16:59,18341.00,50,230850
20221107,11:17:36,18341.00,150,230800
20221107,11:17:54,18342.00,50,230800
20221107,11:17:58,18342.95,50,230800
20221107,11:17:59,18344.20,50,230800
20221107,11:19:10,18341.00,50,230800
20221107,11:19:13,18340.00,350,230800
20221107,11:19:13,18340.00,100,230800
20221107,11:19:14,18340.00,50,230800
20221107,11:19:20,18340.00,400,230800
20221107,11:19:31,18340.00,150,230800
20221107,11:19:34,18340.00,200,230800
20221107,11:19:35,18340.00,50,230800
20221107,11:19:43,18340.00,50,230800
20221107,11:20:19,18340.00,50,230800
20221107,11:21:01,18340.00,300,232350
20221107,11:21:14,18340.30,50,232350
20221107,11:21:42,18340.30,50,232350
20221107,11:21:52,18340.30,100,232350
20221107,11:21:56,18338.15,1000,232350
20221107,11:22:06,18340.30,50,232350
20221107,11:22:17,18342.75,100,232350
20221107,11:22:26,18341.75,50,232350
20221107,11:22:45,18342.35,50,232350
20221107,11:24:10,18338.05,50,232900
20221107,11:25:10,18338.00,50,232900
20221107,11:28:50,18339.20,50,232900
20221107,11:30:17,18342.20,50,232900
20221107,11:30:18,18343.50,50,232900
20221107,11:30:42,18344.20,50,232900
20221107,11:30:54,18340.30,50,232900
20221107,11:31:43,18345.35,100,232900
20221107,11:32:53,18347.55,50,232800
20221107,11:33:26,18347.80,50,232800
20221107,11:33:35,18347.55,50,232800
20221107,11:34:32,18348.00,50,232800
20221107,11:34:33,18348.30,300,232800
20221107,11:35:01,18349.95,50,232800
20221107,11:35:03,18349.95,50,232800
20221107,11:35:06,18350.00,50,232800
20221107,11:35:10,18350.85,100,232800
20221107,11:35:43,18351.75,150,232700
20221107,11:35:59,18353.00,50,232700
20221107,11:36:00,18353.00,350,232700
20221107,11:36:03,18353.00,50,232700
20221107,11:36:23,18351.95,50,232700
20221107,11:36:38,18350.00,50,232700
20221107,11:36:54,18350.00,50,232700
20221107,11:37:01,18354.85,100,232700
20221107,11:37:02,18355.00,250,232700
20221107,11:37:18,18358.15,50,232700
20221107,11:37:33,18355.00,50,232700
20221107,11:37:47,18356.00,50,232700
20221107,11:38:23,18350.50,50,232700
20221107,11:39:00,18354.90,50,232800
20221107,11:39:02,18358.65,1800,232800
20221107,11:40:26,18348.75,50,232800
20221107,11:40:30,18348.80,50,232800
20221107,11:41:29,18342.15,50,232800
20221107,11:41:30,18341.45,100,232800
20221107,11:42:07,18340.65,150,234250
20221107,11:42:15,18342.30,200,234250
20221107,11:42:24,18343.50,100,234250
20221107,11:42:58,18342.05,200,234250
20221107,11:43:25,18345.30,200,234250
20221107,11:43:29,18340.00,200,234250
20221107,11:43:40,18338.00,150,234250
20221107,11:43:48,18340.00,1400,234250
20221107,11:43:49,18339.95,50,234250
20221107,11:43:53,18340.00,200,234250
20221107,11:44:28,18337.00,150,234250
20221107,11:44:46,18339.60,50,233200
20221107,11:44:55,18338.95,50,233200
20221107,11:45:06,18340.00,100,233200
20221107,11:45:07,18340.00,100,233200
20221107,11:45:22,18342.95,150,233200
20221107,11:45:29,18342.80,100,233200
20221107,11:45:43,18339.40,50,233200
20221107,11:46:00,18338.00,50,233200
20221107,11:46:30,18338.00,50,233200
20221107,11:46:59,18335.15,50,233200
20221107,11:47:06,18334.15,250,233200
20221107,11:47:07,18339.70,50,233200
20221107,11:47:29,18336.90,250,233200
20221107,11:47:52,18339.30,100,232950
20221107,11:48:06,18340.00,50,232950
20221107,11:48:14,18344.20,150,232950
20221107,11:48:36,18341.15,50,232950
20221107,11:48:55,18345.90,50,232950
20221107,11:49:54,18344.35,50,232950
20221107,11:51:12,18346.50,50,233000
20221107,11:51:20,18354.00,150,233000
20221107,11:51:22,18355.90,50,233000
20221107,11:51:52,18354.05,50,233000
20221107,11:52:09,18351.00,50,233000
20221107,11:52:10,18350.75,50,233000
20221107,11:52:13,18351.45,50,233000
20221107,11:52:14,18350.90,200,233000
20221107,11:52:17,18350.80,150,233000
20221107,11:54:39,18349.80,50,233000
20221107,11:57:31,18346.00,50,233000
20221107,11:58:25,18346.00,450,233050
20221107,11:58:26,18346.00,400,233050
20221107,11:58:59,18346.00,50,233050
20221107,11:59:13,18346.00,400,233050
20221107,12:00:08,18345.00,50,233100
20221107,12:01:17,18339.00,50,233100
20221107,12:01:22,18338.95,50,233100
20221107,12:01:23,18338.95,50,233100
20221107,12:02:51,18341.25,900,233150
20221107,12:03:58,18341.00,50,233150
20221107,12:04:34,18344.00,50,233150
20221107,12:06:13,18346.00,150,232650
20221107,12:06:17,18346.00,50,232650
20221107,12:07:05,18343.50,50,232650
20221107,12:07:18,18346.30,50,232650
20221107,12:08:04,18348.00,50,232650
20221107,12:08:07,18349.10,50,232650
20221107,12:08:29,18348.00,50,232650
20221107,12:08:49,18349.85,50,232800
20221107,12:09:07,18348.50,50,232800
20221107,12:10:14,18345.80,50,232800
20221107,12:10:14,18350.00,200,232800
20221107,12:10:15,18350.00,100,232800
20221107,12:13:08,18346.70,50,232600
20221107,12:13:43,18344.20,50,232600
20221107,12:16:30,18346.00,50,232650
20221107,12:16:56,18349.05,50,232650
20221107,12:17:14,18351.85,100,232650
20221107,12:18:04,18347.00,50,232700
20221107,12:18:56,18345.35,50,232700
20221107,12:22:26,18347.70,50,232800
20221107,12:23:05,18349.25,50,232800
20221107,12:23:21,18349.25,50,232800
20221107,12:23:30,18349.90,50,232800
20221107,12:23:58,18349.00,50,232950
20221107,12:25:21,18348.00,50,232950
20221107,12:25:46,18350.00,50,232950
20221107,12:26:38,18353.85,50,232950
20221107,12:26:50,18352.55,50,233000
20221107,12:28:30,18348.15,50,233000
20221107,12:29:28,18352.50,50,233000
20221107,12:30:24,18348.15,100,233050
20221107,12:30:32,18350.10,50,233050
20221107,12:30:40,18350.10,150,233050
20221107,12:30:55,18352.55,50,233050
20221107,12:31:01,18352.70,50,233050
20221107,12:31:02,18350.00,50,233050
20221107,12:31:11,18350.00,400,233050
20221107,12:31:12,18350.00,850,233050
20221107,12:31:13,18350.00,600,233050
20221107,12:31:18,18348.00,50,233050
20221107,12:35:02,18335.00,100,234800
20221107,12:35:42,18335.00,50,234800
20221107,12:35:48,18333.35,200,234900
20221107,12:36:03,18330.00,50,234900
20221107,12:36:15,18330.80,100,234900
20221107,12:37:03,18329.95,50,234900
20221107,12:37:06,18330.00,50,234900
20221107,12:37:51,18329.10,50,234900
20221107,12:38:17,18328.15,50,234900
20221107,12:39:05,18327.95,50,235150
20221107,12:39:06,18326.00,100,235150
20221107,12:39:12,18325.00,50,235150
20221107,12:39:36,18325.00,150,235150
20221107,12:39:54,18323.00,50,235150
20221107,12:40:28,18326.65,50,235150
20221107,12:40:33,18329.85,50,235150
20221107,12:41:27,18328.95,50,235150
20221107,12:41:36,18323.00,150,235150
20221107,12:42:28,18324.30,50,235550
20221107,12:44:04,18325.00,50,235550
20221107,12:44:05,18324.95,50,235550
20221107,12:44:58,18324.00,50,235700
20221107,12:45:01,18324.95,50,235700
20221107,12:45:22,18323.05,200,235700
20221107,12:45:30,18324.75,50,235700
20221107,12:45:39,18322.05,100,235700
20221107,12:45:40,18322.50,150,235700
20221107,12:46:25,18324.50,50,235700
20221107,12:46:55,18324.50,300,235700
20221107,12:47:00,18324.50,700,235700
20221107,12:47:38,18330.80,50,235700
20221107,12:48:24,18325.25,1200,235600
20221107,12:48:35,18333.35,250,235600
20221107,12:49:38,18330.20,50,235600
20221107,12:49:40,18330.00,50,235600
20221107,12:52:09,18329.80,100,235150
20221107,12:54:05,18325.00,50,235100
20221107,12:54:55,18319.95,300,235100
20221107,12:55:31,18316.00,200,235100
20221107,12:55:34,18315.00,50,235100
20221107,12:56:25,18320.00,50,235100
20221107,12:57:40,18329.10,50,235550
20221107,12:58:07,18323.95,50,235550
20221107,13:00:59,18327.50,50,235500
20221107,13:01:20,18327.50,100,235500
20221107,13:01:21,18327.50,50,235500
20221107,13:01:32,18328.30,50,235500
20221107,13:01:34,18328.00,50,235500
20221107,13:01:44,18328.75,50,235500
20221107,13:02:02,18328.00,100,235500
20221107,13:02:04,18328.45,50,235500
20221107,13:02:24,18325.00,150,235500
20221107,13:02:26,18325.00,50,235500
20221107,13:02:31,18323.95,50,235500
20221107,13:02:57,18322.05,50,235900
20221107,13:04:03,18314.75,50,235900
20221107,13:04:09,18315.50,50,235900
20221107,13:04:41,18314.00,50,235900
20221107,13:05:13,18314.10,50,235900
20221107,13:05:17,18310.15,50,235900
20221107,13:06:00,18314.00,50,235950
20221107,13:06:11,18314.90,100,235950
20221107,13:06:21,18315.00,100,235950
20221107,13:06:47,18315.00,50,235950
20221107,13:06:48,18318.55,50,235950
20221107,13:07:18,18314.90,50,235950
20221107,13:09:21,18315.00,50,236050
20221107,13:09:31,18315.00,100,236050
20221107,13:09:33,18315.00,50,236050
20221107,13:10:35,18315.00,100,236050
20221107,13:10:41,18315.00,50,236050
20221107,13:10:43,18315.00,150,236050
20221107,13:10:44,18315.00,150,236050
20221107,13:10:45,18315.00,50,236050
20221107,13:10:58,18317.00,100,236050
20221107,13:10:59,18317.00,50,236050
20221107,13:11:23,18319.50,50,236050
20221107,13:12:31,18318.25,50,236500
20221107,13:12:52,18316.90,50,236500
20221107,13:14:17,18320.00,150,236500
20221107,13:14:56,18313.75,50,236550
20221107,13:14:57,18314.60,50,236550
20221107,13:14:58,18312.00,200,236550
20221107,13:14:59,18312.00,300,236550
20221107,13:16:09,18313.80,100,236550
20221107,13:16:10,18312.00,150,236550
20221107,13:16:12,18312.00,100,236550
20221107,13:16:13,18310.00,100,236550
20221107,13:16:14,18310.00,200,236550
20221107,13:17:13,18310.00,50,236550
20221107,13:17:28,18310.00,50,236550
20221107,13:19:05,18318.00,50,236550
20221107,13:19:06,18318.00,50,237500
20221107,13:19:18,18318.00,100,237500
20221107,13:19:19,18318.00,100,237500
20221107,13:19:23,18317.00,50,237500
20221107,13:20:02,18318.60,100,237500
20221107,13:20:28,18323.20,150,237500
20221107,13:20:41,18320.00,100,237500
20221107,13:20:52,18318.95,100,237500
20221107,13:22:29,18313.25,50,237500
20221107,13:23:15,18310.00,50,237850
20221107,13:23:28,18312.00,350,237850
20221107,13:23:44,18302.30,1750,237850
20221107,13:23:45,18302.00,100,237850
20221107,13:23:48,18301.00,50,237850
20221107,13:23:49,18300.20,150,237850
20221107,13:24:01,18300.20,100,239100
20221107,13:24:02,18300.10,50,239100
20221107,13:24:03,18300.00,350,239100
20221107,13:24:04,18300.00,1050,239100
20221107,13:24:05,18300.00,350,239100
20221107,13:24:15,18297.35,50,239100
20221107,13:24:26,18293.45,150,239100
20221107,13:24:29,18292.70,50,239100
20221107,13:24:35,18292.70,50,239100
20221107,13:24:48,18294.75,50,239100
20221107,13:24:51,18295.85,100,239100
20221107,13:24:55,18292.00,50,239100
20221107,13:25:01,18292.00,100,239100
20221107,13:25:02,18291.20,50,239100
20221107,13:25:03,18290.00,350,239100
20221107,13:25:04,18290.00,50,239100
20221107,13:25:30,18290.00,50,239100
20221107,13:25:31,18290.90,50,239100
20221107,13:26:23,18290.45,100,239100
20221107,13:27:03,18292.00,50,240600
20221107,13:27:06,18293.90,50,240600
20221107,13:27:23,18293.00,50,240600
20221107,13:27:38,18288.00,50,240600
20221107,13:28:00,18286.00,50,240600
20221107,13:28:03,18285.50,200,240600
20221107,13:28:15,18280.00,100,240600
20221107,13:28:34,18280.00,50,240600
20221107,13:28:59,18284.15,50,240600
20221107,13:29:02,18283.35,50,240600
20221107,13:29:12,18281.00,50,240600
20221107,13:29:27,18280.00,100,240600
20221107,13:29:28,18276.30,100,240600
20221107,13:29:36,18275.00,50,240600
20221107,13:29:37,18275.00,100,240600
20221107,13:29:38,18274.00,50,240600
20221107,13:29:49,18274.00,100,240600
20221107,13:29:51,18275.00,50,240600
20221107,13:29:55,18275.00,450,240600
20221107,13:29:56,18275.00,150,240600
20221107,13:30:03,18275.00,50,240600
20221107,13:30:25,18275.00,50,240600
20221107,13:30:26,18275.00,50,240600
20221107,13:30:29,18276.70,1000,240600
20221107,13:30:32,18274.45,100,240600
20221107,13:30:46,18274.45,50,240600
20221107,13:31:07,18270.00,550,240600
20221107,13:31:10,18268.00,100,240600
20221107,13:31:11,18268.00,50,240600
20221107,13:31:12,18268.00,50,240600
20221107,13:31:15,18269.00,100,240600
20221107,13:31:18,18266.00,100,240600
20221107,13:31:19,18266.00,50,240600
20221107,13:31:20,18266.00,50,240600
20221107,13:31:27,18266.00,50,240600
20221107,13:32:07,18266.00,50,240600
20221107,13:32:19,18266.05,1000,240600
20221107,13:33:01,18269.60,50,241550
20221107,13:33:33,18268.00,50,241550
20221107,13:33:41,18270.00,200,241550
20221107,13:33:42,18270.00,250,241550
20221107,13:33:50,18270.00,50,241550
20221107,13:33:56,18270.00,50,241550
20221107,13:34:55,18277.30,200,241550
20221107,13:35:13,18271.40,50,241550
20221107,13:36:01,18278.55,50,241650
20221107,13:36:22,18278.85,50,241650
20221107,13:36:29,18275.95,50,241650
20221107,13:36:47,18282.05,50,241650
20221107,13:36:51,18282.80,50,241650
20221107,13:36:59,18278.50,50,241650
20221107,13:37:40,18281.50,50,241650
20221107,13:38:18,18281.50,50,241650
20221107,13:38:29,18284.50,50,241650
20221107,13:39:02,18283.00,50,241900
20221107,13:39:03,18281.65,250,241900
20221107,13:39:05,18281.85,100,241900
20221107,13:39:14,18280.00,50,241900
20221107,13:40:11,18280.00,50,241900
20221107,13:40:26,18286.60,100,241900
20221107,13:41:00,18286.40,200,241900
20221107,13:41:23,18286.60,50,241900
20221107,13:41:58,18287.75,50,242150
20221107,13:42:12,18288.80,100,242150
20221107,13:42:20,18289.00,50,242150
20221107,13:43:07,18288.90,50,242150
20221107,13:43:16,18288.30,50,242150
20221107,13:43:42,18288.35,50,242150
20221107,13:44:34,18289.00,50,242150
20221107,13:44:38,18289.00,50,242150
20221107,13:45:40,18290.00,50,242400
20221107,13:45:59,18294.80,400,242400
20221107,13:46:25,18296.85,50,242400
20221107,13:46:30,18299.55,50,242400
20221107,13:46:58,18299.00,50,242400
20221107,13:47:20,18301.50,50,242400
20221107,13:47:26,18299.55,100,242400
20221107,13:47:53,18303.55,50,242400
20221107,13:47:56,18305.00,50,242400
20221107,13:48:24,18300.00,50,242400
20221107,13:48:34,18302.00,50,242950
20221107,13:49:29,18302.00,100,242950
20221107,13:50:47,18300.00,100,242950
20221107,13:51:06,18302.15,50,242900
20221107,13:51:08,18297.80,50,242900
20221107,13:51:51,18300.00,50,242900
20221107,13:52:24,18300.00,50,242900
20221107,13:52:57,18299.95,50,242900
20221107,13:53:03,18299.95,50,242900
20221107,13:53:22,18300.00,250,242900
20221107,13:53:24,18300.00,50,242900
20221107,13:54:06,18300.00,400,243000
20221107,13:54:07,18300.00,100,243000
20221107,13:54:40,18300.00,100,243000
20221107,13:54:44,18300.00,250,243000
20221107,13:54:44,18300.00,100,243000
20221107,13:55:51,18300.00,50,243000
20221107,13:55:52,18300.00,250,243000
20221107,13:55:53,18300.00,400,243000
20221107,13:56:30,18300.00,50,243000
20221107,13:56:49,18300.00,50,243000
20221107,13:56:51,18300.00,350,243000
20221107,13:56:54,18300.00,200,243000
20221107,13:56:55,18300.00,150,243000
20221107,13:57:17,18309.20,50,240850
20221107,13:57:35,18311.85,100,240850
20221107,13:57:46,18310.60,50,240850
20221107,13:58:14,18315.45,50,240850
20221107,13:58:23,18314.65,50,240850
20221107,13:59:01,18315.00,50,240850
20221107,13:59:02,18315.50,50,240850
20221107,14:00:01,18325.00,250,240900
20221107,14:00:02,18326.55,50,240900
20221107,14:00:08,18328.45,100,240900
20221107,14:00:10,18330.00,150,240900
20221107,14:00:43,18330.00,50,240900
20221107,14:00:49,18333.00,100,240900
20221107,14:00:51,18333.40,100,240900
20221107,14:00:53,18335.00,50,240900
20221107,14:01:00,18335.90,50,240900
20221107,14:01:06,18336.20,50,240900
20221107,14:01:29,18336.20,50,240900
20221107,14:01:32,18333.00,50,240900
20221107,14:02:03,18335.40,50,240900
20221107,14:02:16,18340.00,100,240900
20221107,14:02:20,18345.40,1000,240900
20221107,14:02:47,18346.05,100,240900
20221107,14:02:48,18348.40,50,240900
20221107,14:03:06,18345.75,50,241200
20221107,14:03:46,18341.20,50,241200
20221107,14:03:47,18340.60,50,241200
20221107,14:03:57,18341.10,100,241200
20221107,14:04:15,18340.60,150,241200
20221107,14:04:17,18340.60,200,241200
20221107,14:04:18,18340.60,200,241200
20221107,14:04:19,18340.45,50,241200
20221107,14:05:50,18345.65,50,241200
20221107,14:05:53,18345.85,50,241200
20221107,14:06:11,18345.30,50,241700
20221107,14:06:39,18340.70,50,241700
20221107,14:06:42,18340.00,50,241700
20221107,14:07:01,18341.00,50,241700
20221107,14:07:26,18342.00,150,241700
20221107,14:07:46,18342.00,50,241700
20221107,14:09:02,18350.00,250,241650
20221107,14:09:03,18351.40,50,241650
20221107,14:09:13,18355.00,50,241650
20221107,14:09:15,18354.60,150,241650
20221107,14:09:47,18354.55,500,241650
20221107,14:09:48,18352.00,50,241650
20221107,14:09:50,18350.25,50,241650
20221107,14:09:58,18351.90,50,241650
20221107,14:10:05,18351.75,100,241650
20221107,14:10:33,18347.35,50,241650
20221107,14:10:41,18351.00,50,241650
20221107,14:10:43,18354.00,50,241650
20221107,14:10:45,18354.00,50,241650
20221107,14:10:47,18354.00,50,241650
20221107,14:10:54,18354.00,100,241650
20221107,14:11:06,18354.60,50,241650
20221107,14:11:08,18356.00,50,241650
20221107,14:11:10,18356.60,100,241650
20221107,14:11:12,18355.40,50,241650
20221107,14:11:33,18355.00,50,241650
20221107,14:11:37,18354.00,50,241650
20221107,14:12:39,18351.00,50,242600
20221107,14:13:12,18347.75,50,242600
20221107,14:14:00,18347.75,50,242600
20221107,14:15:06,18348.10,50,242650
20221107,14:15:18,18351.00,50,242650
20221107,14:15:21,18352.00,100,242650
20221107,14:16:15,18355.00,50,242650
20221107,14:16:51,18352.25,50,242650
20221107,14:17:37,18350.25,50,242650
20221107,14:17:54,18350.25,50,242650
20221107,14:17:58,18351.00,50,242650
20221107,14:18:01,18352.00,200,242650
20221107,14:18:14,18360.80,600,242750
20221107,14:18:21,18360.10,250,242750
20221107,14:18:25,18362.90,100,242750
20221107,14:18:33,18359.85,50,242750
20221107,14:18:34,18360.70,200,242750
20221107,14:18:42,18360.35,150,242750
20221107,14:18:43,18360.50,100,242750
20221107,14:18:44,18360.90,50,242750
20221107,14:18:45,18361.30,150,242750
20221107,14:18:48,18360.20,50,242750
20221107,14:18:49,18360.05,200,242750
20221107,14:18:50,18360.00,150,242750
20221107,14:18:55,18358.50,50,242750
20221107,14:18:56,18359.20,100,242750
20221107,14:18:57,18359.45,50,242750
20221107,14:18:58,18360.10,50,242750
20221107,14:19:01,18361.20,50,242750
20221107,14:19:02,18360.45,100,242750
20221107,14:19:03,18360.45,50,242750
20221107,14:19:04,18362.20,50,242750
20221107,14:19:09,18362.00,50,242750
20221107,14:19:18,18360.20,50,242750
20221107,14:19:28,18359.90,50,242750
20221107,14:19:39,18365.00,200,242750
20221107,14:19:44,18363.65,50,242750
20221107,14:20:02,18363.65,50,242750
20221107,14:20:32,18360.00,100,242750
20221107,14:21:16,18362.15,100,243250
20221107,14:21:17,18364.00,50,243250
20221107,14:21:26,18362.00,100,243250
20221107,14:21:33,18360.00,50,243250
20221107,14:21:45,18360.00,150,243250
20221107,14:21:50,18360.95,100,243250
20221107,14:22:34,18360.95,100,243250
20221107,14:23:11,18360.95,100,243250
20221107,14:23:28,18360.00,100,243250
20221107,14:24:01,18361.75,100,243250
20221107,14:24:04,18365.00,50,243050
20221107,14:24:05,18366.70,350,243050
20221107,14:24:10,18366.65,50,243050
20221107,14:24:22,18366.00,50,243050
20221107,14:24:41,18366.50,50,243050
20221107,14:24:44,18368.00,50,243050
20221107,14:24:47,18367.00,50,243050
20221107,14:24:50,18368.00,50,243050
20221107,14:24:54,18368.65,150,243050
20221107,14:25:02,18368.65,200,243050
20221107,14:25:06,18369.45,650,243050
20221107,14:25:08,18369.80,50,243050
20221107,14:25:16,18370.00,50,243050
20221107,14:25:19,18370.00,400,243050
20221107,14:25:19,18370.00,100,243050
20221107,14:25:22,18370.00,100,243050
20221107,14:25:23,18370.00,500,243050
20221107,14:25:24,18372.00,350,243050
20221107,14:25:54,18366.20,50,243050
20221107,14:26:15,18365.00,50,243050
20221107,14:26:36,18363.00,50,243050
20221107,14:26:51,18365.00,50,243050
20221107,14:27:06,18367.55,50,240700
20221107,14:27:31,18367.85,50,240700
20221107,14:27:35,18372.70,50,240700
20221107,14:27:50,18374.80,50,240700
20221107,14:27:54,18372.70,100,240700
20221107,14:27:55,18372.00,50,240700
20221107,14:27:57,18372.70,100,240700
20221107,14:27:58,18375.00,850,240700
20221107,14:28:08,18374.95,50,240700
20221107,14:28:09,18374.95,50,240700
20221107,14:28:30,18373.55,50,240700
20221107,14:28:33,18374.75,50,240700
20221107,14:28:44,18373.20,200,240700
20221107,14:28:46,18375.00,1050,240700
20221107,14:28:47,18375.00,600,240700
20221107,14:28:48,18376.25,250,240700
20221107,14:28:50,18377.50,50,240700
20221107,14:28:54,18379.00,50,240700
20221107,14:28:56,18380.00,250,240700
20221107,14:28:58,18380.00,450,240700
20221107,14:28:59,18380.00,600,240700
20221107,14:29:02,18384.95,100,240700
20221107,14:29:13,18384.90,50,240700
20221107,14:29:14,18380.00,300,240700
20221107,14:29:27,18380.00,350,240700
20221107,14:29:35,18382.00,100,240700
20221107,14:29:36,18380.95,50,240700
20221107,14:29:46,18379.95,50,240700
20221107,14:29:47,18379.95,100,240700
20221107,14:29:48,18379.95,50,240700
20221107,14:29:49,18379.15,400,240700
20221107,14:29:51,18380.95,50,240700
20221107,14:29:52,18382.25,100,240700
20221107,14:29:54,18381.05,50,240700
20221107,14:29:59,18381.05,50,240700
20221107,14:30:01,18382.15,50,240700
20221107,14:30:02,18385.00,300,240700
20221107,14:30:03,18385.00,750,236700
20221107,14:30:21,18388.25,50,236700
20221107,14:30:31,18385.00,200,236700
20221107,14:30:33,18382.75,50,236700
20221107,14:30:38,18382.75,50,236700
20221107,14:30:49,18382.55,50,236700
20221107,14:31:06,18383.35,100,236700
20221107,14:31:07,18385.40,150,236700
20221107,14:31:18,18389.00,100,236700
20221107,14:31:21,18387.35,50,236700
20221107,14:31:45,18387.20,50,236700
20221107,14:31:53,18386.00,50,236700
20221107,14:31:54,18385.00,50,236700
20221107,14:32:01,18386.95,100,236700
20221107,14:32:14,18386.20,50,236700
20221107,14:32:21,18386.95,150,236700
20221107,14:32:31,18389.10,150,236700
20221107,14:32:43,18390.00,50,236700
20221107,14:32:44,18390.00,650,236700
20221107,14:32:46,18390.00,100,236700
20221107,14:32:48,18391.50,50,236700
20221107,14:33:01,18393.45,50,236700
20221107,14:33:04,18395.00,250,236050
20221107,14:33:08,18395.35,50,236050
20221107,14:33:16,18395.35,50,236050
20221107,14:33:22,18391.95,50,236050
20221107,14:33:26,18392.60,50,236050
20221107,14:33:39,18395.00,50,236050
20221107,14:33:45,18395.50,50,236050
20221107,14:33:55,18394.75,50,236050
20221107,14:34:01,18391.50,50,236050
20221107,14:34:02,18390.00,50,236050
20221107,14:34:20,18390.15,150,236050
20221107,14:34:43,18390.15,50,236050
20221107,14:34:49,18390.15,500,236050
20221107,14:35:33,18389.45,50,236050
20221107,14:35:37,18386.10,50,236050
20221107,14:35:52,18385.00,50,236050
20221107,14:35:57,18383.75,50,236050
20221107,14:36:08,18382.00,50,236050
20221107,14:36:24,18384.25,50,235500
20221107,14:36:37,18384.05,50,235500
20221107,14:36:57,18382.30,50,235500
20221107,14:37:33,18385.05,200,235500
20221107,14:37:40,18388.90,200,235500
20221107,14:37:41,18387.55,50,235500
20221107,14:37:53,18390.15,400,235500
20221107,14:37:55,18389.40,50,235500
20221107,14:37:58,18392.15,100,235500
20221107,14:38:03,18392.85,250,235500
20221107,14:38:06,18392.80,100,235500
20221107,14:38:13,18391.35,100,235500
20221107,14:38:15,18390.15,200,235500
20221107,14:38:28,18392.70,100,235500
20221107,14:38:31,18391.85,50,235500
20221107,14:38:46,18393.30,150,235500
20221107,14:38:51,18392.70,50,235500
20221107,14:38:55,18392.70,50,235500
20221107,14:39:06,18391.40,50,235000
20221107,14:39:13,18390.00,50,235000
20221107,14:39:18,18392.00,50,235000
20221107,14:39:34,18390.00,50,235000
20221107,14:39:43,18385.55,50,235000
20221107,14:39:53,18386.05,50,235000
20221107,14:40:10,18386.15,100,235000
20221107,14:40:13,18386.00,100,235000
20221107,14:40:33,18387.00,100,235000
20221107,14:40:50,18387.00,50,235000
20221107,14:40:55,18386.00,100,235000
20221107,14:41:06,18385.00,50,235000
20221107,14:41:18,18385.00,50,235000
20221107,14:41:20,18384.00,50,235000
20221107,14:42:00,18380.00,50,235000
20221107,14:42:08,18380.00,50,234650
20221107,14:42:10,18382.00,100,234650
20221107,14:42:15,18384.00,50,234650
20221107,14:42:21,18384.10,50,234650
20221107,14:42:35,18385.20,50,234650
20221107,14:42:45,18384.40,100,234650
20221107,14:42:46,18388.55,100,234650
20221107,14:43:12,18385.00,50,234650
20221107,14:43:42,18383.95,50,234650
20221107,14:43:51,18384.95,100,234650
20221107,14:44:30,18378.70,50,234650
20221107,14:45:00,18384.00,150,234650
20221107,14:45:01,18381.15,50,234650
20221107,14:45:11,18385.00,50,234450
20221107,14:45:24,18385.00,50,234450
20221107,14:45:48,18383.00,50,234450
20221107,14:46:03,18383.00,50,234450
20221107,14:46:05,18385.05,400,234450
20221107,14:46:06,18386.10,50,234450
20221107,14:46:14,18384.50,50,234450
20221107,14:46:38,18381.20,50,234450
20221107,14:47:05,18380.20,100,234450
20221107,14:47:09,18384.15,100,234450
20221107,14:47:10,18383.90,50,234450
20221107,14:47:11,18382.65,50,234450
20221107,14:47:13,18382.45,150,234450
20221107,14:47:14,18381.10,200,234450
20221107,14:47:15,18381.15,150,234450
20221107,14:47:25,18382.75,100,234450
20221107,14:47:55,18383.00,100,234450
20221107,14:47:56,18383.00,150,234450
20221107,14:47:57,18383.00,50,234450
20221107,14:47:59,18384.90,50,234450
20221107,14:48:06,18385.50,50,234750
20221107,14:48:12,18384.10,100,234750
20221107,14:48:18,18382.80,50,234750
20221107,14:48:19,18381.60,50,234750
20221107,14:48:20,18381.60,100,234750
20221107,14:48:22,18381.00,100,234750
20221107,14:48:33,18380.00,50,234750
20221107,14:48:34,18379.05,150,234750
20221107,14:48:37,18379.35,50,234750
20221107,14:48:38,18379.35,50,234750
20221107,14:48:45,18379.35,50,234750
20221107,14:48:54,18381.00,50,234750
20221107,14:49:00,18381.80,50,234750
20221107,14:49:23,18384.55,50,234750
20221107,14:49:24,18384.45,50,234750
20221107,14:49:32,18384.45,50,234750
20221107,14:49:33,18384.30,50,234750
20221107,14:49:34,18384.30,50,234750
20221107,14:50:17,18384.05,50,234750
20221107,14:50:43,18387.80,100,234750
20221107,14:50:44,18388.50,50,234750
20221107,14:50:47,18390.00,100,234750
20221107,14:50:48,18391.00,100,234750
20221107,14:50:59,18391.70,100,234750
20221107,14:51:00,18392.85,100,234750
20221107,14:51:01,18391.25,100,234750
20221107,14:51:04,18393.65,50,234750
20221107,14:51:09,18393.65,50,236250
20221107,14:51:12,18393.00,50,236250
20221107,14:51:15,18392.40,150,236250
20221107,14:51:16,18391.40,100,236250
20221107,14:51:21,18392.25,50,236250
20221107,14:51:38,18391.00,50,236250
20221107,14:51:46,18393.70,150,236250
20221107,14:52:21,18390.00,300,236250
20221107,14:52:22,18390.25,50,236250
20221107,14:52:26,18391.30,100,236250
20221107,14:52:31,18391.50,50,236250
20221107,14:52:34,18391.95,200,236250
20221107,14:52:35,18391.95,50,236250
20221107,14:52:37,18391.30,50,236250
20221107,14:52:40,18393.00,50,236250
20221107,14:52:45,18392.15,50,236250
20221107,14:53:02,18391.30,100,236250
20221107,14:53:03,18389.45,150,236250
20221107,14:53:04,18389.05,50,236250
20221107,14:53:05,18389.05,50,236250
20221107,14:53:12,18389.90,50,236250
20221107,14:53:13,18389.05,50,236250
20221107,14:53:34,18389.05,50,236250
20221107,14:53:38,18388.50,200,236250
20221107,14:53:39,18388.95,100,236250
20221107,14:53:46,18389.60,50,236250
20221107,14:54:03,18389.05,50,236250
20221107,14:54:06,18389.85,100,236250
20221107,14:54:26,18388.05,100,238400
20221107,14:54:32,18386.95,150,238400
20221107,14:54:43,18389.00,50,238400
20221107,14:54:49,18388.80,100,238400
20221107,14:54:55,18387.85,150,238400
20221107,14:54:56,18387.85,50,238400
20221107,14:55:22,18386.85,50,238400
20221107,14:55:41,18387.00,50,238400
20221107,14:55:41,18387.20,100,238400
20221107,14:55:42,18387.20,50,238400
20221107,14:55:57,18385.00,50,238400
20221107,14:55:59,18387.00,200,238400
20221107,14:56:03,18382.00,50,238400
20221107,14:56:15,18385.10,50,238400
20221107,14:56:29,18380.05,100,238400
20221107,14:56:35,18380.00,50,238400
20221107,14:56:40,18379.15,100,238400
20221107,14:56:46,18376.05,50,238400
20221107,14:56:55,18375.00,100,238400
20221107,14:57:35,18375.05,50,239200
20221107,14:57:36,18375.05,50,239200
20221107,14:58:17,18375.95,50,239200
20221107,14:58:39,18380.00,100,239200
20221107,14:58:54,18380.00,200,239200
20221107,14:59:07,18385.60,50,239200
20221107,14:59:10,18388.70,50,239200
20221107,14:59:19,18387.90,50,239200
20221107,14:59:27,18386.30,50,239200
20221107,14:59:29,18386.50,50,239200
20221107,15:00:04,18388.05,100,239200
20221107,15:00:17,18392.90,50,239200
20221107,15:00:19,18398.00,250,239200
20221107,15:00:20,18398.40,100,239200
20221107,15:00:22,18399.00,100,239200
20221107,15:00:23,18400.00,200,239200
20221107,15:00:25,18400.00,50,239200
20221107,15:00:28,18400.00,250,239200
20221107,15:00:30,18400.00,50,239200
20221107,15:00:33,18400.00,650,239200
20221107,15:00:35,18400.50,300,239200
20221107,15:00:36,18402.00,150,239200
20221107,15:00:55,18403.00,100,239200
20221107,15:00:58,18403.95,50,239200
20221107,15:01:06,18405.00,50,239200
20221107,15:01:14,18403.00,50,239200
20221107,15:01:22,18405.95,100,239200
20221107,15:01:25,18407.00,50,239200
20221107,15:01:26,18407.95,100,239200
20221107,15:01:36,18409.95,50,239200
20221107,15:01:37,18409.85,150,239200
20221107,15:01:38,18410.00,150,239200
20221107,15:01:44,18406.00,50,239200
20221107,15:02:04,18410.00,50,239200
20221107,15:02:11,18408.00,50,239200
20221107,15:02:26,18405.05,50,239200
20221107,15:02:44,18403.50,100,239200
20221107,15:02:50,18406.10,50,239200
20221107,15:02:53,18403.05,100,239200
20221107,15:03:19,18405.70,100,239200
20221107,15:03:29,18407.50,50,239200
20221107,15:03:56,18404.25,50,239200
20221107,15:04:29,18403.05,50,239200
20221107,15:04:40,18401.05,50,239200
20221107,15:04:44,18403.00,100,239200
20221107,15:04:46,18403.55,50,239200
20221107,15:04:48,18402.80,50,239200
20221107,15:04:51,18404.00,50,239200
20221107,15:04:54,18404.55,50,239200
20221107,15:04:55,18405.00,100,239200
20221107,15:05:01,18403.40,450,239200
20221107,15:05:06,18405.85,50,239200
20221107,15:05:26,18403.00,50,239200
20221107,15:05:28,18403.40,200,239200
20221107,15:05:38,18402.65,50,239200
20221107,15:05:47,18403.20,50,239200
20221107,15:05:49,18403.90,50,239200
20221107,15:05:54,18406.10,50,239200
20221107,15:05:55,18405.55,150,239200
20221107,15:05:56,18406.10,100,239200
20221107,15:05:59,18405.60,50,239200
20221107,15:06:00,18406.40,50,239200
20221107,15:06:01,18405.80,100,239200
20221107,15:06:05,18406.40,50,239200
20221107,15:06:20,18403.55,200,240450
20221107,15:06:27,18403.10,50,240450
20221107,15:06:28,18403.45,150,240450
20221107,15:06:30,18404.25,100,240450
20221107,15:06:32,18401.65,150,240450
20221107,15:06:44,18403.50,50,240450
20221107,15:06:45,18403.55,100,240450
20221107,15:06:49,18402.80,50,240450
20221107,15:07:00,18402.60,50,240450
20221107,15:07:00,18403.30,50,240450
20221107,15:07:08,18401.55,50,240450
20221107,15:07:17,18402.65,50,240450
20221107,15:07:31,18402.65,50,240450
20221107,15:07:40,18400.00,200,240450
20221107,15:08:11,18396.70,50,240450
20221107,15:08:24,18396.70,50,240450
20221107,15:08:43,18397.30,50,240450
20221107,15:08:49,18396.70,50,240450
20221107,15:08:55,18395.00,50,240450
20221107,15:08:56,18397.85,50,240450
20221107,15:09:05,18395.00,50,240450
20221107,15:09:15,18388.30,100,241800
20221107,15:09:19,18388.10,50,241800
20221107,15:09:41,18394.05,100,241800
20221107,15:09:42,18394.05,50,241800
20221107,15:10:07,18396.55,50,241800
20221107,15:10:49,18399.50,100,241800
20221107,15:11:10,18402.00,50,241800
20221107,15:11:11,18402.00,200,241800
20221107,15:11:12,18402.00,100,241800
20221107,15:11:32,18399.50,50,241800
20221107,15:13:36,18396.00,100,242000
20221107,15:13:39,18399.25,200,242000
20221107,15:13:49,18399.25,50,242000
20221107,15:13:56,18400.00,350,242000
20221107,15:13:59,18399.50,50,242000
20221107,15:14:04,18400.00,100,242000
20221107,15:14:13,18399.55,50,242000
20221107,15:14:18,18399.95,50,242000
20221107,15:14:22,18400.00,50,242000
20221107,15:14:23,18400.00,50,242000
20221107,15:14:51,18394.80,100,242000
20221107,15:14:56,18399.95,50,242000
20221107,15:15:05,18399.95,50,242000
20221107,15:15:10,18399.00,50,241950
20221107,15:15:14,18399.95,50,241950
20221107,15:15:17,18400.00,50,241950
20221107,15:15:18,18400.00,100,241950
20221107,15:15:19,18397.00,50,241950
20221107,15:15:23,18399.95,50,241950
20221107,15:15:34,18399.00,50,241950
20221107,15:15:35,18399.95,100,241950
20221107,15:15:37,18399.95,50,241950
20221107,15:15:39,18399.95,50,241950
20221107,15:15:50,18399.95,50,241950
20221107,15:15:55,18399.95,50,241950
20221107,15:15:59,18399.95,100,241950
20221107,15:16:07,18400.00,50,241950
20221107,15:16:08,18400.00,1250,241950
20221107,15:16:09,18400.00,100,241950
20221107,15:16:11,18400.00,250,241950
20221107,15:16:18,18401.00,50,241950
20221107,15:16:24,18401.95,50,241950
20221107,15:16:26,18401.95,50,241950
20221107,15:16:27,18400.45,50,241950
20221107,15:16:59,18399.00,50,241950
20221107,15:17:12,18399.00,100,241950
20221107,15:17:33,18399.00,50,241950
20221107,15:17:44,18399.00,50,241950
20221107,15:17:48,18399.00,50,241950
20221107,15:17:54,18399.00,50,241950
20221107,15:17:56,18399.00,50,241950
20221107,15:18:01,18399.00,50,241950
20221107,15:18:16,18396.00,350,242450
20221107,15:18:20,18396.65,50,242450
20221107,15:18:33,18397.55,50,242450
20221107,15:18:40,18397.00,200,242450
20221107,15:18:41,18397.00,50,242450
20221107,15:19:18,18397.00,50,242450
20221107,15:19:32,18397.00,100,242450
20221107,15:19:32,18397.00,50,242450
20221107,15:20:45,18399.00,100,242450
20221107,15:20:49,18400.00,50,242450
20221107,15:20:50,18400.00,300,242450
20221107,15:20:51,18400.00,50,242450
20221107,15:20:52,18400.00,150,242450
20221107,15:20:55,18400.00,400,242450
20221107,15:21:00,18400.00,50,242450
20221107,15:21:01,18400.00,650,242450
20221107,15:21:02,18400.00,50,242450
20221107,15:21:03,18400.00,50,242450
20221107,15:21:06,18401.00,100,242450
20221107,15:21:07,18401.00,100,242450
20221107,15:21:08,18401.00,200,242450
20221107,15:21:19,18401.75,50,242400
20221107,15:21:20,18401.50,50,242400
20221107,15:21:21,18401.80,50,242400
20221107,15:21:25,18401.70,50,242400
20221107,15:21:26,18401.00,50,242400
20221107,15:21:31,18403.95,100,242400
20221107,15:21:40,18403.95,50,242400
20221107,15:21:47,18403.95,50,242400
20221107,15:21:52,18403.95,100,242400
20221107,15:21:56,18403.25,150,242400
20221107,15:22:07,18403.05,50,242400
20221107,15:22:15,18405.00,50,242400
20221107,15:22:16,18405.00,100,242400
20221107,15:22:17,18405.00,50,242400
20221107,15:22:20,18405.95,50,242400
20221107,15:22:22,18405.95,50,242400
20221107,15:22:29,18405.75,50,242400
20221107,15:22:30,18405.90,200,242400
20221107,15:22:31,18406.40,50,242400
20221107,15:22:33,18406.15,250,242400
20221107,15:22:34,18406.05,150,242400
20221107,15:22:35,18405.45,150,242400
20221107,15:22:36,18405.60,50,242400
20221107,15:22:37,18405.25,100,242400
20221107,15:22:41,18406.40,50,242400
20221107,15:22:42,18408.55,50,242400
20221107,15:22:45,18406.15,50,242400
20221107,15:22:46,18406.15,50,242400
20221107,15:22:54,18407.05,100,242400
20221107,15:23:10,18405.00,50,242400
20221107,15:23:18,18405.00,50,242400
20221107,15:23:45,18404.95,50,242400
20221107,15:23:52,18405.00,100,242400
20221107,15:23:55,18405.00,150,242400
20221107,15:24:02,18405.00,50,242400
20221107,15:24:04,18405.00,50,242400
20221107,15:24:06,18405.00,50,242400
20221107,15:24:10,18406.65,50,242400
20221107,15:24:13,18406.70,50,244700
20221107,15:24:14,18406.35,50,244700
20221107,15:24:25,18404.00,50,244700
20221107,15:24:29,18404.00,50,244700
20221107,15:24:38,18405.80,50,244700
20221107,15:24:48,18406.00,50,244700
20221107,15:24:56,18408.00,100,244700
20221107,15:25:01,18408.00,100,244700
20221107,15:25:09,18408.20,50,244700
20221107,15:25:12,18408.20,50,244700
20221107,15:25:19,18406.60,100,244700
20221107,15:25:26,18407.70,800,244700
20221107,15:25:38,18407.05,100,244700
20221107,15:25:39,18405.00,50,244700
20221107,15:25:50,18403.00,50,244700
20221107,15:25:51,18403.65,100,244700
20221107,15:26:02,18405.00,50,244700
20221107,15:26:08,18403.10,150,244700
20221107,15:26:09,18405.00,300,244700
20221107,15:26:24,18404.95,50,244700
20221107,15:26:28,18404.70,100,244700
20221107,15:26:37,18402.30,200,244700
20221107,15:26:49,18402.30,50,244700
20221107,15:26:54,18404.00,50,244700
20221107,15:26:58,18402.30,50,244700
20221107,15:27:00,18402.30,50,244700
20221107,15:27:14,18403.50,100,245150
20221107,15:27:17,18405.00,50,245150
20221107,15:27:18,18403.25,50,245150
20221107,15:27:40,18403.85,50,245150
20221107,15:27:41,18403.50,100,245150
20221107,15:27:45,18403.85,50,245150
20221107,15:27:52,18403.50,50,245150
20221107,15:28:06,18403.45,100,245150
20221107,15:28:10,18403.25,50,245150
20221107,15:28:11,18402.80,50,245150
20221107,15:28:20,18402.65,50,245150
20221107,15:28:26,18402.95,50,245150
20221107,15:28:34,18402.95,100,245150
20221107,15:28:37,18403.00,50,245150
20221107,15:28:38,18402.95,150,245150
20221107,15:28:40,18402.40,50,245150
20221107,15:28:43,18403.00,50,245150
20221107,15:28:52,18402.95,50,245150
20221107,15:28:55,18402.95,100,245150
20221107,15:28:59,18402.30,50,245150
20221107,15:29:01,18402.15,50,245150
20221107,15:29:05,18398.65,300,245150
20221107,15:29:15,18400.00,100,245150
20221107,15:29:16,18400.00,50,245150
20221107,15:29:20,18400.00,50,245150
20221107,15:29:24,18397.85,50,245150
20221107,15:29:30,18396.55,50,245150
20221107,15:29:37,18400.00,300,245150
20221107,15:29:39,18400.00,50,245150
20221107,15:29:45,18400.00,100,245150
20221107,15:29:57,18400.00,50,245150
