20221107,09:15:00,18294.90,1,11786850
20221107,09:15:00,18295.00,1,11786850
20221107,09:15:00,18285.05,1,11786850
20221107,09:15:00,18290.50,2200,11786850
20221107,09:15:00,18280.05,2100,11786850
20221107,09:15:02,18277.15,4200,11786850
20221107,09:15:02,18283.30,2200,11786850
20221107,09:15:03,18285.85,6650,11786850
20221107,09:15:04,18292.30,6400,11786850
20221107,09:15:05,18295.55,6200,11786850
20221107,09:15:06,18296.70,5800,11786850
20221107,09:15:08,18285.20,6600,11786850
20221107,09:15:08,18285.55,1250,11786850
20221107,09:15:09,18284.85,7150,11786850
20221107,09:15:10,18285.75,2300,11786850
20221107,09:15:11,18283.05,8300,11786850
20221107,09:15:12,18288.25,8200,11786850
20221107,09:15:14,18290.80,7350,11786850
20221107,09:15:14,18287.40,1250,11786850
20221107,09:15:15,18291.00,6050,11786850
20221107,09:15:16,18298.00,9800,11786850
20221107,09:15:17,18299.00,7850,11786850
20221107,09:15:19,18298.80,3450,11786850
20221107,09:15:19,18298.60,1400,11786850
20221107,09:15:20,18297.35,4800,11786850
20221107,09:15:21,18299.40,9400,11786850
20221107,09:15:22,18296.95,3850,11786850
20221107,09:15:23,18295.10,5150,11786850
20221107,09:15:25,18302.50,14650,11786850
20221107,09:15:25,18296.00,3100,11786850
20221107,09:15:26,18303.35,3300,11786850
20221107,09:15:27,18305.00,8100,11786850
20221107,09:15:28,18307.00,6650,11786850
20221107,09:15:30,18306.05,5250,11786850
20221107,09:15:30,18302.25,1650,11786850
20221107,09:15:31,18301.15,5500,11786850
20221107,09:15:32,18299.65,7100,11786850
20221107,09:15:33,18300.10,8100,11786850
20221107,09:15:34,18296.60,12250,11786850
20221107,09:15:36,18299.00,4150,11786850
20221107,09:15:36,18295.00,1400,11786850
20221107,09:15:37,18302.00,5250,11786850
20221107,09:15:38,18295.05,4800,11786850
20221107,09:15:39,18297.75,2500,11786850
20221107,09:15:41,18295.00,3850,11786850
20221107,09:15:41,18298.70,100,11786850
20221107,09:15:42,18295.00,3700,11786850
20221107,09:15:43,18291.90,2900,11786850
20221107,09:15:44,18293.35,11900,11786850
20221107,09:15:46,18296.25,3750,11786850
20221107,09:15:47,18294.75,4250,11786850
20221107,09:15:47,18293.25,450,11786850
20221107,09:15:48,18293.25,2000,11786850
20221107,09:15:49,18293.25,3600,11786850
20221107,09:15:51,18295.80,7750,11786850
20221107,09:15:52,18297.75,3250,11786850
20221107,09:15:53,18294.80,1400,11786850
20221107,09:15:53,18298.30,300,11786850
20221107,09:15:54,18296.00,3000,11786850
20221107,09:15:55,18298.75,6650,11786850
20221107,09:15:57,18296.85,2700,11786850
20221107,09:15:58,18296.20,2350,11786850
20221107,09:15:58,18299.55,400,11786850
20221107,09:15:59,18299.00,2150,11786850
20221107,09:16:00,18301.10,8550,11786850
20221107,09:16:01,18301.35,3800,11786850
20221107,09:16:03,18300.55,1800,11786850
20221107,09:16:04,18303.85,1800,11786850
20221107,09:16:04,18299.75,1200,11786850
20221107,09:16:05,18302.25,2050,11786850
20221107,09:16:06,18305.00,2250,11786850
20221107,09:16:08,18305.00,9000,11786850
20221107,09:16:09,18304.90,4600,11786850
20221107,09:16:09,18304.95,400,11786850
20221107,09:16:10,18305.00,4600,11786850
20221107,09:16:11,18303.65,2500,11786850
20221107,09:16:12,18308.50,6600,11786850
20221107,09:16:14,18305.45,1400,11786850
20221107,09:16:15,18305.90,17550,11786850
20221107,09:16:15,18302.50,150,11786850
20221107,09:16:16,18305.00,4050,11786850
20221107,09:16:17,18303.40,700,11786850
20221107,09:16:19,18301.00,1650,11786850
20221107,09:16:20,18302.85,1800,11786850
20221107,09:16:21,18303.40,1250,11786850
20221107,09:16:21,18302.75,1150,11786850
20221107,09:16:22,18302.70,1550,11786850
20221107,09:16:23,18302.70,4800,11786850
20221107,09:16:25,18300.00,2400,11786850
20221107,09:16:26,18301.15,3550,11786850
20221107,09:16:26,18299.25,100,11786850
20221107,09:16:27,18299.05,5150,11786850
20221107,09:16:28,18300.80,4650,11786850
20221107,09:16:29,18301.45,2850,11786850
20221107,09:16:31,18300.00,1900,11786850
20221107,09:16:32,18299.15,1100,11786850
20221107,09:16:32,18297.00,100,11786850
20221107,09:16:33,18298.10,3300,11786850
20221107,09:16:34,18295.40,1000,11786850
20221107,09:16:35,18298.20,4750,11786850
20221107,09:16:37,18295.20,1000,11786850
20221107,09:16:38,18292.20,650,11786850
20221107,09:16:38,18294.05,50,11786850
20221107,09:16:39,18292.00,1750,11786850
20221107,09:16:40,18292.00,1500,11786850
20221107,09:16:42,18292.05,850,11786850
20221107,09:16:43,18291.00,550,11786850
20221107,09:16:44,18291.95,2350,11786850
20221107,09:16:44,18291.95,50,11786850
20221107,09:16:45,18290.95,2050,11786850
20221107,09:16:46,18292.55,3000,11786850
20221107,09:16:48,18290.25,2200,11786850
20221107,09:16:49,18288.65,8650,11786850
20221107,09:16:50,18287.75,3250,11786850
20221107,09:16:51,18286.85,750,11786850
20221107,09:16:53,18287.85,2250,11786850
20221107,09:16:54,18285.25,3700,11786850
20221107,09:16:54,18285.00,50,11786850
20221107,09:16:55,18284.55,550,11786850
20221107,09:16:56,18284.95,2350,11786850
20221107,09:16:57,18280.65,2650,11786850
20221107,09:16:59,18282.10,900,11786850
20221107,09:17:00,18281.40,5400,11786850
20221107,09:17:00,18283.60,350,11786850
20221107,09:17:01,18283.45,8650,11786850
20221107,09:17:02,18283.30,3200,11786850
20221107,09:17:04,18284.60,1450,11786850
20221107,09:17:05,18284.95,2500,11786850
20221107,09:17:06,18283.70,800,11786850
20221107,09:17:06,18283.70,50,11786850
20221107,09:17:07,18285.15,2150,11786850
20221107,09:17:08,18287.05,1400,11786850
20221107,09:17:10,18289.25,4700,11786850
20221107,09:17:11,18287.20,3850,11786850
20221107,09:17:11,18286.00,50,11786850
20221107,09:17:12,18285.85,4500,11786850
20221107,09:17:13,18284.50,900,11786850
20221107,09:17:14,18284.20,3050,11786850
20221107,09:17:16,18282.80,1500,11786850
20221107,09:17:17,18284.40,1550,11786850
20221107,09:17:18,18285.35,1400,11786850
20221107,09:17:19,18287.00,2250,11786850
20221107,09:17:21,18286.30,1750,11786850
20221107,09:17:22,18288.45,2600,11786850
20221107,09:17:22,18289.20,350,11786850
20221107,09:17:23,18287.15,1250,11725600
20221107,09:17:24,18287.05,1600,11725600
20221107,09:17:25,18286.10,1950,11725600
20221107,09:17:27,18286.85,3900,11725600
20221107,09:17:28,18287.80,1000,11725600
20221107,09:17:28,18287.05,250,11725600
20221107,09:17:29,18287.25,1050,11725600
20221107,09:17:30,18286.10,4200,11725600
20221107,09:17:32,18284.45,2550,11725600
20221107,09:17:33,18284.90,4550,11725600
20221107,09:17:33,18284.70,100,11725600
20221107,09:17:34,18285.45,1250,11725600
20221107,09:17:35,18285.70,2700,11725600
20221107,09:17:36,18284.25,1000,11725600
20221107,09:17:38,18283.70,1450,11725600
20221107,09:17:39,18284.95,1600,11725600
20221107,09:17:39,18285.60,200,11725600
20221107,09:17:40,18285.60,900,11725600
20221107,09:17:41,18286.75,250,11725600
20221107,09:17:42,18285.40,2350,11725600
20221107,09:17:44,18283.05,2300,11725600
20221107,09:17:45,18286.35,1700,11725600
20221107,09:17:45,18286.30,50,11725600
20221107,09:17:46,18285.30,1750,11725600
20221107,09:17:47,18285.55,250,11725600
20221107,09:17:49,18285.00,1650,11725600
20221107,09:17:50,18285.65,1200,11725600
20221107,09:17:50,18285.40,50,11725600
20221107,09:17:51,18285.05,1250,11725600
20221107,09:17:52,18285.10,750,11725600
20221107,09:17:54,18284.80,1600,11725600
20221107,09:17:55,18284.30,1000,11725600
20221107,09:17:56,18284.60,1500,11725600
20221107,09:17:56,18284.60,100,11725600
20221107,09:17:57,18285.60,3250,11725600
20221107,09:17:58,18285.55,500,11725600
20221107,09:18:00,18285.65,650,11725600
20221107,09:18:01,18283.80,1750,11725600
20221107,09:18:02,18285.10,1450,11725600
20221107,09:18:02,18285.70,450,11725600
20221107,09:18:03,18286.75,3050,11725600
20221107,09:18:04,18287.10,1750,11725600
20221107,09:18:06,18286.75,400,11725600
20221107,09:18:07,18285.55,2200,11725600
20221107,09:18:08,18285.80,1200,11725600
20221107,09:18:08,18285.40,50,11725600
20221107,09:18:09,18285.40,550,11725600
20221107,09:18:10,18286.10,1250,11725600
20221107,09:18:12,18285.30,600,11725600
20221107,09:18:13,18285.40,950,11725600
20221107,09:18:14,18285.40,1550,11725600
20221107,09:18:14,18285.40,600,11725600
20221107,09:18:16,18284.05,700,11725600
20221107,09:18:17,18284.05,900,11725600
20221107,09:18:18,18283.65,2800,11725600
20221107,09:18:18,18283.00,1500,11725600
20221107,09:18:19,18282.15,900,11725600
20221107,09:18:21,18282.75,2300,11725600
20221107,09:18:22,18282.05,950,11725600
20221107,09:18:23,18282.15,1050,11725600
20221107,09:18:23,18280.50,650,11725600
20221107,09:18:24,18281.30,2950,11725600
20221107,09:18:26,18278.50,7800,11725600
20221107,09:18:27,18278.10,750,11725600
20221107,09:18:28,18279.95,4500,11725600
20221107,09:18:28,18280.30,100,11725600
20221107,09:18:29,18280.90,2000,11725600
20221107,09:18:31,18282.25,2150,11725600
20221107,09:18:32,18281.70,400,11725600
20221107,09:18:33,18282.20,3300,11725600
20221107,09:18:33,18282.40,50,11725600
20221107,09:18:34,18283.35,1900,11725600
20221107,09:18:36,18282.65,1200,11725600
20221107,09:18:37,18283.05,2500,11725600
20221107,09:18:38,18283.55,1150,11725600
20221107,09:18:38,18282.65,50,11725600
20221107,09:18:39,18282.65,650,11725600
20221107,09:18:41,18283.15,250,11725600
20221107,09:18:42,18281.45,4650,11725600
20221107,09:18:43,18282.05,1550,11725600
20221107,09:18:43,18282.10,50,11725600
20221107,09:18:44,18282.20,850,11725600
20221107,09:18:46,18282.25,2050,11725600
20221107,09:18:47,18282.90,1200,11725600
20221107,09:18:48,18283.00,1400,11725600
20221107,09:18:49,18281.65,550,11725600
20221107,09:18:49,18282.85,1450,11725600
20221107,09:18:50,18283.35,1200,11725600
20221107,09:18:52,18284.45,900,11725600
20221107,09:18:53,18284.70,2600,11725600
20221107,09:18:54,18284.45,350,11725600
20221107,09:18:54,18284.55,600,11725600
20221107,09:18:55,18284.65,950,11725600
20221107,09:18:57,18284.65,1850,11725600
20221107,09:18:58,18284.65,3450,11725600
20221107,09:18:59,18284.40,500,11725600
20221107,09:18:59,18284.55,50,11725600
20221107,09:19:00,18282.50,1450,11725600
20221107,09:19:02,18284.20,350,11725600
20221107,09:19:03,18283.90,250,11725600
20221107,09:19:04,18282.10,1850,11725600
20221107,09:19:04,18282.60,50,11725600
20221107,09:19:05,18282.60,450,11725600
20221107,09:19:06,18283.15,1200,11725600
20221107,09:19:08,18283.80,600,11725600
20221107,09:19:09,18281.30,1200,11725600
20221107,09:19:10,18281.65,2250,11725600
20221107,09:19:10,18281.65,150,11725600
20221107,09:19:11,18281.90,650,11725600
20221107,09:19:13,18282.50,850,11725600
20221107,09:19:14,18282.75,500,11725600
20221107,09:19:15,18284.15,600,11725600
20221107,09:19:16,18283.60,800,11725600
20221107,09:19:16,18284.20,450,11725600
20221107,09:19:18,18284.55,550,11725600
20221107,09:19:19,18283.25,300,11725600
20221107,09:19:20,18284.05,800,11725600
20221107,09:19:21,18282.65,150,11725600
20221107,09:19:22,18281.30,1300,11725600
20221107,09:19:23,18282.00,750,11725600
20221107,09:19:24,18281.25,350,11725600
20221107,09:19:25,18282.15,500,11725600
20221107,09:19:26,18282.30,150,11725600
20221107,09:19:28,18281.15,400,11725600
20221107,09:19:29,18281.65,600,11725600
20221107,09:19:30,18282.95,1100,11725600
20221107,09:19:31,18283.90,250,11725600
20221107,09:19:32,18282.75,1050,11725600
20221107,09:19:33,18283.05,400,11725600
20221107,09:19:34,18283.50,1650,11725600
20221107,09:19:35,18282.55,150,11725600
20221107,09:19:37,18281.15,2000,11725600
20221107,09:19:38,18281.15,650,11725600
20221107,09:19:39,18281.15,250,11725600
20221107,09:19:39,18281.15,200,11725600
20221107,09:19:40,18280.95,1550,11725600
20221107,09:19:41,18280.40,700,11725600
20221107,09:19:43,18280.35,200,11725600
20221107,09:19:44,18278.55,2650,11725600
20221107,09:19:45,18278.50,500,11725600
20221107,09:19:46,18278.10,700,11725600
20221107,09:19:47,18279.15,1250,11725600
20221107,09:19:47,18278.85,400,11725600
20221107,09:19:48,18279.95,2400,11725600
20221107,09:19:49,18280.15,2300,11725600
20221107,09:19:50,18280.25,4500,11725600
20221107,09:19:51,18280.80,4100,11725600
20221107,09:19:52,18280.90,2250,11725600
20221107,09:19:53,18280.15,800,11725600
20221107,09:19:54,18280.00,750,11725600
20221107,09:19:55,18279.15,2000,11725600
20221107,09:19:56,18278.50,950,11725600
20221107,09:19:57,18279.10,100,11725600
20221107,09:19:59,18280.00,400,11725600
20221107,09:20:00,18280.30,4850,11725600
20221107,09:20:01,18287.35,10850,11725600
20221107,09:20:02,18283.80,1250,11725600
20221107,09:20:03,18285.10,1200,11725600
20221107,09:20:04,18285.60,550,11725600
20221107,09:20:05,18287.50,750,11725600
20221107,09:20:06,18287.45,500,11725600
20221107,09:20:06,18288.30,1350,11725600
20221107,09:20:07,18290.00,1450,11725600
20221107,09:20:08,18290.90,2850,11725600
20221107,09:20:09,18292.70,1750,11725600
20221107,09:20:10,18292.70,900,11725600
20221107,09:20:11,18293.00,1700,11725600
20221107,09:20:13,18293.50,1150,11725600
20221107,09:20:14,18291.00,3650,11725600
20221107,09:20:14,18287.50,750,11725600
20221107,09:20:15,18287.85,1300,11725600
20221107,09:20:16,18288.20,250,11725600
20221107,09:20:17,18288.15,1650,11725600
20221107,09:20:19,18289.65,350,11725600
20221107,09:20:20,18292.45,700,11725600
20221107,09:20:21,18290.10,250,11725600
20221107,09:20:22,18288.45,550,11725600
20221107,09:20:23,18290.10,900,11689700
20221107,09:20:24,18288.90,2700,11689700
20221107,09:20:25,18288.90,600,11689700
20221107,09:20:26,18288.20,550,11689700
20221107,09:20:27,18287.55,100,11689700
20221107,09:20:28,18287.95,150,11689700
20221107,09:20:29,18288.05,250,11689700
20221107,09:20:30,18287.80,650,11689700
20221107,09:20:31,18287.90,350,11689700
20221107,09:20:32,18287.95,200,11689700
20221107,09:20:33,18287.10,1800,11689700
20221107,09:20:34,18287.95,100,11689700
20221107,09:20:35,18287.10,250,11689700
20221107,09:20:36,18287.00,200,11689700
20221107,09:20:37,18286.05,750,11689700
20221107,09:20:38,18287.80,2100,11689700
20221107,09:20:38,18287.90,150,11689700
20221107,09:20:40,18285.40,150,11689700
20221107,09:20:41,18284.40,900,11689700
20221107,09:20:42,18283.30,450,11689700
20221107,09:20:43,18280.80,650,11689700
20221107,09:20:44,18281.80,100,11689700
20221107,09:20:45,18282.90,1100,11689700
20221107,09:20:46,18281.05,1000,11689700
20221107,09:20:47,18281.65,550,11689700
20221107,09:20:48,18283.05,200,11689700
20221107,09:20:48,18283.30,50,11689700
20221107,09:20:50,18284.15,200,11689700
20221107,09:20:51,18283.55,350,11689700
20221107,09:20:52,18284.55,350,11689700
20221107,09:20:53,18283.30,350,11689700
20221107,09:20:55,18284.45,600,11689700
20221107,09:20:56,18283.20,300,11689700
20221107,09:20:57,18281.90,500,11689700
20221107,09:20:58,18282.95,2000,11689700
20221107,09:20:59,18281.90,300,11689700
20221107,09:20:59,18282.20,50,11689700
20221107,09:21:01,18281.75,2700,11689700
20221107,09:21:02,18281.75,500,11689700
20221107,09:21:03,18281.90,450,11689700
20221107,09:21:04,18281.35,450,11689700
20221107,09:21:05,18282.55,800,11689700
20221107,09:21:06,18282.70,300,11689700
20221107,09:21:07,18283.20,200,11689700
20221107,09:21:08,18281.15,50,11689700
20221107,09:21:09,18281.85,800,11689700
20221107,09:21:10,18281.75,1150,11689700
20221107,09:21:10,18282.10,150,11689700
20221107,09:21:12,18282.25,300,11689700
20221107,09:21:13,18281.70,100,11689700
20221107,09:21:15,18282.15,250,11689700
20221107,09:21:16,18281.75,900,11689700
20221107,09:21:18,18282.00,400,11689700
20221107,09:21:19,18282.45,2300,11689700
20221107,09:21:20,18282.95,750,11689700
20221107,09:21:21,18283.00,550,11689700
20221107,09:21:22,18282.75,400,11689700
20221107,09:21:23,18281.50,550,11689700
20221107,09:21:23,18282.90,200,11689700
20221107,09:21:24,18282.75,150,11689700
20221107,09:21:25,18283.00,50,11689700
20221107,09:21:27,18282.15,150,11689700
20221107,09:21:28,18283.00,1450,11689700
20221107,09:21:29,18283.45,350,11689700
20221107,09:21:30,18284.25,450,11689700
20221107,09:21:32,18285.00,650,11689700
20221107,09:21:33,18283.70,1300,11689700
20221107,09:21:34,18285.00,250,11689700
20221107,09:21:35,18283.80,850,11689700
20221107,09:21:36,18284.40,200,11689700
20221107,09:21:37,18283.45,250,11689700
20221107,09:21:37,18283.45,100,11689700
20221107,09:21:38,18284.00,400,11689700
20221107,09:21:39,18284.00,600,11689700
20221107,09:21:41,18284.45,600,11689700
20221107,09:21:42,18284.20,50,11689700
20221107,09:21:43,18284.00,1350,11689700
20221107,09:21:44,18284.00,100,11689700
20221107,09:21:45,18283.00,600,11689700
20221107,09:21:45,18284.35,100,11689700
20221107,09:21:47,18283.55,450,11689700
20221107,09:21:48,18284.00,150,11689700
20221107,09:21:49,18284.00,150,11689700
20221107,09:21:50,18285.30,1500,11689700
20221107,09:21:51,18284.60,150,11689700
20221107,09:21:52,18285.00,200,11689700
20221107,09:21:52,18285.00,50,11689700
20221107,09:21:53,18285.45,250,11689700
20221107,09:21:55,18285.50,100,11689700
20221107,09:21:56,18285.50,350,11689700
20221107,09:21:57,18285.50,100,11689700
20221107,09:21:58,18284.80,800,11689700
20221107,09:21:59,18284.80,350,11689700
20221107,09:22:01,18284.80,450,11689700
20221107,09:22:02,18284.70,350,11689700
20221107,09:22:03,18285.00,600,11689700
20221107,09:22:04,18284.75,350,11689700
20221107,09:22:05,18285.00,150,11689700
20221107,09:22:07,18284.00,50,11689700
20221107,09:22:08,18283.00,850,11689700
20221107,09:22:09,18283.00,150,11689700
20221107,09:22:10,18283.95,150,11689700
20221107,09:22:11,18283.95,550,11689700
20221107,09:22:13,18283.00,1900,11689700
20221107,09:22:14,18282.75,2350,11689700
20221107,09:22:15,18283.00,200,11689700
20221107,09:22:16,18283.45,600,11689700
20221107,09:22:17,18283.45,50,11689700
20221107,09:22:18,18283.00,250,11689700
20221107,09:22:19,18282.45,50,11689700
20221107,09:22:20,18283.95,2300,11689700
20221107,09:22:21,18282.10,600,11689700
20221107,09:22:22,18281.00,1300,11689700
20221107,09:22:23,18281.00,200,11689700
20221107,09:22:25,18280.05,950,11689700
20221107,09:22:26,18280.00,250,11689700
20221107,09:22:27,18281.50,850,11689700
20221107,09:22:28,18280.00,2100,11689700
20221107,09:22:30,18280.45,250,11689700
20221107,09:22:31,18280.60,100,11689700
20221107,09:22:32,18282.15,250,11689700
20221107,09:22:33,18281.80,300,11689700
20221107,09:22:34,18281.85,50,11689700
20221107,09:22:35,18281.90,1000,11689700
20221107,09:22:36,18281.55,150,11689700
20221107,09:22:37,18282.65,100,11689700
20221107,09:22:38,18282.00,600,11689700
20221107,09:22:39,18281.75,50,11689700
20221107,09:22:40,18283.35,200,11689700
20221107,09:22:41,18282.00,600,11689700
20221107,09:22:42,18282.10,250,11689700
20221107,09:22:43,18282.05,250,11689700
20221107,09:22:45,18282.10,400,11689700
20221107,09:22:46,18283.60,1200,11689700
20221107,09:22:47,18284.40,1200,11689700
20221107,09:22:48,18284.00,100,11689700
20221107,09:22:50,18283.65,150,11689700
20221107,09:22:52,18284.00,450,11689700
20221107,09:22:53,18284.40,200,11689700
20221107,09:22:54,18284.25,600,11689700
20221107,09:22:55,18284.00,200,11689700
20221107,09:22:56,18283.50,2150,11689700
20221107,09:22:57,18284.00,100,11689700
20221107,09:22:58,18284.00,200,11689700
20221107,09:22:59,18284.00,500,11689700
20221107,09:23:01,18281.00,2400,11689700
20221107,09:23:02,18279.50,1750,11689700
20221107,09:23:03,18281.45,800,11689700
20221107,09:23:04,18280.90,650,11689700
20221107,09:23:06,18281.20,100,11689700
20221107,09:23:07,18279.50,250,11689700
20221107,09:23:08,18280.10,350,11689700
20221107,09:23:09,18279.50,250,11689700
20221107,09:23:10,18280.15,1150,11689700
20221107,09:23:12,18279.65,200,11689700
20221107,09:23:13,18281.50,1250,11689700
20221107,09:23:14,18281.10,200,11689700
20221107,09:23:15,18281.45,500,11689700
20221107,09:23:16,18281.55,300,11689700
20221107,09:23:18,18280.00,750,11689700
20221107,09:23:19,18280.40,600,11689700
20221107,09:23:20,18281.55,900,11689700
20221107,09:23:21,18280.40,300,11689700
20221107,09:23:22,18280.25,50,11685800
20221107,09:23:23,18280.70,2100,11685800
20221107,09:23:24,18280.25,150,11685800
20221107,09:23:25,18282.35,450,11685800
20221107,09:23:26,18281.10,500,11685800
20221107,09:23:27,18283.90,450,11685800
20221107,09:23:29,18282.05,200,11685800
20221107,09:23:30,18283.90,700,11685800
20221107,09:23:32,18281.05,450,11685800
20221107,09:23:33,18278.85,1050,11685800
20221107,09:23:35,18279.30,150,11685800
20221107,09:23:36,18278.80,100,11685800
20221107,09:23:37,18278.00,1550,11685800
20221107,09:23:38,18278.15,50,11685800
20221107,09:23:39,18278.15,150,11685800
20221107,09:23:40,18278.25,1400,11685800
20221107,09:23:41,18278.25,700,11685800
20221107,09:23:42,18278.95,150,11685800
20221107,09:23:43,18280.00,1700,11685800
20221107,09:23:44,18280.90,500,11685800
20221107,09:23:45,18280.85,200,11685800
20221107,09:23:46,18280.90,2750,11685800
20221107,09:23:47,18281.20,300,11685800
20221107,09:23:48,18281.80,400,11685800
20221107,09:23:49,18281.75,250,11685800
20221107,09:23:50,18283.30,1300,11685800
20221107,09:23:51,18279.35,600,11685800
20221107,09:23:53,18280.45,200,11685800
20221107,09:23:54,18280.45,600,11685800
20221107,09:23:55,18284.00,1400,11685800
20221107,09:23:56,18284.00,700,11685800
20221107,09:23:57,18283.45,750,11685800
20221107,09:23:59,18285.00,150,11685800
20221107,09:24:00,18284.40,150,11685800
20221107,09:24:01,18282.15,400,11685800
20221107,09:24:02,18281.90,300,11685800
20221107,09:24:03,18280.30,400,11685800
20221107,09:24:04,18283.70,150,11685800
20221107,09:24:05,18283.45,350,11685800
20221107,09:24:06,18281.80,600,11685800
20221107,09:24:07,18281.00,150,11685800
20221107,09:24:08,18280.00,150,11685800
20221107,09:24:09,18280.10,2000,11685800
20221107,09:24:10,18281.60,100,11685800
20221107,09:24:12,18280.05,550,11685800
20221107,09:24:13,18280.00,250,11685800
20221107,09:24:14,18280.00,550,11685800
20221107,09:24:15,18279.35,250,11685800
20221107,09:24:16,18279.90,250,11685800
20221107,09:24:18,18280.70,1550,11685800
20221107,09:24:19,18279.40,50,11685800
20221107,09:24:20,18279.70,250,11685800
20221107,09:24:21,18279.70,1500,11685800
20221107,09:24:22,18280.20,50,11685800
20221107,09:24:23,18279.40,350,11685800
20221107,09:24:24,18279.45,1450,11685800
20221107,09:24:25,18279.45,1400,11685800
20221107,09:24:26,18280.55,2750,11685800
20221107,09:24:27,18280.15,150,11685800
20221107,09:24:28,18283.15,1200,11685800
20221107,09:24:29,18280.65,2100,11685800
20221107,09:24:30,18280.70,400,11685800
20221107,09:24:31,18280.55,150,11685800
20221107,09:24:32,18280.65,200,11685800
20221107,09:24:34,18280.15,100,11685800
20221107,09:24:35,18280.15,200,11685800
20221107,09:24:36,18277.90,2300,11685800
20221107,09:24:37,18277.80,650,11685800
20221107,09:24:39,18277.00,1250,11685800
20221107,09:24:40,18277.00,650,11685800
20221107,09:24:41,18276.90,100,11685800
20221107,09:24:42,18275.50,600,11685800
20221107,09:24:44,18275.10,450,11685800
20221107,09:24:44,18275.10,50,11685800
20221107,09:24:45,18274.20,3850,11685800
20221107,09:24:46,18273.65,500,11685800
20221107,09:24:47,18273.75,200,11685800
20221107,09:24:48,18274.80,100,11685800
20221107,09:24:50,18273.65,750,11685800
20221107,09:24:51,18272.25,650,11685800
20221107,09:24:52,18272.20,600,11685800
20221107,09:24:53,18271.15,600,11685800
20221107,09:24:55,18271.00,750,11685800
20221107,09:24:55,18271.00,250,11685800
20221107,09:24:56,18270.20,750,11685800
20221107,09:24:57,18270.20,1250,11685800
20221107,09:24:58,18271.90,350,11685800
20221107,09:25:00,18272.95,500,11685800
20221107,09:25:01,18271.20,150,11685800
20221107,09:25:02,18271.15,300,11685800
20221107,09:25:03,18271.00,250,11685800
20221107,09:25:04,18271.40,1000,11685800
20221107,09:25:06,18272.00,1000,11685800
20221107,09:25:07,18272.00,450,11685800
20221107,09:25:08,18272.00,250,11685800
20221107,09:25:09,18271.00,450,11685800
20221107,09:25:11,18270.95,2100,11685800
20221107,09:25:11,18270.95,100,11685800
20221107,09:25:12,18270.00,5000,11685800
20221107,09:25:13,18270.00,50,11685800
20221107,09:25:14,18270.00,300,11685800
20221107,09:25:15,18273.00,2800,11685800
20221107,09:25:16,18273.00,350,11685800
20221107,09:25:17,18273.05,500,11685800
20221107,09:25:19,18273.00,1150,11685800
20221107,09:25:20,18273.05,300,11685800
20221107,09:25:21,18273.00,700,11685800
20221107,09:25:22,18273.00,1000,11685800
20221107,09:25:24,18273.00,1150,11685800
20221107,09:25:25,18273.00,200,11685800
20221107,09:25:26,18273.00,50,11685800
20221107,09:25:27,18273.00,700,11685800
20221107,09:25:28,18272.65,600,11685800
20221107,09:25:29,18271.80,300,11685800
20221107,09:25:31,18273.00,450,11685800
20221107,09:25:31,18271.80,250,11685800
20221107,09:25:32,18271.80,450,11685800
20221107,09:25:33,18272.35,250,11685800
20221107,09:25:34,18270.10,1800,11685800
20221107,09:25:36,18270.00,600,11685800
20221107,09:25:37,18270.00,950,11685800
20221107,09:25:38,18269.00,350,11685800
20221107,09:25:39,18269.15,50,11685800
20221107,09:25:40,18268.00,650,11685800
20221107,09:25:42,18267.05,1150,11685800
20221107,09:25:42,18268.00,450,11685800
20221107,09:25:43,18269.15,2400,11685800
20221107,09:25:44,18269.60,2000,11685800
20221107,09:25:45,18270.80,1050,11685800
20221107,09:25:46,18270.40,250,11685800
20221107,09:25:48,18272.25,1400,11685800
20221107,09:25:49,18270.35,100,11685800
20221107,09:25:50,18272.00,50,11685800
20221107,09:25:51,18271.75,50,11685800
20221107,09:25:53,18271.00,100,11685800
20221107,09:25:54,18271.30,200,11685800
20221107,09:25:55,18270.20,10400,11685800
20221107,09:25:56,18271.00,450,11685800
20221107,09:25:57,18271.60,1700,11685800
20221107,09:25:59,18270.95,350,11685800
20221107,09:25:59,18271.00,50,11685800
20221107,09:26:00,18270.85,550,11685800
20221107,09:26:01,18270.75,150,11685800
20221107,09:26:02,18270.55,900,11685800
20221107,09:26:03,18269.00,1400,11685800
20221107,09:26:05,18270.00,500,11685800
20221107,09:26:06,18269.05,150,11685800
20221107,09:26:07,18269.80,300,11685800
20221107,09:26:08,18268.45,550,11685800
20221107,09:26:10,18268.25,250,11685800
20221107,09:26:10,18268.00,100,11685800
20221107,09:26:11,18268.45,350,11685800
20221107,09:26:12,18268.10,1650,11685800
20221107,09:26:13,18269.85,350,11685800
20221107,09:26:14,18269.25,350,11685800
20221107,09:26:15,18268.70,500,11685800
20221107,09:26:16,18268.65,50,11685800
20221107,09:26:18,18269.00,150,11685800
20221107,09:26:20,18268.85,650,11685800
20221107,09:26:21,18268.60,450,11685800
20221107,09:26:22,18268.00,200,11689050
20221107,09:26:23,18266.60,2350,11689050
20221107,09:26:24,18268.85,950,11689050
20221107,09:26:25,18267.80,300,11689050
20221107,09:26:26,18268.70,850,11689050
20221107,09:26:27,18268.75,100,11689050
20221107,09:26:28,18267.95,200,11689050
20221107,09:26:29,18268.05,400,11689050
20221107,09:26:30,18268.85,1900,11689050
20221107,09:26:32,18268.35,400,11689050
20221107,09:26:32,18268.85,250,11689050
20221107,09:26:33,18268.85,1700,11689050
20221107,09:26:34,18268.85,3050,11689050
20221107,09:26:35,18268.85,1200,11689050
20221107,09:26:36,18268.85,350,11689050
20221107,09:26:37,18268.00,850,11689050
20221107,09:26:38,18268.00,150,11689050
20221107,09:26:39,18268.55,500,11689050
20221107,09:26:41,18268.70,200,11689050
20221107,09:26:42,18268.10,300,11689050
20221107,09:26:42,18268.10,50,11689050
20221107,09:26:43,18268.15,650,11689050
20221107,09:26:44,18267.55,1700,11689050
20221107,09:26:45,18267.55,300,11689050
20221107,09:26:46,18267.95,350,11689050
20221107,09:26:47,18267.55,300,11689050
20221107,09:26:48,18266.40,550,11689050
20221107,09:26:49,18266.40,550,11689050
20221107,09:26:50,18267.55,300,11689050
20221107,09:26:51,18267.20,400,11689050
20221107,09:26:53,18266.80,500,11689050
20221107,09:26:54,18267.10,100,11689050
20221107,09:26:55,18266.00,600,11689050
20221107,09:26:57,18266.00,800,11689050
20221107,09:26:58,18267.05,150,11689050
20221107,09:26:59,18266.30,500,11689050
20221107,09:27:00,18267.50,150,11689050
20221107,09:27:01,18268.00,900,11689050
20221107,09:27:02,18268.70,800,11689050
20221107,09:27:04,18268.00,350,11689050
20221107,09:27:05,18268.60,450,11689050
20221107,09:27:05,18268.55,200,11689050
20221107,09:27:06,18267.55,500,11689050
20221107,09:27:07,18269.10,3400,11689050
20221107,09:27:08,18269.35,900,11689050
20221107,09:27:09,18269.55,200,11689050
20221107,09:27:11,18270.40,1050,11689050
20221107,09:27:12,18270.35,200,11689050
20221107,09:27:13,18271.75,650,11689050
20221107,09:27:13,18270.40,200,11689050
20221107,09:27:14,18269.70,600,11689050
20221107,09:27:15,18269.75,50,11689050
20221107,09:27:16,18270.15,100,11689050
20221107,09:27:18,18270.00,350,11689050
20221107,09:27:19,18269.70,850,11689050
20221107,09:27:20,18270.25,700,11689050
20221107,09:27:21,18270.55,1400,11689050
20221107,09:27:23,18271.05,550,11689050
20221107,09:27:24,18270.00,800,11689050
20221107,09:27:26,18269.70,200,11689050
20221107,09:27:27,18269.30,1150,11689050
20221107,09:27:29,18269.25,200,11689050
20221107,09:27:30,18270.20,2300,11689050
20221107,09:27:30,18270.40,750,11689050
20221107,09:27:31,18268.60,2250,11689050
20221107,09:27:32,18268.35,250,11689050
20221107,09:27:33,18270.00,600,11689050
20221107,09:27:35,18270.00,150,11689050
20221107,09:27:36,18270.15,1250,11689050
20221107,09:27:36,18270.50,250,11689050
20221107,09:27:37,18271.85,300,11689050
20221107,09:27:38,18271.70,350,11689050
20221107,09:27:39,18272.00,450,11689050
20221107,09:27:41,18271.15,550,11689050
20221107,09:27:42,18271.00,150,11689050
20221107,09:27:43,18271.80,850,11689050
20221107,09:27:45,18270.85,1650,11689050
20221107,09:27:47,18270.70,400,11689050
20221107,09:27:48,18270.80,2050,11689050
20221107,09:27:49,18270.70,750,11689050
20221107,09:27:50,18270.10,150,11689050
20221107,09:27:53,18268.45,550,11689050
20221107,09:27:54,18269.35,350,11689050
20221107,09:27:54,18269.00,100,11689050
20221107,09:27:55,18269.15,600,11689050
20221107,09:27:56,18269.55,400,11689050
20221107,09:27:57,18268.95,250,11689050
20221107,09:27:59,18268.80,300,11689050
20221107,09:28:00,18269.85,1950,11689050
20221107,09:28:01,18271.65,1100,11689050
20221107,09:28:01,18269.60,300,11689050
20221107,09:28:02,18269.75,350,11689050
20221107,09:28:03,18270.65,550,11689050
20221107,09:28:05,18270.40,450,11689050
20221107,09:28:06,18270.40,200,11689050
20221107,09:28:07,18270.35,250,11689050
20221107,09:28:08,18270.00,250,11689050
20221107,09:28:09,18270.65,350,11689050
20221107,09:28:10,18270.00,50,11689050
20221107,09:28:12,18270.35,350,11689050
20221107,09:28:13,18270.35,250,11689050
20221107,09:28:14,18270.05,150,11689050
20221107,09:28:15,18269.75,1400,11689050
20221107,09:28:16,18270.05,550,11689050
20221107,09:28:18,18270.00,200,11689050
20221107,09:28:19,18270.00,100,11689050
20221107,09:28:20,18270.05,100,11689050
20221107,09:28:22,18269.60,700,11689050
20221107,09:28:24,18268.90,650,11689050
20221107,09:28:25,18268.00,750,11689050
20221107,09:28:25,18268.20,100,11689050
20221107,09:28:26,18267.80,700,11689050
20221107,09:28:27,18268.10,150,11689050
20221107,09:28:28,18267.50,250,11689050
20221107,09:28:30,18267.00,650,11689050
20221107,09:28:31,18266.00,900,11689050
20221107,09:28:31,18266.00,200,11689050
20221107,09:28:32,18265.60,600,11689050
20221107,09:28:33,18265.60,350,11689050
20221107,09:28:34,18265.60,1350,11689050
20221107,09:28:35,18265.10,200,11689050
20221107,09:28:37,18265.00,850,11689050
20221107,09:28:38,18265.00,750,11689050
20221107,09:28:39,18265.10,550,11689050
20221107,09:28:39,18265.50,100,11689050
20221107,09:28:40,18265.00,850,11689050
20221107,09:28:41,18265.10,200,11689050
20221107,09:28:42,18265.15,250,11689050
20221107,09:28:44,18265.00,800,11689050
20221107,09:28:45,18264.75,300,11689050
20221107,09:28:47,18263.40,5150,11689050
20221107,09:28:48,18263.05,750,11689050
20221107,09:28:49,18262.90,650,11689050
20221107,09:28:50,18263.00,50,11689050
20221107,09:28:52,18264.00,900,11689050
20221107,09:28:53,18263.85,10750,11689050
20221107,09:28:54,18262.80,400,11689050
20221107,09:28:55,18262.95,150,11689050
20221107,09:28:57,18263.00,300,11689050
20221107,09:28:58,18262.95,500,11689050
20221107,09:28:58,18263.00,100,11689050
20221107,09:29:00,18263.00,900,11689050
20221107,09:29:01,18263.25,1450,11689050
20221107,09:29:02,18263.20,100,11689050
20221107,09:29:03,18263.05,600,11689050
20221107,09:29:04,18263.20,1150,11689050
20221107,09:29:04,18263.40,250,11689050
20221107,09:29:05,18263.70,1500,11689050
20221107,09:29:06,18265.70,1600,11689050
20221107,09:29:07,18267.10,1000,11689050
20221107,09:29:08,18265.95,250,11689050
20221107,09:29:09,18265.40,350,11689050
20221107,09:29:11,18266.30,150,11689050
20221107,09:29:12,18266.75,100,11689050
20221107,09:29:12,18266.90,200,11689050
20221107,09:29:13,18267.90,1050,11689050
20221107,09:29:15,18268.80,850,11689050
20221107,09:29:16,18268.30,100,11689050
20221107,09:29:17,18268.05,350,11689050
20221107,09:29:18,18268.00,100,11689050
20221107,09:29:19,18268.00,800,11689050
20221107,09:29:20,18267.80,200,11689050
20221107,09:29:21,18267.25,1000,11689050
20221107,09:29:22,18266.15,300,11689050
20221107,09:29:23,18265.65,300,11689050
20221107,09:29:24,18265.95,500,11672800
20221107,09:29:25,18267.70,250,11672800
20221107,09:29:26,18265.85,250,11672800
20221107,09:29:27,18265.65,250,11672800
20221107,09:29:28,18265.05,100,11672800
20221107,09:29:29,18265.95,250,11672800
20221107,09:29:30,18265.50,1400,11672800
20221107,09:29:31,18265.50,600,11672800
20221107,09:29:33,18266.10,200,11672800
20221107,09:29:35,18266.15,50,11672800
20221107,09:29:36,18265.70,800,11672800
20221107,09:29:37,18265.70,200,11672800
20221107,09:29:38,18265.60,250,11672800
20221107,09:29:39,18265.00,500,11672800
20221107,09:29:40,18265.15,1050,11672800
20221107,09:29:41,18265.65,550,11672800
20221107,09:29:42,18266.10,1250,11672800
20221107,09:29:44,18266.35,250,11672800
20221107,09:29:45,18265.45,950,11672800
20221107,09:29:46,18265.40,550,11672800
20221107,09:29:47,18266.05,450,11672800
20221107,09:29:48,18265.20,200,11672800
20221107,09:29:49,18265.15,600,11672800
20221107,09:29:50,18265.05,50,11672800
20221107,09:29:51,18264.30,550,11672800
20221107,09:29:52,18264.95,650,11672800
20221107,09:29:53,18265.65,2250,11672800
20221107,09:29:55,18265.75,750,11672800
20221107,09:29:56,18265.00,100,11672800
20221107,09:29:57,18264.45,350,11672800
20221107,09:29:58,18264.05,250,11672800
20221107,09:29:59,18264.10,2350,11672800
20221107,09:30:00,18265.25,500,11672800
20221107,09:30:01,18265.60,550,11672800
20221107,09:30:02,18264.60,100,11672800
20221107,09:30:03,18263.50,1150,11672800
20221107,09:30:04,18263.45,900,11672800
20221107,09:30:05,18265.15,350,11672800
20221107,09:30:06,18264.60,200,11672800
20221107,09:30:07,18265.65,1450,11672800
20221107,09:30:08,18265.15,200,11672800
20221107,09:30:09,18264.05,250,11672800
20221107,09:30:10,18264.50,350,11672800
20221107,09:30:11,18264.65,600,11672800
20221107,09:30:12,18264.10,150,11672800
20221107,09:30:13,18264.25,500,11672800
20221107,09:30:15,18264.05,100,11672800
20221107,09:30:16,18264.25,650,11672800
20221107,09:30:17,18264.55,100,11672800
20221107,09:30:18,18264.25,100,11672800
20221107,09:30:19,18264.05,600,11672800
20221107,09:30:20,18264.15,1100,11672800
20221107,09:30:21,18264.15,50,11672800
20221107,09:30:22,18264.10,700,11672800
20221107,09:30:23,18264.10,1200,11672800
20221107,09:30:24,18264.15,1000,11672800
20221107,09:30:25,18264.15,250,11672800
20221107,09:30:26,18264.00,550,11672800
20221107,09:30:27,18264.15,1250,11672800
20221107,09:30:28,18264.00,150,11672800
20221107,09:30:29,18263.85,100,11672800
20221107,09:30:30,18263.80,700,11672800
20221107,09:30:31,18263.20,750,11672800
20221107,09:30:32,18262.70,2050,11672800
20221107,09:30:33,18262.30,1850,11672800
20221107,09:30:34,18262.10,1050,11672800
20221107,09:30:35,18262.10,550,11672800
20221107,09:30:36,18262.00,1650,11672800
20221107,09:30:37,18261.00,350,11672800
20221107,09:30:39,18261.40,500,11672800
20221107,09:30:40,18261.85,3300,11672800
20221107,09:30:41,18261.75,1450,11672800
20221107,09:30:42,18262.20,1000,11672800
20221107,09:30:43,18261.00,400,11672800
20221107,09:30:44,18261.00,900,11672800
20221107,09:30:45,18260.20,750,11672800
20221107,09:30:46,18260.00,2600,11672800
20221107,09:30:47,18258.70,1200,11672800
20221107,09:30:48,18258.70,50,11672800
20221107,09:30:49,18258.00,1000,11672800
20221107,09:30:50,18257.95,450,11672800
20221107,09:30:51,18258.05,350,11672800
20221107,09:30:52,18259.30,200,11672800
20221107,09:30:53,18259.85,250,11672800
20221107,09:30:54,18259.80,250,11672800
20221107,09:30:55,18258.20,900,11672800
20221107,09:30:56,18258.00,450,11672800
20221107,09:30:58,18259.05,250,11672800
20221107,09:30:59,18258.00,200,11672800
20221107,09:31:00,18257.35,650,11672800
20221107,09:31:01,18257.80,400,11672800
20221107,09:31:01,18258.00,50,11672800
20221107,09:31:02,18257.00,1050,11672800
20221107,09:31:04,18257.00,250,11672800
20221107,09:31:05,18257.60,350,11672800
20221107,09:31:06,18256.75,250,11672800
20221107,09:31:06,18256.70,100,11672800
20221107,09:31:07,18255.75,450,11672800
20221107,09:31:08,18256.55,550,11672800
20221107,09:31:09,18256.05,2000,11672800
20221107,09:31:10,18258.00,700,11672800
20221107,09:31:11,18256.20,400,11672800
20221107,09:31:12,18257.55,200,11672800
20221107,09:31:13,18257.70,400,11672800
20221107,09:31:14,18258.65,250,11672800
20221107,09:31:15,18258.05,200,11672800
20221107,09:31:16,18257.90,1100,11672800
20221107,09:31:17,18259.45,200,11672800
20221107,09:31:19,18257.90,500,11672800
20221107,09:31:20,18259.30,200,11672800
20221107,09:31:21,18259.05,900,11672800
20221107,09:31:21,18258.60,50,11672800
20221107,09:31:23,18258.30,1300,11672800
20221107,09:31:24,18259.30,450,11672800
20221107,09:31:25,18259.80,850,11672800
20221107,09:31:26,18258.55,700,11672800
20221107,09:31:26,18259.85,250,11672800
20221107,09:31:27,18259.60,150,11672800
20221107,09:31:29,18259.75,900,11672800
20221107,09:31:30,18258.00,650,11672800
20221107,09:31:31,18258.20,150,11672800
20221107,09:31:32,18258.10,150,11672800
20221107,09:31:33,18259.15,250,11672800
20221107,09:31:34,18258.55,1350,11672800
20221107,09:31:35,18258.30,150,11672800
20221107,09:31:36,18260.00,1200,11672800
20221107,09:31:36,18259.50,100,11672800
20221107,09:31:38,18260.00,400,11672800
20221107,09:31:39,18261.65,1900,11672800
20221107,09:31:40,18261.65,150,11672800
20221107,09:31:41,18261.75,250,11672800
20221107,09:31:42,18261.70,50,11672800
20221107,09:31:43,18261.00,1250,11672800
20221107,09:31:44,18260.55,450,11672800
20221107,09:31:45,18260.95,150,11672800
20221107,09:31:46,18261.60,250,11672800
20221107,09:31:47,18261.60,100,11672800
20221107,09:31:48,18261.35,500,11672800
20221107,09:31:49,18261.60,550,11672800
20221107,09:31:50,18260.55,250,11672800
20221107,09:31:52,18260.70,250,11672800
20221107,09:31:53,18262.00,250,11672800
20221107,09:31:54,18262.30,850,11672800
20221107,09:31:55,18262.00,700,11672800
20221107,09:31:57,18262.00,50,11672800
20221107,09:31:58,18261.70,750,11672800
20221107,09:31:59,18261.00,100,11672800
20221107,09:32:01,18260.45,500,11672800
20221107,09:32:02,18259.95,700,11672800
20221107,09:32:03,18259.90,50,11672800
20221107,09:32:04,18260.60,2300,11672800
20221107,09:32:05,18260.60,800,11672800
20221107,09:32:06,18261.55,550,11672800
20221107,09:32:07,18261.05,1350,11672800
20221107,09:32:09,18262.00,150,11672800
20221107,09:32:11,18261.80,200,11672800
20221107,09:32:12,18261.55,150,11672800
20221107,09:32:13,18261.80,200,11672800
20221107,09:32:14,18260.85,1850,11672800
20221107,09:32:15,18261.80,850,11672800
20221107,09:32:16,18262.60,450,11672800
20221107,09:32:17,18262.80,50,11672800
20221107,09:32:19,18262.80,1900,11672800
20221107,09:32:20,18262.05,200,11672800
20221107,09:32:21,18262.05,50,11672800
20221107,09:32:22,18262.90,250,11672800
20221107,09:32:23,18261.95,1200,11661050
20221107,09:32:25,18262.95,150,11661050
20221107,09:32:26,18262.65,700,11661050
20221107,09:32:27,18262.90,500,11661050
20221107,09:32:28,18264.60,200,11661050
20221107,09:32:29,18265.20,350,11661050
20221107,09:32:31,18265.05,250,11661050
20221107,09:32:32,18264.25,500,11661050
20221107,09:32:33,18264.40,350,11661050
20221107,09:32:34,18263.40,400,11661050
20221107,09:32:35,18266.00,450,11661050
20221107,09:32:36,18266.70,1350,11661050
20221107,09:32:38,18266.80,350,11661050
20221107,09:32:38,18265.00,250,11661050
20221107,09:32:40,18264.60,200,11661050
20221107,09:32:41,18265.30,650,11661050
20221107,09:32:42,18266.75,200,11661050
20221107,09:32:43,18264.50,300,11661050
20221107,09:32:44,18266.30,50,11661050
20221107,09:32:45,18265.90,100,11661050
20221107,09:32:48,18262.95,550,11661050
20221107,09:32:49,18263.95,100,11661050
20221107,09:32:50,18264.10,50,11661050
20221107,09:32:53,18262.95,300,11661050
20221107,09:32:55,18263.60,250,11661050
20221107,09:32:57,18263.95,200,11661050
20221107,09:32:58,18262.85,350,11661050
20221107,09:32:59,18261.85,950,11661050
20221107,09:33:00,18261.75,400,11661050
20221107,09:33:01,18261.00,550,11661050
20221107,09:33:01,18261.20,100,11661050
20221107,09:33:03,18259.90,2700,11661050
20221107,09:33:04,18257.05,1950,11661050
20221107,09:33:05,18260.00,1600,11661050
20221107,09:33:06,18258.90,250,11661050
20221107,09:33:06,18260.45,250,11661050
20221107,09:33:08,18261.40,300,11661050
20221107,09:33:09,18259.90,300,11661050
20221107,09:33:10,18260.65,600,11661050
20221107,09:33:11,18260.00,650,11661050
20221107,09:33:11,18260.00,50,11661050
20221107,09:33:13,18260.00,700,11661050
20221107,09:33:14,18260.00,300,11661050
20221107,09:33:16,18260.90,150,11661050
20221107,09:33:17,18261.40,250,11661050
20221107,09:33:18,18260.90,350,11661050
20221107,09:33:19,18261.35,50,11661050
20221107,09:33:20,18261.90,50,11661050
20221107,09:33:21,18261.65,100,11661050
20221107,09:33:22,18261.70,50,11661050
20221107,09:33:23,18261.90,50,11661050
20221107,09:33:24,18260.75,1950,11661050
20221107,09:33:24,18261.40,200,11661050
20221107,09:33:25,18260.90,400,11661050
20221107,09:33:26,18260.00,1150,11661050
20221107,09:33:28,18260.85,150,11661050
20221107,09:33:29,18258.70,250,11661050
20221107,09:33:30,18259.30,300,11661050
20221107,09:33:31,18258.50,150,11661050
20221107,09:33:32,18258.30,350,11661050
20221107,09:33:33,18258.85,250,11661050
20221107,09:33:34,18259.30,550,11661050
20221107,09:33:36,18258.35,750,11661050
20221107,09:33:37,18258.75,50,11661050
20221107,09:33:38,18259.30,2500,11661050
20221107,09:33:39,18257.15,2200,11661050
20221107,09:33:40,18259.00,50,11661050
20221107,09:33:41,18260.50,200,11661050
20221107,09:33:42,18259.30,650,11661050
20221107,09:33:43,18257.80,750,11661050
20221107,09:33:44,18258.90,1550,11661050
20221107,09:33:45,18258.25,1500,11661050
20221107,09:33:46,18258.55,350,11661050
20221107,09:33:47,18257.90,900,11661050
20221107,09:33:48,18256.00,200,11661050
20221107,09:33:49,18255.00,1600,11661050
20221107,09:33:50,18255.00,200,11661050
20221107,09:33:51,18256.65,1500,11661050
20221107,09:33:52,18259.50,750,11661050
20221107,09:33:53,18256.35,400,11661050
20221107,09:33:54,18256.00,650,11661050
20221107,09:33:55,18256.50,150,11661050
20221107,09:33:56,18256.50,450,11661050
20221107,09:33:57,18255.00,250,11661050
20221107,09:33:58,18254.00,4350,11661050
20221107,09:33:59,18253.00,1950,11661050
20221107,09:34:00,18252.20,900,11661050
20221107,09:34:01,18251.10,1800,11661050
20221107,09:34:02,18250.85,3650,11661050
20221107,09:34:03,18250.20,600,11661050
20221107,09:34:04,18250.00,1350,11661050
20221107,09:34:05,18250.10,450,11661050
20221107,09:34:06,18250.20,100,11661050
20221107,09:34:07,18250.90,750,11661050
20221107,09:34:08,18250.70,2100,11661050
20221107,09:34:09,18250.00,1200,11661050
20221107,09:34:10,18251.20,150,11661050
20221107,09:34:11,18250.00,450,11661050
20221107,09:34:12,18247.90,6750,11661050
20221107,09:34:13,18247.35,1550,11661050
20221107,09:34:14,18249.75,800,11661050
20221107,09:34:15,18247.70,300,11661050
20221107,09:34:16,18248.50,600,11661050
20221107,09:34:17,18249.20,250,11661050
20221107,09:34:18,18247.90,600,11661050
20221107,09:34:19,18247.20,250,11661050
20221107,09:34:20,18247.00,600,11661050
20221107,09:34:21,18245.55,1900,11661050
20221107,09:34:22,18245.00,1000,11661050
20221107,09:34:23,18245.00,850,11661050
20221107,09:34:24,18245.00,200,11661050
20221107,09:34:25,18244.20,1550,11661050
20221107,09:34:26,18243.65,600,11661050
20221107,09:34:27,18243.00,500,11661050
20221107,09:34:28,18243.90,700,11661050
20221107,09:34:29,18245.00,500,11661050
20221107,09:34:30,18244.55,2100,11661050
20221107,09:34:31,18244.60,1750,11661050
20221107,09:34:32,18244.10,550,11661050
20221107,09:34:33,18243.95,2050,11661050
20221107,09:34:34,18243.90,50,11661050
20221107,09:34:35,18245.10,4250,11661050
20221107,09:34:36,18244.10,1000,11661050
20221107,09:34:37,18243.60,700,11661050
20221107,09:34:38,18242.90,950,11661050
20221107,09:34:39,18245.10,1200,11661050
20221107,09:34:40,18245.25,400,11661050
20221107,09:34:41,18245.20,400,11661050
20221107,09:34:42,18244.20,2950,11661050
20221107,09:34:43,18241.65,2250,11661050
20221107,09:34:44,18242.50,100,11661050
20221107,09:34:45,18241.05,1300,11661050
20221107,09:34:46,18240.10,2100,11661050
20221107,09:34:47,18240.00,1700,11661050
20221107,09:34:48,18237.10,4400,11661050
20221107,09:34:49,18237.50,900,11661050
20221107,09:34:50,18237.50,900,11661050
20221107,09:34:51,18237.00,550,11661050
20221107,09:34:53,18235.90,1300,11661050
20221107,09:34:54,18235.90,1250,11661050
20221107,09:34:55,18240.00,1950,11661050
20221107,09:34:56,18238.75,2350,11661050
20221107,09:34:57,18237.60,800,11661050
20221107,09:34:58,18237.00,600,11661050
20221107,09:34:59,18237.40,250,11661050
20221107,09:35:00,18236.20,300,11661050
20221107,09:35:01,18235.35,3300,11661050
20221107,09:35:02,18235.00,3300,11661050
20221107,09:35:03,18232.00,3250,11661050
20221107,09:35:04,18230.30,2250,11661050
20221107,09:35:05,18230.20,1000,11661050
20221107,09:35:06,18230.00,1900,11661050
20221107,09:35:07,18230.70,450,11661050
20221107,09:35:08,18231.35,1750,11661050
20221107,09:35:09,18230.55,1400,11661050
20221107,09:35:10,18232.75,2250,11661050
20221107,09:35:11,18231.65,1150,11661050
20221107,09:35:12,18233.30,2600,11661050
20221107,09:35:13,18234.65,3150,11661050
20221107,09:35:14,18232.95,1350,11661050
20221107,09:35:15,18234.80,3250,11661050
20221107,09:35:16,18234.00,850,11661050
20221107,09:35:17,18235.35,2650,11661050
20221107,09:35:18,18237.60,1050,11661050
20221107,09:35:19,18236.30,100,11661050
20221107,09:35:20,18236.00,200,11661050
20221107,09:35:21,18232.85,16400,11661050
20221107,09:35:22,18236.30,8100,11661050
20221107,09:35:23,18235.80,1250,11661050
20221107,09:35:24,18235.05,800,11598550
20221107,09:35:25,18235.65,600,11598550
20221107,09:35:26,18236.00,350,11598550
20221107,09:35:27,18236.00,300,11598550
20221107,09:35:28,18236.00,50,11598550
20221107,09:35:29,18235.00,1400,11598550
20221107,09:35:30,18235.25,350,11598550
20221107,09:35:31,18236.00,350,11598550
20221107,09:35:32,18236.00,1150,11598550
20221107,09:35:33,18237.00,750,11598550
20221107,09:35:34,18239.50,4150,11598550
20221107,09:35:35,18237.40,350,11598550
20221107,09:35:36,18237.65,300,11598550
20221107,09:35:37,18240.00,2700,11598550
20221107,09:35:38,18237.00,550,11598550
20221107,09:35:39,18237.20,300,11598550
20221107,09:35:40,18239.00,1100,11598550
20221107,09:35:41,18236.75,600,11598550
20221107,09:35:42,18236.00,350,11598550
20221107,09:35:43,18236.00,1150,11598550
20221107,09:35:44,18236.90,1350,11598550
20221107,09:35:45,18235.50,1150,11598550
20221107,09:35:46,18235.50,300,11598550
20221107,09:35:47,18236.10,1350,11598550
20221107,09:35:48,18235.25,500,11598550
20221107,09:35:49,18236.00,400,11598550
20221107,09:35:50,18236.00,600,11598550
20221107,09:35:51,18236.00,450,11598550
20221107,09:35:52,18236.00,900,11598550
20221107,09:35:53,18236.00,350,11598550
20221107,09:35:54,18235.00,200,11598550
20221107,09:35:55,18236.45,350,11598550
20221107,09:35:56,18236.00,300,11598550
20221107,09:35:58,18235.25,550,11598550
20221107,09:35:58,18235.25,250,11598550
20221107,09:35:59,18235.25,50,11598550
20221107,09:36:00,18236.00,750,11598550
20221107,09:36:01,18236.20,350,11598550
20221107,09:36:03,18235.20,300,11598550
20221107,09:36:03,18236.00,50,11598550
20221107,09:36:04,18235.20,1350,11598550
20221107,09:36:05,18234.90,450,11598550
20221107,09:36:06,18234.20,400,11598550
20221107,09:36:08,18234.45,300,11598550
20221107,09:36:09,18234.80,400,11598550
20221107,09:36:10,18233.50,150,11598550
20221107,09:36:11,18234.45,650,11598550
20221107,09:36:12,18234.25,400,11598550
20221107,09:36:13,18234.95,450,11598550
20221107,09:36:14,18234.55,1250,11598550
20221107,09:36:16,18235.00,150,11598550
20221107,09:36:16,18235.00,200,11598550
20221107,09:36:17,18237.45,2750,11598550
20221107,09:36:18,18237.45,2350,11598550
20221107,09:36:19,18236.70,1650,11598550
20221107,09:36:20,18237.15,650,11598550
20221107,09:36:21,18237.70,500,11598550
20221107,09:36:23,18238.25,400,11598550
20221107,09:36:23,18237.70,150,11598550
20221107,09:36:24,18237.10,700,11598550
20221107,09:36:25,18238.35,200,11598550
20221107,09:36:26,18238.50,350,11598550
20221107,09:36:28,18239.40,150,11598550
20221107,09:36:29,18238.75,200,11598550
20221107,09:36:30,18238.40,300,11598550
20221107,09:36:31,18238.50,50,11598550
20221107,09:36:33,18238.70,900,11598550
20221107,09:36:33,18237.65,50,11598550
20221107,09:36:34,18237.10,300,11598550
20221107,09:36:35,18237.30,800,11598550
20221107,09:36:36,18237.55,1450,11598550
20221107,09:36:37,18238.30,600,11598550
20221107,09:36:38,18238.00,750,11598550
20221107,09:36:39,18238.00,1600,11598550
20221107,09:36:40,18238.40,950,11598550
20221107,09:36:41,18240.00,2300,11598550
20221107,09:36:42,18240.00,200,11598550
20221107,09:36:43,18238.45,1200,11598550
20221107,09:36:44,18238.75,900,11598550
20221107,09:36:45,18236.80,900,11598550
20221107,09:36:46,18238.00,450,11598550
20221107,09:36:47,18238.35,250,11598550
20221107,09:36:48,18238.70,950,11598550
20221107,09:36:49,18239.55,350,11598550
20221107,09:36:50,18237.30,100,11598550
20221107,09:36:51,18238.30,650,11598550
20221107,09:36:52,18239.15,150,11598550
20221107,09:36:53,18238.00,500,11598550
20221107,09:36:54,18236.10,100,11598550
20221107,09:36:56,18238.30,50,11598550
20221107,09:36:56,18239.10,100,11598550
20221107,09:36:57,18238.00,350,11598550
20221107,09:36:58,18238.40,250,11598550
20221107,09:36:59,18238.65,150,11598550
20221107,09:37:00,18239.55,650,11598550
20221107,09:37:01,18236.10,1350,11598550
20221107,09:37:02,18237.00,200,11598550
20221107,09:37:03,18237.25,550,11598550
20221107,09:37:04,18238.25,1800,11598550
20221107,09:37:06,18239.20,650,11598550
20221107,09:37:06,18239.20,200,11598550
20221107,09:37:07,18239.75,1450,11598550
20221107,09:37:08,18240.25,1050,11598550
20221107,09:37:09,18241.10,200,11598550
20221107,09:37:11,18241.60,900,11598550
20221107,09:37:12,18240.90,200,11598550
20221107,09:37:14,18239.30,700,11598550
20221107,09:37:15,18239.40,150,11598550
20221107,09:37:16,18238.65,350,11598550
20221107,09:37:17,18238.00,450,11598550
20221107,09:37:18,18240.05,500,11598550
20221107,09:37:20,18240.50,1100,11598550
20221107,09:37:20,18239.35,1450,11598550
20221107,09:37:22,18241.20,150,11598550
20221107,09:37:23,18241.20,250,11598550
20221107,09:37:24,18240.40,50,11598550
20221107,09:37:25,18240.05,350,11598550
20221107,09:37:26,18241.25,200,11598550
20221107,09:37:27,18239.85,450,11598550
20221107,09:37:28,18240.00,250,11598550
20221107,09:37:30,18239.30,1150,11598550
20221107,09:37:30,18240.00,50,11598550
20221107,09:37:31,18240.00,650,11598550
20221107,09:37:32,18240.00,300,11598550
20221107,09:37:33,18240.75,300,11598550
20221107,09:37:34,18241.00,100,11598550
20221107,09:37:35,18241.20,150,11598550
20221107,09:37:37,18240.65,200,11598550
20221107,09:37:38,18241.60,200,11598550
20221107,09:37:39,18241.60,100,11598550
20221107,09:37:40,18241.20,650,11598550
20221107,09:37:41,18240.20,600,11598550
20221107,09:37:42,18241.00,150,11598550
20221107,09:37:43,18240.05,1400,11598550
20221107,09:37:45,18241.40,500,11598550
20221107,09:37:46,18241.00,150,11598550
20221107,09:37:47,18240.10,350,11598550
20221107,09:37:48,18240.40,550,11598550
20221107,09:37:50,18239.75,1600,11598550
20221107,09:37:51,18238.00,950,11598550
20221107,09:37:52,18238.00,250,11598550
20221107,09:37:53,18238.65,100,11598550
20221107,09:37:54,18237.70,850,11598550
20221107,09:37:56,18239.05,50,11598550
20221107,09:37:57,18239.00,350,11598550
20221107,09:37:58,18238.00,400,11598550
20221107,09:37:59,18236.50,250,11598550
20221107,09:38:01,18235.50,850,11598550
20221107,09:38:02,18235.10,350,11598550
20221107,09:38:03,18234.75,1550,11598550
20221107,09:38:04,18234.95,250,11598550
20221107,09:38:05,18236.10,1850,11598550
20221107,09:38:06,18236.60,100,11598550
20221107,09:38:08,18236.25,250,11598550
20221107,09:38:09,18237.60,200,11598550
20221107,09:38:09,18237.70,100,11598550
20221107,09:38:10,18238.00,1500,11598550
20221107,09:38:11,18238.95,650,11598550
20221107,09:38:14,18237.95,50,11598550
20221107,09:38:15,18237.80,200,11598550
20221107,09:38:16,18235.50,800,11598550
20221107,09:38:17,18236.85,150,11598550
20221107,09:38:19,18237.00,850,11598550
20221107,09:38:20,18238.00,1150,11598550
20221107,09:38:21,18238.40,1200,11598550
20221107,09:38:22,18238.45,250,11598550
20221107,09:38:24,18236.85,1750,11598550
20221107,09:38:25,18238.80,50,11598550
20221107,09:38:26,18238.20,150,11560950
20221107,09:38:27,18238.45,600,11560950
20221107,09:38:30,18238.00,1850,11560950
20221107,09:38:31,18238.80,100,11560950
20221107,09:38:32,18238.45,350,11560950
20221107,09:38:33,18238.00,450,11560950
20221107,09:38:35,18237.95,550,11560950
20221107,09:38:36,18236.20,1450,11560950
20221107,09:38:37,18235.00,1050,11560950
20221107,09:38:38,18234.50,600,11560950
20221107,09:38:40,18236.00,300,11560950
20221107,09:38:41,18235.00,100,11560950
20221107,09:38:42,18236.00,1100,11560950
20221107,09:38:43,18236.25,300,11560950
20221107,09:38:43,18234.60,200,11560950
20221107,09:38:44,18234.90,100,11560950
20221107,09:38:45,18234.90,50,11560950
20221107,09:38:46,18234.80,300,11560950
20221107,09:38:47,18232.90,400,11560950
20221107,09:38:48,18233.95,150,11560950
20221107,09:38:49,18232.05,100,11560950
20221107,09:38:50,18232.00,600,11560950
20221107,09:38:52,18231.80,350,11560950
20221107,09:38:53,18231.00,1400,11560950
20221107,09:38:54,18231.40,800,11560950
20221107,09:38:54,18231.00,1250,11560950
20221107,09:38:55,18231.10,1200,11560950
20221107,09:38:56,18231.00,2100,11560950
20221107,09:38:57,18231.05,1500,11560950
20221107,09:38:59,18230.00,1050,11560950
20221107,09:39:00,18231.00,900,11560950
20221107,09:39:01,18230.00,850,11560950
20221107,09:39:01,18231.00,200,11560950
20221107,09:39:02,18230.90,2100,11560950
20221107,09:39:04,18227.90,2000,11560950
20221107,09:39:05,18227.00,650,11560950
20221107,09:39:06,18225.50,1000,11560950
20221107,09:39:07,18225.00,2200,11560950
20221107,09:39:08,18222.40,3600,11560950
20221107,09:39:09,18225.00,400,11560950
20221107,09:39:10,18221.95,2300,11560950
20221107,09:39:11,18226.60,300,11560950
20221107,09:39:12,18225.50,200,11560950
20221107,09:39:13,18226.35,700,11560950
20221107,09:39:14,18225.00,500,11560950
20221107,09:39:15,18225.25,1150,11560950
20221107,09:39:16,18227.70,500,11560950
20221107,09:39:17,18227.55,650,11560950
20221107,09:39:18,18225.65,1000,11560950
20221107,09:39:19,18225.40,2500,11560950
20221107,09:39:19,18225.25,50,11560950
20221107,09:39:20,18225.55,100,11560950
20221107,09:39:21,18225.15,750,11560950
20221107,09:39:23,18227.80,1700,11560950
20221107,09:39:24,18228.00,800,11560950
20221107,09:39:24,18229.00,100,11560950
20221107,09:39:25,18227.25,150,11560950
20221107,09:39:26,18229.00,600,11560950
20221107,09:39:28,18227.25,200,11560950
20221107,09:39:29,18229.00,350,11560950
20221107,09:39:29,18229.00,100,11560950
20221107,09:39:30,18228.85,850,11560950
20221107,09:39:31,18229.85,350,11560950
20221107,09:39:32,18230.00,250,11560950
20221107,09:39:34,18229.85,50,11560950
20221107,09:39:35,18230.10,300,11560950
20221107,09:39:36,18228.30,300,11560950
20221107,09:39:37,18228.30,50,11560950
20221107,09:39:38,18228.00,150,11560950
20221107,09:39:38,18228.25,200,11560950
20221107,09:39:39,18226.45,300,11560950
20221107,09:39:41,18226.00,300,11560950
20221107,09:39:43,18226.10,150,11560950
20221107,09:39:44,18227.50,150,11560950
20221107,09:39:45,18228.25,150,11560950
20221107,09:39:46,18227.35,100,11560950
20221107,09:39:48,18227.25,750,11560950
20221107,09:39:49,18228.95,1100,11560950
20221107,09:39:49,18229.00,200,11560950
20221107,09:39:50,18230.30,1150,11560950
20221107,09:39:51,18230.50,1600,11560950
20221107,09:39:53,18230.90,350,11560950
20221107,09:39:54,18231.10,200,11560950
20221107,09:39:55,18228.70,2450,11560950
20221107,09:39:56,18231.10,100,11560950
20221107,09:39:57,18231.10,1500,11560950
20221107,09:39:58,18230.80,350,11560950
20221107,09:39:59,18228.85,850,11560950
20221107,09:40:00,18230.25,300,11560950
20221107,09:40:01,18228.25,500,11560950
20221107,09:40:02,18225.40,1900,11560950
20221107,09:40:03,18227.35,1100,11560950
20221107,09:40:04,18226.95,350,11560950
20221107,09:40:05,18225.35,500,11560950
20221107,09:40:06,18224.15,1150,11560950
20221107,09:40:07,18226.75,300,11560950
20221107,09:40:08,18227.00,150,11560950
20221107,09:40:09,18227.85,1400,11560950
20221107,09:40:11,18228.80,950,11560950
20221107,09:40:12,18226.85,250,11560950
20221107,09:40:13,18228.15,350,11560950
20221107,09:40:14,18228.30,300,11560950
20221107,09:40:14,18230.00,100,11560950
20221107,09:40:15,18230.50,100,11560950
20221107,09:40:16,18230.00,550,11560950
20221107,09:40:17,18230.70,100,11560950
20221107,09:40:18,18230.60,1450,11560950
20221107,09:40:19,18230.15,800,11560950
20221107,09:40:20,18230.00,50,11560950
20221107,09:40:21,18229.70,200,11560950
20221107,09:40:23,18227.60,200,11560950
20221107,09:40:24,18230.00,4900,11560950
20221107,09:40:25,18228.15,1650,11560950
20221107,09:40:26,18229.90,50,11560950
20221107,09:40:27,18228.50,50,11560950
20221107,09:40:28,18228.00,2200,11560950
20221107,09:40:30,18229.70,200,11560950
20221107,09:40:31,18227.50,2500,11560950
20221107,09:40:32,18228.60,1350,11560950
20221107,09:40:32,18226.10,1750,11560950
20221107,09:40:33,18227.00,100,11560950
20221107,09:40:34,18227.20,150,11560950
20221107,09:40:36,18227.35,200,11560950
20221107,09:40:37,18227.35,200,11560950
20221107,09:40:38,18227.35,750,11560950
20221107,09:40:38,18227.35,50,11560950
20221107,09:40:39,18226.30,1250,11560950
20221107,09:40:41,18228.00,1050,11560950
20221107,09:40:42,18230.00,1200,11560950
20221107,09:40:43,18231.10,50,11560950
20221107,09:40:44,18229.85,250,11560950
20221107,09:40:44,18228.00,50,11560950
20221107,09:40:45,18226.75,200,11560950
20221107,09:40:47,18229.70,150,11560950
20221107,09:40:48,18228.90,50,11560950
20221107,09:40:49,18228.75,600,11560950
20221107,09:40:49,18228.75,50,11560950
20221107,09:40:51,18227.90,150,11560950
20221107,09:40:53,18228.60,750,11560950
20221107,09:40:54,18228.45,150,11560950
20221107,09:40:55,18228.70,850,11560950
20221107,09:40:56,18228.75,50,11560950
20221107,09:40:57,18228.75,100,11560950
20221107,09:40:59,18229.80,900,11560950
20221107,09:41:00,18229.40,150,11560950
20221107,09:41:01,18228.75,50,11560950
20221107,09:41:01,18229.95,500,11560950
20221107,09:41:02,18228.00,500,11560950
20221107,09:41:04,18229.90,50,11560950
20221107,09:41:05,18229.65,400,11560950
20221107,09:41:06,18228.00,200,11560950
20221107,09:41:07,18229.40,200,11560950
20221107,09:41:08,18227.40,550,11560950
20221107,09:41:10,18227.00,800,11560950
20221107,09:41:11,18226.80,850,11560950
20221107,09:41:12,18226.80,200,11560950
20221107,09:41:13,18226.20,200,11560950
20221107,09:41:14,18226.00,50,11560950
20221107,09:41:14,18226.90,100,11560950
20221107,09:41:15,18227.35,800,11560950
20221107,09:41:17,18229.85,200,11560950
20221107,09:41:18,18227.40,150,11560950
20221107,09:41:20,18228.00,850,11560950
20221107,09:41:21,18228.30,50,11560950
20221107,09:41:22,18227.40,400,11560950
20221107,09:41:24,18227.90,250,11553300
20221107,09:41:26,18226.55,150,11553300
20221107,09:41:27,18228.95,100,11553300
20221107,09:41:28,18228.80,50,11553300
20221107,09:41:29,18230.00,250,11553300
20221107,09:41:29,18231.10,3400,11553300
20221107,09:41:30,18229.90,200,11553300
20221107,09:41:32,18229.00,50,11553300
20221107,09:41:33,18229.50,50,11553300
20221107,09:41:34,18230.00,50,11553300
20221107,09:41:35,18230.25,50,11553300
20221107,09:41:37,18229.80,2100,11553300
20221107,09:41:38,18231.10,50,11553300
20221107,09:41:39,18230.45,450,11553300
20221107,09:41:39,18230.45,50,11553300
20221107,09:41:40,18230.30,150,11553300
20221107,09:41:43,18230.30,100,11553300
20221107,09:41:44,18230.00,1550,11553300
20221107,09:41:44,18229.50,300,11553300
20221107,09:41:45,18229.80,50,11553300
20221107,09:41:46,18230.00,300,11553300
20221107,09:41:48,18229.60,1500,11553300
20221107,09:41:49,18229.00,200,11553300
20221107,09:41:50,18229.00,1200,11553300
20221107,09:41:51,18229.45,200,11553300
20221107,09:41:53,18230.00,500,11553300
20221107,09:41:54,18230.10,150,11553300
20221107,09:41:55,18230.25,100,11553300
20221107,09:41:55,18230.90,50,11553300
20221107,09:41:56,18230.95,50,11553300
20221107,09:41:58,18230.90,150,11553300
20221107,09:41:59,18230.90,350,11553300
20221107,09:42:00,18231.20,550,11553300
20221107,09:42:01,18231.25,200,11553300
20221107,09:42:03,18231.70,450,11553300
20221107,09:42:04,18231.70,150,11553300
20221107,09:42:05,18232.10,350,11553300
20221107,09:42:06,18231.20,400,11553300
20221107,09:42:07,18232.05,400,11553300
20221107,09:42:09,18232.65,200,11553300
20221107,09:42:11,18232.20,200,11553300
20221107,09:42:12,18230.95,1100,11553300
20221107,09:42:13,18231.00,550,11553300
20221107,09:42:15,18231.55,200,11553300
20221107,09:42:16,18231.65,150,11553300
20221107,09:42:17,18230.70,100,11553300
20221107,09:42:20,18231.35,150,11553300
20221107,09:42:21,18231.00,100,11553300
20221107,09:42:22,18231.15,100,11553300
20221107,09:42:22,18231.65,150,11553300
20221107,09:42:23,18231.65,550,11553300
20221107,09:42:25,18232.00,650,11553300
20221107,09:42:26,18230.80,700,11553300
20221107,09:42:27,18230.50,600,11553300
20221107,09:42:28,18231.70,550,11553300
20221107,09:42:30,18230.05,100,11553300
20221107,09:42:31,18229.90,550,11553300
20221107,09:42:32,18229.60,1050,11553300
20221107,09:42:32,18231.05,50,11553300
20221107,09:42:33,18231.00,250,11553300
20221107,09:42:35,18230.20,650,11553300
20221107,09:42:36,18230.30,600,11553300
20221107,09:42:37,18231.20,1200,11553300
20221107,09:42:37,18232.00,50,11553300
20221107,09:42:38,18230.65,550,11553300
20221107,09:42:40,18231.95,100,11553300
20221107,09:42:41,18230.70,250,11553300
20221107,09:42:42,18231.60,150,11553300
20221107,09:42:43,18232.05,300,11553300
20221107,09:42:44,18233.00,100,11553300
20221107,09:42:46,18233.20,350,11553300
20221107,09:42:47,18232.85,900,11553300
20221107,09:42:48,18233.70,400,11553300
20221107,09:42:49,18233.70,150,11553300
20221107,09:42:50,18233.70,1250,11553300
20221107,09:42:51,18233.00,850,11553300
20221107,09:42:53,18231.00,350,11553300
20221107,09:42:54,18232.10,1300,11553300
20221107,09:42:55,18233.00,50,11553300
20221107,09:42:56,18233.25,950,11553300
20221107,09:42:57,18233.25,450,11553300
20221107,09:42:57,18234.00,100,11553300
20221107,09:43:00,18234.05,850,11553300
20221107,09:43:01,18233.75,250,11553300
20221107,09:43:02,18232.35,300,11553300
20221107,09:43:02,18232.45,50,11553300
20221107,09:43:04,18231.00,1000,11553300
20221107,09:43:05,18230.00,1000,11553300
20221107,09:43:06,18229.95,1700,11553300
20221107,09:43:07,18230.40,600,11553300
20221107,09:43:07,18230.00,50,11553300
20221107,09:43:09,18230.35,300,11553300
20221107,09:43:10,18230.65,550,11553300
20221107,09:43:11,18230.30,350,11553300
20221107,09:43:12,18231.60,350,11553300
20221107,09:43:14,18233.20,1150,11553300
20221107,09:43:14,18233.45,100,11553300
20221107,09:43:16,18232.20,400,11553300
20221107,09:43:16,18232.30,650,11553300
20221107,09:43:17,18230.65,150,11553300
20221107,09:43:18,18230.80,100,11553300
20221107,09:43:19,18230.60,100,11553300
20221107,09:43:20,18230.40,700,11553300
20221107,09:43:21,18229.90,2050,11553300
20221107,09:43:22,18229.70,300,11553300
20221107,09:43:24,18230.00,750,11553300
20221107,09:43:25,18230.20,350,11553300
20221107,09:43:26,18229.50,150,11553300
20221107,09:43:28,18229.60,100,11553300
20221107,09:43:28,18227.90,750,11553300
20221107,09:43:29,18226.90,1450,11553300
20221107,09:43:30,18225.00,1700,11553300
20221107,09:43:31,18224.95,2550,11553300
20221107,09:43:33,18224.90,400,11553300
20221107,09:43:34,18224.90,250,11553300
20221107,09:43:35,18223.30,650,11553300
20221107,09:43:36,18223.25,250,11553300
20221107,09:43:37,18222.65,1700,11553300
20221107,09:43:38,18223.40,800,11553300
20221107,09:43:39,18223.60,500,11553300
20221107,09:43:39,18223.60,50,11553300
20221107,09:43:41,18223.00,100,11553300
20221107,09:43:42,18225.00,600,11553300
20221107,09:43:43,18224.75,750,11553300
20221107,09:43:44,18224.80,1150,11553300
20221107,09:43:45,18222.65,150,11553300
20221107,09:43:46,18225.90,200,11553300
20221107,09:43:47,18225.80,150,11553300
20221107,09:43:48,18223.45,100,11553300
20221107,09:43:49,18222.80,250,11553300
20221107,09:43:50,18223.45,100,11553300
20221107,09:43:51,18222.55,50,11553300
20221107,09:43:52,18222.25,200,11553300
20221107,09:43:52,18222.10,50,11553300
20221107,09:43:53,18224.00,1550,11553300
20221107,09:43:55,18223.70,450,11553300
20221107,09:43:56,18221.85,250,11553300
20221107,09:43:57,18221.85,350,11553300
20221107,09:43:58,18221.90,450,11553300
20221107,09:43:59,18222.55,250,11553300
20221107,09:44:00,18223.30,200,11553300
20221107,09:44:01,18221.10,950,11553300
20221107,09:44:02,18221.10,400,11553300
20221107,09:44:02,18221.20,300,11553300
20221107,09:44:03,18221.95,800,11553300
20221107,09:44:04,18220.00,4550,11553300
20221107,09:44:05,18218.35,4400,11553300
20221107,09:44:06,18218.00,950,11553300
20221107,09:44:07,18218.00,550,11553300
20221107,09:44:08,18219.55,150,11553300
20221107,09:44:09,18220.10,1050,11553300
20221107,09:44:10,18219.30,700,11553300
20221107,09:44:11,18220.10,150,11553300
20221107,09:44:12,18221.55,300,11553300
20221107,09:44:14,18220.10,350,11553300
20221107,09:44:16,18218.65,600,11553300
20221107,09:44:17,18218.65,600,11553300
20221107,09:44:18,18221.30,550,11553300
20221107,09:44:19,18219.70,300,11553300
20221107,09:44:20,18219.80,200,11553300
20221107,09:44:21,18220.95,550,11553300
20221107,09:44:22,18219.45,200,11553300
20221107,09:44:24,18221.75,400,11553300
20221107,09:44:25,18222.60,300,11549200
20221107,09:44:26,18220.65,150,11549200
20221107,09:44:27,18223.70,550,11549200
20221107,09:44:27,18223.60,50,11549200
20221107,09:44:29,18221.60,350,11549200
20221107,09:44:30,18223.25,50,11549200
20221107,09:44:31,18222.75,1050,11549200
20221107,09:44:32,18222.10,400,11549200
20221107,09:44:33,18222.65,100,11549200
20221107,09:44:35,18223.95,150,11549200
20221107,09:44:36,18223.45,450,11549200
20221107,09:44:37,18223.00,150,11549200
20221107,09:44:38,18223.00,600,11549200
20221107,09:44:38,18223.95,50,11549200
20221107,09:44:39,18223.15,550,11549200
20221107,09:44:41,18223.00,200,11549200
20221107,09:44:42,18222.85,50,11549200
20221107,09:44:43,18223.00,100,11549200
20221107,09:44:44,18222.95,800,11549200
20221107,09:44:46,18222.00,50,11549200
20221107,09:44:47,18221.60,100,11549200
20221107,09:44:48,18221.75,150,11549200
20221107,09:44:49,18223.50,150,11549200
20221107,09:44:51,18223.00,200,11549200
20221107,09:44:52,18223.50,250,11549200
20221107,09:44:53,18224.50,400,11549200
20221107,09:44:54,18224.25,50,11549200
20221107,09:44:56,18225.25,300,11549200
20221107,09:44:57,18227.35,150,11549200
20221107,09:44:58,18225.50,150,11549200
20221107,09:44:59,18224.00,650,11549200
20221107,09:45:00,18223.50,250,11549200
20221107,09:45:02,18222.80,500,11549200
20221107,09:45:03,18222.55,350,11549200
20221107,09:45:04,18222.25,400,11549200
20221107,09:45:05,18224.05,150,11549200
20221107,09:45:07,18223.05,1950,11549200
20221107,09:45:08,18223.50,650,11549200
20221107,09:45:09,18223.45,100,11549200
20221107,09:45:10,18222.00,100,11549200
20221107,09:45:11,18222.70,400,11549200
20221107,09:45:13,18222.65,300,11549200
20221107,09:45:14,18221.60,250,11549200
20221107,09:45:15,18221.95,1600,11549200
20221107,09:45:16,18221.80,100,11549200
20221107,09:45:17,18220.55,250,11549200
20221107,09:45:18,18220.10,650,11549200
20221107,09:45:19,18220.00,150,11549200
20221107,09:45:21,18220.00,300,11549200
20221107,09:45:22,18220.00,950,11549200
20221107,09:45:23,18220.15,1150,11549200
20221107,09:45:24,18219.70,450,11549200
20221107,09:45:25,18219.70,150,11549200
20221107,09:45:26,18219.55,800,11549200
20221107,09:45:27,18219.25,100,11549200
20221107,09:45:28,18219.30,150,11549200
20221107,09:45:29,18217.10,1800,11549200
20221107,09:45:30,18217.95,200,11549200
20221107,09:45:31,18219.35,300,11549200
20221107,09:45:32,18218.65,300,11549200
20221107,09:45:34,18218.70,350,11549200
20221107,09:45:35,18217.60,400,11549200
20221107,09:45:36,18215.00,3550,11549200
20221107,09:45:37,18214.60,1750,11549200
20221107,09:45:38,18217.00,500,11549200
20221107,09:45:39,18215.85,100,11549200
20221107,09:45:40,18215.75,450,11549200
20221107,09:45:41,18217.05,450,11549200
20221107,09:45:42,18215.25,400,11549200
20221107,09:45:43,18216.90,1850,11549200
20221107,09:45:44,18215.20,300,11549200
20221107,09:45:45,18216.80,50,11549200
20221107,09:45:46,18215.35,300,11549200
20221107,09:45:47,18216.10,1850,11549200
20221107,09:45:48,18216.75,1850,11549200
20221107,09:45:49,18216.85,150,11549200
20221107,09:45:51,18216.15,50,11549200
20221107,09:45:52,18215.95,50,11549200
20221107,09:45:53,18216.00,50,11549200
20221107,09:45:54,18216.00,150,11549200
20221107,09:45:56,18215.25,200,11549200
20221107,09:45:57,18215.25,1300,11549200
20221107,09:45:58,18214.65,2400,11549200
20221107,09:45:59,18212.00,2750,11549200
20221107,09:46:00,18210.00,2650,11549200
20221107,09:46:01,18210.00,450,11549200
20221107,09:46:02,18211.85,550,11549200
20221107,09:46:03,18212.10,400,11549200
20221107,09:46:04,18210.50,200,11549200
20221107,09:46:05,18212.00,600,11549200
20221107,09:46:06,18210.05,700,11549200
20221107,09:46:07,18211.00,1000,11549200
20221107,09:46:08,18211.55,250,11549200
20221107,09:46:09,18211.20,450,11549200
20221107,09:46:10,18210.50,400,11549200
20221107,09:46:11,18206.40,8400,11549200
20221107,09:46:12,18206.40,1400,11549200
20221107,09:46:13,18206.50,1350,11549200
20221107,09:46:14,18209.35,1350,11549200
20221107,09:46:15,18209.45,250,11549200
20221107,09:46:16,18211.00,550,11549200
20221107,09:46:17,18210.25,250,11549200
20221107,09:46:18,18210.25,200,11549200
20221107,09:46:19,18210.95,550,11549200
20221107,09:46:20,18209.60,100,11549200
20221107,09:46:21,18211.60,100,11549200
20221107,09:46:22,18210.05,50,11549200
20221107,09:46:23,18212.75,1800,11549200
20221107,09:46:24,18215.25,1100,11549200
20221107,09:46:25,18215.00,650,11549200
20221107,09:46:26,18216.85,50,11549200
20221107,09:46:27,18216.20,500,11549200
20221107,09:46:28,18217.00,2300,11549200
20221107,09:46:29,18217.10,150,11549200
20221107,09:46:30,18216.20,200,11549200
20221107,09:46:31,18215.95,100,11549200
20221107,09:46:32,18215.00,700,11549200
20221107,09:46:33,18215.30,50,11549200
20221107,09:46:34,18215.25,1000,11549200
20221107,09:46:35,18215.90,900,11549200
20221107,09:46:36,18215.90,150,11549200
20221107,09:46:37,18215.90,300,11549200
20221107,09:46:38,18215.50,500,11549200
20221107,09:46:39,18215.30,450,11549200
20221107,09:46:40,18215.50,50,11549200
20221107,09:46:41,18215.40,250,11549200
20221107,09:46:42,18215.45,200,11549200
20221107,09:46:43,18215.35,100,11549200
20221107,09:46:44,18213.60,200,11549200
20221107,09:46:45,18215.00,400,11549200
20221107,09:46:46,18214.35,100,11549200
20221107,09:46:47,18214.75,200,11549200
20221107,09:46:48,18213.55,1050,11549200
20221107,09:46:49,18213.55,50,11549200
20221107,09:46:50,18212.80,1050,11549200
20221107,09:46:51,18212.20,150,11549200
20221107,09:46:52,18212.00,750,11549200
20221107,09:46:53,18211.60,100,11549200
20221107,09:46:54,18212.70,500,11549200
20221107,09:46:56,18211.60,350,11549200
20221107,09:46:57,18213.40,350,11549200
20221107,09:46:58,18212.95,550,11549200
20221107,09:46:59,18213.25,150,11549200
20221107,09:47:01,18213.55,850,11549200
20221107,09:47:02,18212.95,200,11549200
20221107,09:47:03,18212.55,900,11549200
20221107,09:47:04,18210.05,15000,11549200
20221107,09:47:05,18210.35,1000,11549200
20221107,09:47:06,18211.40,1650,11549200
20221107,09:47:07,18211.20,1150,11549200
20221107,09:47:09,18211.05,800,11549200
20221107,09:47:10,18211.00,250,11549200
20221107,09:47:12,18209.55,1150,11549200
20221107,09:47:13,18208.10,300,11549200
20221107,09:47:15,18208.90,1350,11549200
20221107,09:47:16,18208.50,700,11549200
20221107,09:47:17,18209.00,650,11549200
20221107,09:47:18,18205.35,10150,11549200
20221107,09:47:19,18205.35,250,11549200
20221107,09:47:20,18205.45,950,11549200
20221107,09:47:22,18206.50,550,11549200
20221107,09:47:23,18208.20,400,11549200
20221107,09:47:24,18208.85,900,11549200
20221107,09:47:25,18207.95,100,11519300
20221107,09:47:26,18208.70,300,11519300
20221107,09:47:27,18206.55,1250,11519300
20221107,09:47:29,18208.00,2050,11519300
20221107,09:47:29,18208.50,50,11519300
20221107,09:47:30,18206.90,1900,11519300
20221107,09:47:31,18209.40,700,11519300
20221107,09:47:32,18206.75,1500,11519300
20221107,09:47:34,18208.65,250,11519300
20221107,09:47:35,18207.05,900,11519300
20221107,09:47:36,18207.55,200,11519300
20221107,09:47:37,18208.70,300,11519300
20221107,09:47:38,18210.00,300,11519300
20221107,09:47:40,18208.40,850,11519300
20221107,09:47:41,18209.40,300,11519300
20221107,09:47:42,18211.20,1150,11519300
20221107,09:47:43,18210.00,300,11519300
20221107,09:47:45,18210.00,250,11519300
20221107,09:47:45,18209.10,150,11519300
20221107,09:47:46,18209.30,50,11519300
20221107,09:47:47,18209.30,100,11519300
20221107,09:47:48,18208.00,400,11519300
20221107,09:47:50,18208.30,1350,11519300
20221107,09:47:50,18208.00,50,11519300
20221107,09:47:51,18208.60,800,11519300
20221107,09:47:53,18208.00,50,11519300
20221107,09:47:54,18210.00,700,11519300
20221107,09:47:56,18212.10,300,11519300
20221107,09:47:57,18212.05,450,11519300
20221107,09:47:58,18213.00,250,11519300
20221107,09:47:59,18215.00,250,11519300
20221107,09:48:01,18213.50,450,11519300
20221107,09:48:03,18211.55,1150,11519300
20221107,09:48:04,18210.10,250,11519300
20221107,09:48:05,18212.20,100,11519300
20221107,09:48:07,18209.60,450,11519300
20221107,09:48:08,18211.40,150,11519300
20221107,09:48:09,18210.90,700,11519300
20221107,09:48:10,18210.00,750,11519300
20221107,09:48:12,18210.80,200,11519300
20221107,09:48:13,18210.65,450,11519300
20221107,09:48:14,18209.80,250,11519300
20221107,09:48:15,18210.80,200,11519300
20221107,09:48:16,18210.75,100,11519300
20221107,09:48:17,18210.80,100,11519300
20221107,09:48:18,18211.00,100,11519300
20221107,09:48:19,18211.00,1550,11519300
20221107,09:48:20,18210.95,300,11519300
20221107,09:48:21,18210.00,2700,11519300
20221107,09:48:22,18210.00,1850,11519300
20221107,09:48:23,18211.00,650,11519300
20221107,09:48:25,18210.80,200,11519300
20221107,09:48:26,18212.00,50,11519300
20221107,09:48:28,18214.00,250,11519300
20221107,09:48:29,18213.00,1000,11519300
20221107,09:48:30,18214.25,50,11519300
20221107,09:48:31,18213.55,1100,11519300
20221107,09:48:32,18213.40,400,11519300
20221107,09:48:33,18212.70,450,11519300
20221107,09:48:34,18212.60,150,11519300
20221107,09:48:36,18213.55,150,11519300
20221107,09:48:36,18212.60,50,11519300
20221107,09:48:37,18212.05,200,11519300
20221107,09:48:38,18212.55,50,11519300
20221107,09:48:39,18212.55,300,11519300
20221107,09:48:40,18212.35,150,11519300
20221107,09:48:41,18211.00,50,11519300
20221107,09:48:43,18212.00,100,11519300
20221107,09:48:45,18212.00,200,11519300
20221107,09:48:46,18211.40,100,11519300
20221107,09:48:47,18212.00,50,11519300
20221107,09:48:48,18212.00,450,11519300
20221107,09:48:50,18212.00,100,11519300
20221107,09:48:51,18212.00,1100,11519300
20221107,09:48:52,18212.00,50,11519300
20221107,09:48:53,18212.00,100,11519300
20221107,09:48:54,18213.75,150,11519300
20221107,09:48:55,18214.85,500,11519300
20221107,09:48:56,18213.80,1250,11519300
20221107,09:48:57,18214.45,350,11519300
20221107,09:48:58,18213.60,250,11519300
20221107,09:48:59,18212.65,50,11519300
20221107,09:49:00,18214.45,450,11519300
20221107,09:49:01,18212.65,250,11519300
20221107,09:49:02,18213.20,250,11519300
20221107,09:49:04,18213.25,50,11519300
20221107,09:49:05,18214.45,50,11519300
20221107,09:49:06,18212.80,250,11519300
20221107,09:49:07,18213.25,150,11519300
20221107,09:49:08,18214.25,300,11519300
20221107,09:49:09,18213.95,100,11519300
20221107,09:49:10,18212.80,350,11519300
20221107,09:49:11,18212.75,50,11519300
20221107,09:49:12,18214.10,300,11519300
20221107,09:49:13,18214.00,150,11519300
20221107,09:49:14,18213.25,250,11519300
20221107,09:49:15,18213.50,100,11519300
20221107,09:49:16,18214.15,1000,11519300
20221107,09:49:18,18213.20,150,11519300
20221107,09:49:18,18213.20,250,11519300
20221107,09:49:19,18213.50,550,11519300
20221107,09:49:20,18214.95,50,11519300
20221107,09:49:21,18214.65,150,11519300
20221107,09:49:22,18214.40,50,11519300
20221107,09:49:23,18214.30,200,11519300
20221107,09:49:24,18214.00,650,11519300
20221107,09:49:25,18214.95,250,11519300
20221107,09:49:28,18214.30,50,11519300
20221107,09:49:29,18213.65,400,11519300
20221107,09:49:30,18214.25,150,11519300
20221107,09:49:31,18214.80,400,11519300
20221107,09:49:33,18214.40,250,11519300
20221107,09:49:34,18214.35,150,11519300
20221107,09:49:35,18214.00,350,11519300
20221107,09:49:37,18213.00,100,11519300
20221107,09:49:38,18212.55,300,11519300
20221107,09:49:39,18212.65,750,11519300
20221107,09:49:40,18213.00,250,11519300
20221107,09:49:41,18210.00,5950,11519300
20221107,09:49:42,18208.60,1700,11519300
20221107,09:49:43,18209.30,50,11519300
20221107,09:49:45,18213.30,150,11519300
20221107,09:49:45,18213.30,100,11519300
20221107,09:49:48,18212.00,100,11519300
20221107,09:49:49,18212.05,200,11519300
20221107,09:49:50,18213.15,250,11519300
20221107,09:49:51,18214.95,900,11519300
20221107,09:49:52,18214.30,150,11519300
20221107,09:49:52,18213.45,250,11519300
20221107,09:49:53,18215.00,500,11519300
20221107,09:49:54,18213.00,250,11519300
20221107,09:49:55,18213.10,350,11519300
20221107,09:49:57,18214.80,50,11519300
20221107,09:49:58,18213.80,200,11519300
20221107,09:49:59,18213.15,750,11519300
20221107,09:50:00,18213.85,1000,11519300
20221107,09:50:01,18212.50,2650,11519300
20221107,09:50:02,18212.75,450,11519300
20221107,09:50:03,18211.80,400,11519300
20221107,09:50:04,18212.15,50,11519300
20221107,09:50:06,18210.65,950,11519300
20221107,09:50:07,18210.15,1750,11519300
20221107,09:50:08,18210.25,650,11519300
20221107,09:50:09,18210.00,600,11519300
20221107,09:50:10,18209.75,1600,11519300
20221107,09:50:12,18209.35,400,11519300
20221107,09:50:13,18211.10,550,11519300
20221107,09:50:13,18209.15,250,11519300
20221107,09:50:14,18211.10,300,11519300
20221107,09:50:15,18210.10,250,11519300
20221107,09:50:16,18209.00,250,11519300
20221107,09:50:17,18211.05,400,11519300
20221107,09:50:18,18210.00,600,11519300
20221107,09:50:19,18210.15,50,11519300
20221107,09:50:20,18209.80,350,11519300
20221107,09:50:22,18211.10,600,11519300
20221107,09:50:23,18211.05,300,11519300
20221107,09:50:24,18210.40,550,11519300
20221107,09:50:25,18209.90,200,11519300
20221107,09:50:26,18210.25,600,11516500
20221107,09:50:28,18209.80,450,11516500
20221107,09:50:30,18209.35,350,11516500
20221107,09:50:31,18210.25,300,11516500
20221107,09:50:32,18210.15,50,11516500
20221107,09:50:33,18210.50,200,11516500
20221107,09:50:35,18209.15,100,11516500
20221107,09:50:36,18210.00,1100,11516500
20221107,09:50:37,18209.00,250,11516500
20221107,09:50:38,18210.25,300,11516500
20221107,09:50:40,18208.60,500,11516500
20221107,09:50:41,18208.45,650,11516500
20221107,09:50:42,18208.75,250,11516500
20221107,09:50:43,18208.65,150,11516500
20221107,09:50:44,18208.50,350,11516500
20221107,09:50:46,18208.00,1350,11516500
20221107,09:50:47,18207.45,3350,11516500
20221107,09:50:48,18205.20,1700,11516500
20221107,09:50:49,18205.00,3450,11516500
20221107,09:50:50,18204.00,250,11516500
20221107,09:50:51,18204.90,250,11516500
20221107,09:50:52,18204.45,300,11516500
20221107,09:50:53,18205.20,250,11516500
20221107,09:50:54,18205.00,150,11516500
20221107,09:50:56,18204.90,750,11516500
20221107,09:50:57,18203.90,800,11516500
20221107,09:50:58,18203.90,1150,11516500
20221107,09:50:58,18203.85,100,11516500
20221107,09:50:59,18205.10,300,11516500
20221107,09:51:00,18204.00,1000,11516500
20221107,09:51:02,18203.85,550,11516500
20221107,09:51:03,18203.80,650,11516500
20221107,09:51:04,18203.80,250,11516500
20221107,09:51:05,18203.80,900,11516500
20221107,09:51:06,18205.00,250,11516500
20221107,09:51:07,18205.00,200,11516500
20221107,09:51:09,18205.00,200,11516500
20221107,09:51:10,18204.70,250,11516500
20221107,09:51:10,18204.60,700,11516500
20221107,09:51:11,18205.00,150,11516500
20221107,09:51:12,18205.05,200,11516500
20221107,09:51:13,18204.80,100,11516500
20221107,09:51:14,18205.00,700,11516500
20221107,09:51:15,18205.00,250,11516500
20221107,09:51:16,18202.00,3550,11516500
20221107,09:51:17,18203.35,400,11516500
20221107,09:51:19,18202.00,1000,11516500
20221107,09:51:20,18200.10,5400,11516500
20221107,09:51:20,18200.10,50,11516500
20221107,09:51:21,18200.10,250,11516500
20221107,09:51:22,18200.05,700,11516500
20221107,09:51:23,18200.00,2200,11516500
20221107,09:51:24,18200.00,1800,11516500
20221107,09:51:25,18200.00,150,11516500
20221107,09:51:26,18200.00,1250,11516500
20221107,09:51:27,18201.60,250,11516500
20221107,09:51:28,18200.70,900,11516500
20221107,09:51:29,18202.30,150,11516500
20221107,09:51:31,18201.90,250,11516500
20221107,09:51:32,18204.35,150,11516500
20221107,09:51:32,18201.25,1800,11516500
20221107,09:51:33,18204.15,850,11516500
20221107,09:51:34,18202.10,50,11516500
20221107,09:51:36,18204.40,50,11516500
20221107,09:51:37,18204.30,250,11516500
20221107,09:51:38,18205.00,300,11516500
20221107,09:51:38,18205.00,50,11516500
20221107,09:51:39,18205.00,500,11516500
20221107,09:51:41,18204.10,100,11516500
20221107,09:51:42,18207.10,400,11516500
20221107,09:51:43,18207.55,700,11516500
20221107,09:51:44,18205.45,600,11516500
20221107,09:51:45,18206.70,250,11516500
20221107,09:51:47,18207.60,500,11516500
20221107,09:51:48,18206.00,150,11516500
20221107,09:51:49,18205.55,50,11516500
20221107,09:51:50,18205.30,150,11516500
20221107,09:51:51,18205.10,50,11516500
20221107,09:51:52,18208.00,300,11516500
20221107,09:51:53,18205.75,150,11516500
20221107,09:51:54,18205.35,800,11516500
20221107,09:51:55,18206.30,400,11516500
20221107,09:51:56,18205.00,350,11516500
20221107,09:51:57,18204.95,500,11516500
20221107,09:51:58,18204.90,100,11516500
20221107,09:51:59,18204.75,150,11516500
20221107,09:52:00,18204.65,250,11516500
20221107,09:52:01,18205.00,50,11516500
20221107,09:52:02,18204.65,150,11516500
20221107,09:52:03,18204.65,150,11516500
20221107,09:52:04,18205.80,50,11516500
20221107,09:52:05,18206.75,550,11516500
20221107,09:52:06,18205.95,100,11516500
20221107,09:52:07,18205.80,250,11516500
20221107,09:52:08,18203.85,500,11516500
20221107,09:52:10,18205.00,150,11516500
20221107,09:52:11,18204.55,200,11516500
20221107,09:52:12,18202.20,250,11516500
20221107,09:52:14,18203.50,200,11516500
20221107,09:52:15,18203.00,550,11516500
20221107,09:52:16,18202.40,300,11516500
20221107,09:52:17,18204.00,150,11516500
20221107,09:52:18,18203.00,50,11516500
20221107,09:52:20,18204.00,150,11516500
20221107,09:52:21,18204.00,1150,11516500
20221107,09:52:22,18202.25,100,11516500
20221107,09:52:22,18204.00,50,11516500
20221107,09:52:23,18204.00,400,11516500
20221107,09:52:25,18205.05,2050,11516500
20221107,09:52:26,18207.00,100,11516500
20221107,09:52:27,18206.85,400,11516500
20221107,09:52:28,18207.80,400,11516500
20221107,09:52:28,18208.00,50,11516500
20221107,09:52:29,18207.80,200,11516500
20221107,09:52:31,18207.60,50,11516500
20221107,09:52:32,18206.85,1850,11516500
20221107,09:52:33,18207.95,600,11516500
20221107,09:52:34,18208.00,500,11516500
20221107,09:52:35,18208.00,250,11516500
20221107,09:52:37,18208.65,750,11516500
20221107,09:52:38,18207.35,200,11516500
20221107,09:52:40,18207.95,50,11516500
20221107,09:52:42,18207.80,400,11516500
20221107,09:52:43,18207.80,100,11516500
20221107,09:52:44,18208.00,1200,11516500
20221107,09:52:44,18208.15,300,11516500
20221107,09:52:45,18208.00,11450,11516500
20221107,09:52:47,18208.10,3200,11516500
20221107,09:52:48,18208.65,600,11516500
20221107,09:52:49,18208.70,250,11516500
20221107,09:52:50,18208.00,300,11516500
20221107,09:52:50,18208.00,50,11516500
20221107,09:52:51,18208.05,100,11516500
20221107,09:52:53,18209.00,250,11516500
20221107,09:52:54,18209.00,100,11516500
20221107,09:52:55,18208.00,550,11516500
20221107,09:52:56,18208.00,700,11516500
20221107,09:52:58,18209.45,750,11516500
20221107,09:52:59,18209.95,300,11516500
20221107,09:53:00,18208.00,1500,11516500
20221107,09:53:00,18208.90,50,11516500
20221107,09:53:01,18208.00,500,11516500
20221107,09:53:03,18208.00,350,11516500
20221107,09:53:04,18209.50,550,11516500
20221107,09:53:05,18209.60,250,11516500
20221107,09:53:06,18208.25,150,11516500
20221107,09:53:07,18209.80,100,11516500
20221107,09:53:09,18209.75,150,11516500
20221107,09:53:10,18209.50,200,11516500
20221107,09:53:11,18210.15,100,11516500
20221107,09:53:12,18210.15,300,11516500
20221107,09:53:14,18210.20,150,11516500
20221107,09:53:14,18210.20,100,11516500
20221107,09:53:16,18210.15,300,11516500
20221107,09:53:17,18211.00,1200,11516500
20221107,09:53:18,18210.50,400,11516500
20221107,09:53:18,18210.10,100,11516500
20221107,09:53:19,18210.25,100,11516500
20221107,09:53:21,18210.10,250,11516500
20221107,09:53:22,18211.45,400,11516500
20221107,09:53:23,18210.50,50,11516500
20221107,09:53:24,18211.15,200,11516500
20221107,09:53:26,18211.45,100,11533000
20221107,09:53:27,18211.45,150,11533000
20221107,09:53:28,18211.45,200,11533000
20221107,09:53:29,18212.10,200,11533000
20221107,09:53:30,18212.95,200,11533000
20221107,09:53:31,18213.00,150,11533000
20221107,09:53:33,18213.45,2900,11533000
20221107,09:53:34,18211.20,50,11533000
20221107,09:53:35,18213.00,200,11533000
20221107,09:53:36,18214.65,700,11533000
20221107,09:53:37,18214.90,200,11533000
20221107,09:53:38,18215.00,1150,11533000
20221107,09:53:40,18215.05,850,11533000
20221107,09:53:41,18215.75,650,11533000
20221107,09:53:42,18214.05,1150,11533000
20221107,09:53:42,18211.45,2450,11533000
20221107,09:53:43,18213.85,1250,11533000
20221107,09:53:45,18213.50,1100,11533000
20221107,09:53:46,18213.50,200,11533000
20221107,09:53:47,18213.20,1850,11533000
20221107,09:53:48,18213.15,2100,11533000
20221107,09:53:48,18213.40,200,11533000
20221107,09:53:49,18212.75,100,11533000
20221107,09:53:50,18212.60,700,11533000
20221107,09:53:51,18212.65,350,11533000
20221107,09:53:53,18214.30,150,11533000
20221107,09:53:54,18214.60,6850,11533000
20221107,09:53:55,18213.45,1450,11533000
20221107,09:53:56,18213.50,300,11533000
20221107,09:53:58,18213.70,200,11533000
20221107,09:53:59,18213.70,1800,11533000
20221107,09:54:00,18213.55,500,11533000
20221107,09:54:01,18214.75,750,11533000
20221107,09:54:01,18214.45,150,11533000
20221107,09:54:03,18214.40,750,11533000
20221107,09:54:04,18215.00,1250,11533000
20221107,09:54:05,18215.35,600,11533000
20221107,09:54:06,18215.25,950,11533000
20221107,09:54:06,18215.25,50,11533000
20221107,09:54:08,18213.75,500,11533000
20221107,09:54:09,18214.00,450,11533000
20221107,09:54:10,18214.70,200,11533000
20221107,09:54:11,18214.90,700,11533000
20221107,09:54:12,18214.00,450,11533000
20221107,09:54:13,18215.05,100,11533000
20221107,09:54:15,18215.05,400,11533000
20221107,09:54:16,18215.90,350,11533000
20221107,09:54:17,18216.45,200,11533000
20221107,09:54:18,18216.55,150,11533000
20221107,09:54:19,18216.45,700,11533000
20221107,09:54:20,18216.60,350,11533000
20221107,09:54:21,18216.55,300,11533000
20221107,09:54:21,18216.25,550,11533000
20221107,09:54:23,18216.10,150,11533000
20221107,09:54:24,18215.95,1500,11533000
20221107,09:54:25,18216.15,450,11533000
20221107,09:54:26,18216.10,1350,11533000
20221107,09:54:27,18215.85,1000,11533000
20221107,09:54:27,18215.00,50,11533000
20221107,09:54:29,18214.80,600,11533000
20221107,09:54:30,18215.60,850,11533000
20221107,09:54:31,18215.50,300,11533000
20221107,09:54:32,18213.00,2500,11533000
20221107,09:54:33,18211.95,1750,11533000
20221107,09:54:34,18210.45,1050,11533000
20221107,09:54:35,18210.00,2500,11533000
20221107,09:54:36,18210.00,950,11533000
20221107,09:54:37,18210.15,700,11533000
20221107,09:54:38,18208.00,2500,11533000
20221107,09:54:39,18209.45,1050,11533000
20221107,09:54:40,18209.10,150,11533000
20221107,09:54:41,18210.20,800,11533000
20221107,09:54:42,18208.50,700,11533000
20221107,09:54:43,18205.85,3650,11533000
20221107,09:54:44,18206.65,750,11533000
20221107,09:54:45,18204.55,1950,11533000
20221107,09:54:46,18204.55,150,11533000
20221107,09:54:47,18205.35,600,11533000
20221107,09:54:48,18204.10,50,11533000
20221107,09:54:49,18206.90,450,11533000
20221107,09:54:50,18206.15,300,11533000
20221107,09:54:51,18205.90,50,11533000
20221107,09:54:52,18206.05,800,11533000
20221107,09:54:53,18205.70,650,11533000
20221107,09:54:54,18204.95,250,11533000
20221107,09:54:55,18204.50,200,11533000
20221107,09:54:56,18204.55,600,11533000
20221107,09:54:57,18204.75,300,11533000
20221107,09:54:58,18205.90,300,11533000
20221107,09:54:59,18205.20,1000,11533000
20221107,09:55:01,18205.95,300,11533000
20221107,09:55:02,18205.70,100,11533000
20221107,09:55:03,18203.30,1850,11533000
20221107,09:55:04,18204.30,550,11533000
20221107,09:55:05,18204.45,400,11533000
20221107,09:55:06,18203.65,800,11533000
20221107,09:55:07,18205.95,150,11533000
20221107,09:55:08,18206.55,350,11533000
20221107,09:55:09,18204.35,200,11533000
20221107,09:55:10,18204.95,100,11533000
20221107,09:55:11,18204.10,150,11533000
20221107,09:55:12,18205.20,200,11533000
20221107,09:55:13,18204.25,1250,11533000
20221107,09:55:14,18203.80,550,11533000
20221107,09:55:15,18201.45,1900,11533000
20221107,09:55:16,18201.45,2150,11533000
20221107,09:55:17,18201.45,1800,11533000
20221107,09:55:18,18202.65,50,11533000
20221107,09:55:19,18203.00,200,11533000
20221107,09:55:20,18202.40,50,11533000
20221107,09:55:21,18203.00,500,11533000
20221107,09:55:22,18204.00,1750,11533000
20221107,09:55:24,18201.25,1300,11533000
20221107,09:55:26,18203.90,200,11533000
20221107,09:55:27,18203.10,750,11533000
20221107,09:55:29,18201.60,1850,11533000
20221107,09:55:30,18202.10,250,11533000
20221107,09:55:31,18200.00,4950,11533000
20221107,09:55:32,18197.50,7850,11533000
20221107,09:55:33,18199.20,950,11533000
20221107,09:55:35,18200.25,200,11533000
20221107,09:55:36,18200.20,1450,11533000
20221107,09:55:37,18198.10,1750,11533000
20221107,09:55:38,18199.00,150,11533000
20221107,09:55:39,18198.70,250,11533000
20221107,09:55:40,18199.00,250,11533000
20221107,09:55:41,18200.25,350,11533000
20221107,09:55:42,18200.95,1300,11533000
20221107,09:55:43,18199.90,150,11533000
20221107,09:55:44,18200.05,1000,11533000
20221107,09:55:45,18198.60,850,11533000
20221107,09:55:46,18195.80,5100,11533000
20221107,09:55:47,18199.25,200,11533000
20221107,09:55:48,18197.95,350,11533000
20221107,09:55:50,18198.20,400,11533000
20221107,09:55:51,18199.55,100,11533000
20221107,09:55:52,18198.60,650,11533000
20221107,09:55:53,18199.05,700,11533000
20221107,09:55:54,18199.10,150,11533000
20221107,09:55:55,18200.00,2150,11533000
20221107,09:55:56,18200.00,650,11533000
20221107,09:55:56,18200.95,200,11533000
20221107,09:55:59,18200.30,200,11533000
20221107,09:56:00,18200.20,150,11533000
20221107,09:56:01,18200.35,1250,11533000
20221107,09:56:03,18200.30,700,11533000
20221107,09:56:04,18199.50,450,11533000
20221107,09:56:05,18201.25,200,11533000
20221107,09:56:06,18201.60,200,11533000
20221107,09:56:07,18202.70,50,11533000
20221107,09:56:08,18203.00,200,11533000
20221107,09:56:09,18202.95,250,11533000
20221107,09:56:10,18201.00,300,11533000
20221107,09:56:11,18201.40,350,11533000
20221107,09:56:12,18201.50,100,11533000
20221107,09:56:13,18201.50,150,11533000
20221107,09:56:14,18201.70,350,11533000
20221107,09:56:15,18202.75,200,11533000
20221107,09:56:16,18203.00,50,11533000
20221107,09:56:17,18205.00,450,11533000
20221107,09:56:18,18205.20,400,11533000
20221107,09:56:19,18205.70,100,11533000
20221107,09:56:20,18207.10,100,11533000
20221107,09:56:21,18207.85,50,11533000
20221107,09:56:22,18205.40,200,11533000
20221107,09:56:23,18205.70,250,11533000
20221107,09:56:24,18208.00,100,11533000
20221107,09:56:25,18207.55,400,11533000
20221107,09:56:26,18208.15,800,11533000
20221107,09:56:27,18208.25,150,11526100
20221107,09:56:28,18208.25,350,11526100
20221107,09:56:29,18208.45,650,11526100
20221107,09:56:31,18208.60,350,11526100
20221107,09:56:32,18208.55,50,11526100
20221107,09:56:33,18208.25,300,11526100
20221107,09:56:35,18208.75,100,11526100
20221107,09:56:36,18209.25,150,11526100
20221107,09:56:37,18209.05,150,11526100
20221107,09:56:38,18209.00,100,11526100
20221107,09:56:39,18208.25,1000,11526100
20221107,09:56:41,18209.35,350,11526100
20221107,09:56:42,18208.90,450,11526100
20221107,09:56:43,18208.55,300,11526100
20221107,09:56:44,18206.60,1050,11526100
20221107,09:56:45,18209.45,350,11526100
20221107,09:56:46,18209.35,100,11526100
20221107,09:56:49,18209.00,50,11526100
20221107,09:56:50,18210.30,150,11526100
20221107,09:56:51,18210.00,400,11526100
20221107,09:56:52,18209.25,100,11526100
20221107,09:56:53,18211.00,550,11526100
20221107,09:56:54,18212.10,250,11526100
20221107,09:56:55,18212.75,350,11526100
20221107,09:56:56,18211.40,100,11526100
20221107,09:56:58,18212.50,200,11526100
20221107,09:56:59,18212.10,400,11526100
20221107,09:57:00,18212.40,150,11526100
20221107,09:57:01,18214.65,200,11526100
20221107,09:57:02,18214.45,300,11526100
20221107,09:57:03,18214.55,400,11526100
20221107,09:57:04,18215.00,150,11526100
20221107,09:57:05,18216.00,450,11526100
20221107,09:57:06,18217.25,900,11526100
20221107,09:57:07,18218.00,550,11526100
20221107,09:57:08,18218.25,350,11526100
20221107,09:57:09,18219.70,1100,11526100
20221107,09:57:11,18220.00,1400,11526100
20221107,09:57:12,18220.00,400,11526100
20221107,09:57:13,18219.90,150,11526100
20221107,09:57:14,18219.20,250,11526100
20221107,09:57:15,18219.25,550,11526100
20221107,09:57:16,18218.70,150,11526100
20221107,09:57:17,18218.50,300,11526100
20221107,09:57:18,18218.70,450,11526100
20221107,09:57:20,18218.00,400,11526100
20221107,09:57:21,18218.50,350,11526100
20221107,09:57:22,18216.95,600,11526100
20221107,09:57:23,18217.30,200,11526100
20221107,09:57:24,18216.60,300,11526100
20221107,09:57:25,18216.85,250,11526100
20221107,09:57:26,18216.10,300,11526100
20221107,09:57:27,18214.90,2000,11526100
20221107,09:57:28,18211.40,2100,11526100
20221107,09:57:29,18213.70,100,11526100
20221107,09:57:30,18213.70,800,11526100
20221107,09:57:31,18212.95,350,11526100
20221107,09:57:32,18210.30,200,11526100
20221107,09:57:33,18212.05,100,11526100
20221107,09:57:34,18211.60,200,11526100
20221107,09:57:35,18212.05,50,11526100
20221107,09:57:37,18210.00,2850,11526100
20221107,09:57:38,18211.00,700,11526100
20221107,09:57:39,18212.25,400,11526100
20221107,09:57:40,18212.20,850,11526100
20221107,09:57:42,18212.75,300,11526100
20221107,09:57:43,18212.90,150,11526100
20221107,09:57:44,18212.80,1900,11526100
20221107,09:57:45,18210.05,1000,11526100
20221107,09:57:46,18211.30,2000,11526100
20221107,09:57:47,18210.35,2300,11526100
20221107,09:57:48,18210.05,1800,11526100
20221107,09:57:49,18211.40,300,11526100
20221107,09:57:50,18211.05,400,11526100
20221107,09:57:51,18211.50,250,11526100
20221107,09:57:52,18211.70,300,11526100
20221107,09:57:53,18208.75,1550,11526100
20221107,09:57:54,18207.95,1600,11526100
20221107,09:57:55,18210.50,400,11526100
20221107,09:57:56,18211.00,250,11526100
20221107,09:57:57,18211.05,150,11526100
20221107,09:57:58,18212.75,200,11526100
20221107,09:57:59,18210.40,300,11526100
20221107,09:58:00,18212.75,200,11526100
20221107,09:58:01,18213.40,1250,11526100
20221107,09:58:03,18212.00,50,11526100
20221107,09:58:04,18212.10,900,11526100
20221107,09:58:05,18211.60,150,11526100
20221107,09:58:06,18212.95,150,11526100
20221107,09:58:07,18209.60,1650,11526100
20221107,09:58:08,18210.70,50,11526100
20221107,09:58:09,18210.25,1850,11526100
20221107,09:58:10,18207.50,1850,11526100
20221107,09:58:11,18207.55,750,11526100
20221107,09:58:12,18207.00,450,11526100
20221107,09:58:13,18209.50,150,11526100
20221107,09:58:15,18209.85,150,11526100
20221107,09:58:16,18206.15,1900,11526100
20221107,09:58:17,18208.20,700,11526100
20221107,09:58:18,18207.75,550,11526100
20221107,09:58:19,18207.65,400,11526100
20221107,09:58:20,18208.10,250,11526100
20221107,09:58:21,18207.35,300,11526100
20221107,09:58:23,18209.35,50,11526100
20221107,09:58:24,18208.85,200,11526100
20221107,09:58:25,18208.00,650,11526100
20221107,09:58:26,18210.60,1700,11526100
20221107,09:58:27,18208.60,450,11526100
20221107,09:58:28,18206.30,1700,11526100
20221107,09:58:29,18206.25,750,11526100
20221107,09:58:31,18208.75,100,11526100
20221107,09:58:31,18208.85,200,11526100
20221107,09:58:32,18206.20,2250,11526100
20221107,09:58:33,18206.05,1000,11526100
20221107,09:58:34,18206.80,750,11526100
20221107,09:58:36,18209.15,250,11526100
20221107,09:58:37,18209.35,150,11526100
20221107,09:58:38,18209.30,350,11526100
20221107,09:58:39,18209.35,350,11526100
20221107,09:58:41,18207.30,350,11526100
20221107,09:58:42,18209.15,300,11526100
20221107,09:58:43,18207.00,300,11526100
20221107,09:58:43,18208.35,50,11526100
20221107,09:58:44,18208.50,150,11526100
20221107,09:58:45,18208.60,200,11526100
20221107,09:58:46,18209.10,1300,11526100
20221107,09:58:47,18208.60,400,11526100
20221107,09:58:48,18209.15,400,11526100
20221107,09:58:50,18208.85,250,11526100
20221107,09:58:50,18208.80,100,11526100
20221107,09:58:51,18208.60,100,11526100
20221107,09:58:52,18208.40,250,11526100
20221107,09:58:53,18208.15,50,11526100
