20221104,09:15:01,41505.00,1,2033000
20221104,09:15:01,41505.05,1,2033000
20221104,09:15:01,41400.50,1,2033000
20221104,09:15:01,41477.70,275,2033000
20221104,09:15:01,41449.10,625,2033000
20221104,09:15:02,41526.75,1825,2033000
20221104,09:15:04,41547.70,1050,2033000
20221104,09:15:05,41557.80,1700,2033000
20221104,09:15:06,41563.40,1250,2033000
20221104,09:15:07,41556.00,1575,2033000
20221104,09:15:08,41560.00,1425,2033000
20221104,09:15:09,41566.00,1025,2033000
20221104,09:15:10,41586.80,5375,2033000
20221104,09:15:11,41554.75,1150,2033000
20221104,09:15:11,41546.10,225,2033000
20221104,09:15:12,41532.70,1225,2033000
20221104,09:15:14,41541.15,550,2033000
20221104,09:15:15,41533.10,950,2033000
20221104,09:15:16,41526.20,475,2033000
20221104,09:15:17,41547.30,1375,2033000
20221104,09:15:18,41538.60,450,2033000
20221104,09:15:19,41539.45,350,2033000
20221104,09:15:20,41530.45,625,2033000
20221104,09:15:20,41520.10,25,2033000
20221104,09:15:21,41520.00,1525,2033000
20221104,09:15:23,41519.00,325,2033000
20221104,09:15:24,41500.00,100,2033000
20221104,09:15:25,41499.85,825,2033000
20221104,09:15:26,41484.90,325,2033000
20221104,09:15:27,41484.15,225,2033000
20221104,09:15:28,41472.70,500,2033000
20221104,09:15:28,41480.70,200,2033000
20221104,09:15:30,41499.85,775,2033000
20221104,09:15:31,41498.40,175,2033000
20221104,09:15:32,41513.35,2350,2033000
20221104,09:15:33,41501.35,200,2033000
20221104,09:15:34,41501.05,200,2033000
20221104,09:15:34,41517.30,900,2033000
20221104,09:15:35,41505.10,300,2033000
20221104,09:15:37,41512.60,625,2033000
20221104,09:15:38,41502.40,875,2033000
20221104,09:15:39,41499.85,2050,2033000
20221104,09:15:40,41494.75,825,2033000
20221104,09:15:40,41484.35,50,2033000
20221104,09:15:41,41489.65,375,2033000
20221104,09:15:43,41480.00,475,2033000
20221104,09:15:44,41469.60,475,2033000
20221104,09:15:45,41476.50,350,2033000
20221104,09:15:46,41474.35,100,2033000
20221104,09:15:47,41499.35,2000,2033000
20221104,09:15:47,41499.50,125,2033000
20221104,09:15:48,41499.55,750,2033000
20221104,09:15:50,41500.00,675,2033000
20221104,09:15:51,41500.15,675,2033000
20221104,09:15:52,41503.65,1150,2033000
20221104,09:15:53,41502.10,175,2033000
20221104,09:15:54,41511.00,275,2033000
20221104,09:15:55,41499.55,700,2033000
20221104,09:15:57,41499.40,375,2033000
20221104,09:15:58,41499.15,250,2033000
20221104,09:15:59,41483.60,800,2033000
20221104,09:16:00,41496.00,1150,2033000
20221104,09:16:00,41500.00,250,2033000
20221104,09:16:01,41493.90,575,2033000
20221104,09:16:03,41498.10,250,2033000
20221104,09:16:04,41515.00,1675,2033000
20221104,09:16:05,41507.60,750,2033000
20221104,09:16:06,41505.05,525,2033000
20221104,09:16:06,41505.40,50,2033000
20221104,09:16:07,41520.10,1900,2033000
20221104,09:16:09,41517.70,1275,2033000
20221104,09:16:10,41524.80,550,2033000
20221104,09:16:11,41517.70,200,2033000
20221104,09:16:12,41525.00,625,2033000
20221104,09:16:12,41521.85,250,2033000
20221104,09:16:14,41525.00,575,2033000
20221104,09:16:15,41524.25,725,2033000
20221104,09:16:16,41523.45,100,2033000
20221104,09:16:17,41515.85,150,2033000
20221104,09:16:17,41500.25,225,2033000
20221104,09:16:19,41511.15,525,2033000
20221104,09:16:20,41515.80,1325,2033000
20221104,09:16:21,41517.60,1575,2033000
20221104,09:16:22,41525.00,700,2033000
20221104,09:16:22,41530.00,1275,2033000
20221104,09:16:24,41540.00,1250,2033000
20221104,09:16:25,41544.45,1475,2033000
20221104,09:16:26,41546.45,475,2033000
20221104,09:16:27,41549.65,1075,2033000
20221104,09:16:27,41540.15,200,2033000
20221104,09:16:29,41549.00,400,2033000
20221104,09:16:30,41540.75,500,2033000
20221104,09:16:31,41547.55,625,2033000
20221104,09:16:32,41550.00,1075,2033000
20221104,09:16:32,41546.50,225,2033000
20221104,09:16:34,41549.10,2675,2033000
20221104,09:16:35,41549.15,300,2033000
20221104,09:16:36,41555.25,225,2033000
20221104,09:16:37,41543.65,575,2033000
20221104,09:16:37,41549.05,150,2033000
20221104,09:16:38,41545.60,625,2033000
20221104,09:16:40,41549.55,350,2033000
20221104,09:16:41,41555.00,475,2033000
20221104,09:16:42,41554.10,275,2033000
20221104,09:16:42,41554.10,25,2033000
20221104,09:16:44,41554.10,500,2033000
20221104,09:16:45,41549.10,250,2033000
20221104,09:16:46,41549.10,325,2033000
20221104,09:16:47,41548.55,1150,2033000
20221104,09:16:48,41550.25,450,2033000
20221104,09:16:48,41550.50,50,2033000
20221104,09:16:50,41555.00,1175,2033000
20221104,09:16:51,41565.00,3350,2033000
20221104,09:16:52,41565.05,1625,2033000
20221104,09:16:53,41564.35,175,2033000
20221104,09:16:54,41566.50,600,2033000
20221104,09:16:55,41569.00,200,2033000
20221104,09:16:56,41564.40,350,2033000
20221104,09:16:57,41572.40,1000,2033000
20221104,09:16:58,41563.80,500,2033000
20221104,09:16:58,41569.00,25,2033000
20221104,09:17:00,41564.90,2225,2033000
20221104,09:17:01,41565.40,1700,2033000
20221104,09:17:02,41560.75,1025,2033000
20221104,09:17:03,41569.25,625,2033000
20221104,09:17:04,41561.15,375,2033000
20221104,09:17:05,41565.00,200,2033000
20221104,09:17:06,41560.95,125,2033000
20221104,09:17:07,41560.50,150,2033000
20221104,09:17:08,41563.95,450,2033000
20221104,09:17:09,41562.90,225,2033000
20221104,09:17:10,41565.05,75,2033000
20221104,09:17:11,41569.55,1025,2033000
20221104,09:17:12,41569.00,375,2033000
20221104,09:17:13,41575.00,350,2033000
20221104,09:17:14,41574.95,675,2043575
20221104,09:17:14,41575.95,300,2043575
20221104,09:17:16,41575.00,325,2043575
20221104,09:17:17,41567.65,800,2043575
20221104,09:17:18,41565.00,175,2043575
20221104,09:17:19,41569.20,375,2043575
20221104,09:17:21,41562.80,325,2043575
20221104,09:17:22,41568.00,100,2043575
20221104,09:17:23,41569.50,300,2043575
20221104,09:17:24,41562.55,325,2043575
20221104,09:17:24,41565.30,75,2043575
20221104,09:17:26,41562.65,300,2043575
20221104,09:17:27,41559.45,1150,2043575
20221104,09:17:28,41554.10,1000,2043575
20221104,09:17:29,41553.80,475,2043575
20221104,09:17:30,41553.05,200,2043575
20221104,09:17:31,41560.35,25,2043575
20221104,09:17:32,41559.25,325,2043575
20221104,09:17:33,41559.90,1075,2043575
20221104,09:17:34,41554.20,200,2043575
20221104,09:17:35,41558.45,1225,2043575
20221104,09:17:35,41550.35,25,2043575
20221104,09:17:37,41560.00,1300,2043575
20221104,09:17:38,41556.30,50,2043575
20221104,09:17:39,41557.40,250,2043575
20221104,09:17:40,41560.00,375,2043575
20221104,09:17:40,41561.45,100,2043575
20221104,09:17:42,41561.45,175,2043575
20221104,09:17:43,41554.00,425,2043575
20221104,09:17:44,41554.00,250,2043575
20221104,09:17:45,41551.95,650,2043575
20221104,09:17:46,41555.90,225,2043575
20221104,09:17:46,41557.10,25,2043575
20221104,09:17:48,41557.05,150,2043575
20221104,09:17:49,41563.00,775,2043575
20221104,09:17:50,41557.05,50,2043575
20221104,09:17:51,41564.00,2800,2043575
20221104,09:17:53,41550.00,500,2043575
20221104,09:17:54,41554.30,975,2043575
20221104,09:17:55,41550.90,250,2043575
20221104,09:17:56,41553.10,150,2043575
20221104,09:17:58,41557.25,50,2043575
20221104,09:17:59,41559.00,250,2043575
20221104,09:18:00,41558.90,150,2043575
20221104,09:18:01,41555.00,1525,2043575
20221104,09:18:01,41563.60,1225,2043575
20221104,09:18:03,41559.45,200,2043575
20221104,09:18:04,41556.30,225,2043575
20221104,09:18:05,41556.90,225,2043575
20221104,09:18:06,41550.10,500,2043575
20221104,09:18:07,41556.45,200,2043575
20221104,09:18:07,41555.75,25,2043575
20221104,09:18:10,41556.30,25,2043575
20221104,09:18:11,41557.90,75,2043575
20221104,09:18:12,41550.95,150,2043575
20221104,09:18:12,41557.70,25,2043575
20221104,09:18:14,41548.00,375,2043575
20221104,09:18:15,41544.60,200,2043575
20221104,09:18:16,41549.35,125,2043575
20221104,09:18:18,41551.20,1275,2043575
20221104,09:18:20,41560.00,1425,2043575
20221104,09:18:21,41564.00,450,2043575
20221104,09:18:23,41559.75,525,2043575
20221104,09:18:25,41569.00,3200,2043575
20221104,09:18:26,41574.30,600,2043575
20221104,09:18:28,41567.70,875,2043575
20221104,09:18:30,41569.90,150,2043575
20221104,09:18:31,41575.70,1025,2043575
20221104,09:18:33,41579.05,500,2043575
20221104,09:18:35,41578.95,1375,2043575
20221104,09:18:36,41575.70,1325,2043575
20221104,09:18:38,41578.15,425,2043575
20221104,09:18:40,41575.00,725,2043575
20221104,09:18:41,41578.70,375,2043575
20221104,09:18:43,41580.00,850,2043575
20221104,09:18:45,41577.55,375,2043575
20221104,09:18:46,41577.15,1300,2043575
20221104,09:18:48,41581.15,325,2043575
20221104,09:18:50,41574.80,525,2043575
20221104,09:18:51,41577.85,600,2043575
20221104,09:18:53,41570.35,225,2043575
20221104,09:18:55,41572.55,425,2043575
20221104,09:18:57,41572.40,575,2043575
20221104,09:18:58,41565.20,375,2043575
20221104,09:19:00,41571.45,125,2043575
20221104,09:19:02,41565.20,700,2043575
20221104,09:19:03,41564.95,525,2043575
20221104,09:19:05,41567.50,750,2043575
20221104,09:19:07,41551.40,1750,2043575
20221104,09:19:08,41547.55,1400,2043575
20221104,09:19:10,41544.85,575,2043575
20221104,09:19:12,41540.00,2125,2043575
20221104,09:19:13,41546.85,350,2043575
20221104,09:19:15,41545.95,275,2043575
20221104,09:19:17,41543.05,325,2043575
20221104,09:19:18,41557.25,550,2043575
20221104,09:19:20,41550.85,350,2043575
20221104,09:19:21,41542.85,425,2043575
20221104,09:19:23,41545.65,75,2043575
20221104,09:19:25,41540.00,175,2043575
20221104,09:19:26,41536.95,1175,2043575
20221104,09:19:28,41530.00,2625,2043575
20221104,09:19:30,41530.00,550,2043575
20221104,09:19:31,41523.65,800,2043575
20221104,09:19:33,41528.50,1025,2043575
20221104,09:19:35,41529.15,625,2043575
20221104,09:19:36,41539.40,2700,2043575
20221104,09:19:38,41530.00,4150,2043575
20221104,09:19:40,41522.00,800,2043575
20221104,09:19:41,41525.15,450,2043575
20221104,09:19:43,41515.55,200,2043575
20221104,09:19:45,41501.10,1425,2043575
20221104,09:19:46,41502.20,1275,2043575
20221104,09:19:48,41517.80,650,2043575
20221104,09:19:50,41513.80,150,2043575
20221104,09:19:51,41509.95,150,2043575
20221104,09:19:53,41505.10,475,2043575
20221104,09:19:55,41510.00,225,2043575
20221104,09:19:56,41506.30,525,2043575
20221104,09:19:58,41507.35,1400,2043575
20221104,09:20:00,41501.00,100,2043575
20221104,09:20:01,41505.55,1250,2043575
20221104,09:20:03,41500.05,2125,2043575
20221104,09:20:05,41494.15,2325,2043575
20221104,09:20:06,41491.95,375,2043575
20221104,09:20:08,41491.00,650,2043575
20221104,09:20:09,41490.25,300,2043575
20221104,09:20:11,41497.95,2075,2043575
20221104,09:20:13,41504.75,3575,2043575
20221104,09:20:14,41494.10,425,2043575
20221104,09:20:16,41499.30,375,2059750
20221104,09:20:18,41486.80,1275,2059750
20221104,09:20:19,41490.95,1450,2059750
20221104,09:20:21,41490.10,150,2059750
20221104,09:20:23,41489.15,325,2059750
20221104,09:20:24,41480.00,625,2059750
20221104,09:20:26,41490.15,425,2059750
20221104,09:20:28,41489.30,675,2059750
20221104,09:20:29,41508.75,1650,2059750
20221104,09:20:31,41507.40,125,2059750
20221104,09:20:33,41510.70,100,2059750
20221104,09:20:34,41513.50,250,2059750
20221104,09:20:36,41515.90,225,2059750
20221104,09:20:38,41520.00,75,2059750
20221104,09:20:39,41529.10,400,2059750
20221104,09:20:41,41522.85,250,2059750
20221104,09:20:43,41521.60,50,2059750
20221104,09:20:44,41515.55,250,2059750
20221104,09:20:46,41522.70,2225,2059750
20221104,09:20:48,41520.00,150,2059750
20221104,09:20:49,41527.70,425,2059750
20221104,09:20:51,41524.15,125,2059750
20221104,09:20:53,41530.30,450,2059750
20221104,09:20:54,41530.00,350,2059750
20221104,09:20:56,41535.00,875,2059750
20221104,09:20:58,41531.30,1775,2059750
20221104,09:20:59,41522.05,875,2059750
20221104,09:21:01,41535.90,600,2059750
20221104,09:21:03,41530.00,175,2059750
20221104,09:21:04,41521.80,650,2059750
20221104,09:21:06,41519.90,375,2059750
20221104,09:21:08,41505.00,350,2059750
20221104,09:21:09,41498.20,950,2059750
20221104,09:21:11,41491.40,1350,2059750
20221104,09:21:13,41489.85,1050,2059750
20221104,09:21:14,41480.00,1275,2059750
20221104,09:21:16,41489.75,1350,2059750
20221104,09:21:18,41485.80,350,2059750
20221104,09:21:19,41495.80,450,2059750
20221104,09:21:21,41494.00,125,2059750
20221104,09:21:23,41490.25,150,2059750
20221104,09:21:24,41483.05,575,2059750
20221104,09:21:26,41488.95,800,2059750
20221104,09:21:28,41490.85,350,2059750
20221104,09:21:29,41489.05,50,2059750
20221104,09:21:31,41480.00,1425,2059750
20221104,09:21:33,41481.60,175,2059750
20221104,09:21:34,41462.35,2500,2059750
20221104,09:21:36,41463.00,1525,2059750
20221104,09:21:38,41466.35,1200,2059750
20221104,09:21:39,41462.25,1150,2059750
20221104,09:21:41,41472.95,525,2059750
20221104,09:21:43,41468.70,250,2059750
20221104,09:21:44,41464.05,1650,2059750
20221104,09:21:46,41466.30,50,2059750
20221104,09:21:48,41464.55,350,2059750
20221104,09:21:49,41472.40,1550,2059750
20221104,09:21:51,41460.60,1275,2059750
20221104,09:21:53,41464.05,275,2059750
20221104,09:21:54,41459.70,500,2059750
20221104,09:21:56,41452.00,700,2059750
20221104,09:21:58,41448.05,3925,2059750
20221104,09:21:59,41446.55,450,2059750
20221104,09:22:01,41439.80,1075,2059750
20221104,09:22:03,41430.00,3550,2059750
20221104,09:22:04,41428.50,2750,2059750
20221104,09:22:06,41432.25,825,2059750
20221104,09:22:08,41439.75,1925,2059750
20221104,09:22:09,41442.15,550,2059750
20221104,09:22:11,41432.25,825,2059750
20221104,09:22:13,41433.95,1100,2059750
20221104,09:22:14,41436.40,1275,2059750
20221104,09:22:16,41439.50,300,2059750
20221104,09:22:18,41436.70,425,2059750
20221104,09:22:19,41443.45,1175,2059750
20221104,09:22:21,41449.30,1300,2059750
20221104,09:22:23,41454.85,4225,2059750
20221104,09:22:24,41452.55,675,2059750
20221104,09:22:26,41445.80,1950,2059750
20221104,09:22:28,41439.30,575,2059750
20221104,09:22:29,41454.75,1750,2059750
20221104,09:22:31,41461.60,4725,2059750
20221104,09:22:33,41457.75,1800,2059750
20221104,09:22:34,41452.45,275,2059750
20221104,09:22:36,41449.55,300,2059750
20221104,09:22:38,41448.30,2100,2059750
20221104,09:22:39,41455.20,250,2059750
20221104,09:22:41,41457.45,25,2059750
20221104,09:22:43,41470.00,775,2059750
20221104,09:22:44,41469.55,275,2059750
20221104,09:22:46,41471.55,450,2059750
20221104,09:22:48,41466.10,1600,2059750
20221104,09:22:49,41462.60,525,2059750
20221104,09:22:51,41462.45,275,2059750
20221104,09:22:53,41459.65,1000,2059750
20221104,09:22:54,41459.65,50,2059750
20221104,09:22:56,41459.20,175,2059750
20221104,09:22:58,41462.55,125,2059750
20221104,09:22:59,41450.00,2125,2059750
20221104,09:23:01,41455.20,75,2059750
20221104,09:23:03,41453.80,25,2059750
20221104,09:23:04,41450.00,175,2059750
20221104,09:23:06,41449.55,750,2059750
20221104,09:23:08,41440.00,225,2059750
20221104,09:23:09,41448.10,1150,2059750
20221104,09:23:11,41441.05,500,2059750
20221104,09:23:13,41444.80,1600,2059750
20221104,09:23:14,41441.05,650,2059750
20221104,09:23:16,41446.85,325,2084875
20221104,09:23:17,41441.45,150,2084875
20221104,09:23:19,41445.75,150,2084875
20221104,09:23:21,41435.05,2350,2084875
20221104,09:23:22,41437.70,150,2084875
20221104,09:23:24,41442.15,275,2084875
20221104,09:23:26,41443.75,550,2084875
20221104,09:23:27,41442.60,400,2084875
20221104,09:23:29,41437.70,175,2084875
20221104,09:23:31,41444.95,250,2084875
20221104,09:23:32,41446.35,575,2084875
20221104,09:23:34,41443.95,100,2084875
20221104,09:23:37,41435.35,250,2084875
20221104,09:23:39,41440.00,300,2084875
20221104,09:23:41,41441.35,175,2084875
20221104,09:23:42,41444.65,500,2084875
20221104,09:23:44,41433.45,475,2084875
20221104,09:23:46,41440.00,375,2084875
20221104,09:23:47,41440.50,100,2084875
20221104,09:23:49,41441.00,75,2084875
20221104,09:23:51,41439.00,150,2084875
20221104,09:23:52,41437.05,675,2084875
20221104,09:23:54,41436.40,500,2084875
20221104,09:23:56,41437.05,400,2084875
20221104,09:23:57,41443.90,75,2084875
20221104,09:23:59,41439.40,275,2084875
20221104,09:24:01,41437.05,975,2084875
20221104,09:24:02,41427.80,3275,2084875
20221104,09:24:04,41426.35,1000,2084875
20221104,09:24:06,41437.55,650,2084875
20221104,09:24:07,41425.00,525,2084875
20221104,09:24:09,41429.20,725,2084875
20221104,09:24:11,41435.80,2000,2084875
20221104,09:24:12,41427.35,125,2084875
20221104,09:24:14,41439.75,300,2084875
20221104,09:24:15,41436.50,1050,2084875
20221104,09:24:17,41442.15,925,2084875
20221104,09:24:19,41446.40,5725,2084875
20221104,09:24:20,41453.30,3100,2084875
20221104,09:24:22,41449.15,125,2084875
20221104,09:24:24,41448.25,200,2084875
20221104,09:24:25,41456.50,125,2084875
20221104,09:24:29,41444.50,100,2084875
20221104,09:24:30,41460.00,175,2084875
20221104,09:24:32,41460.00,25,2084875
20221104,09:24:34,41470.00,325,2084875
20221104,09:24:35,41464.30,425,2084875
20221104,09:24:37,41470.00,175,2084875
20221104,09:24:39,41470.00,125,2084875
20221104,09:24:40,41475.00,475,2084875
20221104,09:24:42,41465.95,400,2084875
20221104,09:24:44,41470.75,450,2084875
20221104,09:24:45,41469.70,125,2084875
20221104,09:24:47,41470.00,50,2084875
20221104,09:24:49,41464.35,225,2084875
20221104,09:24:50,41470.00,50,2084875
20221104,09:24:52,41470.00,100,2084875
20221104,09:24:54,41473.45,625,2084875
20221104,09:24:55,41481.55,425,2084875
20221104,09:24:57,41478.85,25,2084875
20221104,09:24:59,41475.25,350,2084875
20221104,09:25:00,41475.70,50,2084875
20221104,09:25:02,41477.85,625,2084875
20221104,09:25:04,41476.90,200,2084875
20221104,09:25:05,41477.60,750,2084875
20221104,09:25:07,41480.00,350,2084875
20221104,09:25:09,41475.15,25,2084875
20221104,09:25:10,41471.00,225,2084875
20221104,09:25:12,41479.50,50,2084875
20221104,09:25:14,41480.00,175,2084875
20221104,09:25:15,41480.00,100,2084875
20221104,09:25:17,41484.00,175,2084875
20221104,09:25:19,41480.35,225,2084875
20221104,09:25:20,41477.20,25,2084875
20221104,09:25:22,41473.35,50,2084875
20221104,09:25:25,41462.40,300,2084875
20221104,09:25:27,41450.05,425,2084875
20221104,09:25:29,41454.55,75,2084875
20221104,09:25:30,41444.20,475,2084875
20221104,09:25:32,41451.00,975,2084875
20221104,09:25:34,41446.60,175,2084875
20221104,09:25:35,41448.25,250,2084875
20221104,09:25:37,41442.25,225,2084875
20221104,09:25:39,41439.00,275,2084875
20221104,09:25:40,41451.40,225,2084875
20221104,09:25:42,41444.50,300,2084875
20221104,09:25:44,41439.00,25,2084875
20221104,09:25:45,41444.00,175,2084875
20221104,09:25:47,41446.05,100,2084875
20221104,09:25:49,41453.05,25,2084875
20221104,09:25:50,41443.75,375,2084875
20221104,09:25:52,41442.00,1025,2084875
20221104,09:25:55,41444.70,150,2084875
20221104,09:25:57,41442.10,225,2084875
20221104,09:25:59,41443.30,25,2084875
20221104,09:26:00,41440.00,75,2084875
20221104,09:26:02,41440.75,150,2084875
20221104,09:26:04,41440.75,100,2084875
20221104,09:26:05,41433.25,1750,2084875
20221104,09:26:07,41426.55,1100,2084875
20221104,09:26:09,41426.55,725,2084875
20221104,09:26:10,41433.05,2200,2084875
20221104,09:26:12,41442.20,775,2084875
20221104,09:26:14,41442.15,525,2084875
20221104,09:26:15,41438.10,275,2101000
20221104,09:26:17,41431.80,575,2101000
20221104,09:26:19,41451.15,5025,2101000
20221104,09:26:20,41445.25,2225,2101000
20221104,09:26:22,41448.65,125,2101000
20221104,09:26:24,41447.55,400,2101000
20221104,09:26:25,41452.70,75,2101000
20221104,09:26:27,41447.15,125,2101000
20221104,09:26:28,41450.70,75,2101000
20221104,09:26:30,41450.00,1200,2101000
20221104,09:26:32,41450.50,175,2101000
20221104,09:26:33,41452.00,75,2101000
20221104,09:26:35,41453.10,200,2101000
20221104,09:26:37,41453.20,250,2101000
20221104,09:26:38,41458.15,150,2101000
20221104,09:26:40,41454.55,125,2101000
20221104,09:26:42,41457.50,150,2101000
20221104,09:26:43,41451.85,75,2101000
20221104,09:26:45,41450.00,75,2101000
20221104,09:26:47,41449.80,450,2101000
20221104,09:26:48,41450.15,350,2101000
20221104,09:26:50,41450.35,100,2101000
20221104,09:26:52,41450.50,300,2101000
20221104,09:26:53,41441.15,125,2101000
20221104,09:26:55,41445.40,225,2101000
20221104,09:26:57,41444.45,175,2101000
20221104,09:26:58,41455.00,350,2101000
20221104,09:27:00,41451.45,275,2101000
20221104,09:27:02,41450.10,225,2101000
20221104,09:27:03,41450.10,100,2101000
20221104,09:27:05,41459.25,550,2101000
20221104,09:27:07,41465.00,525,2101000
20221104,09:27:08,41459.25,225,2101000
20221104,09:27:10,41464.90,1025,2101000
20221104,09:27:12,41475.00,125,2101000
20221104,09:27:13,41479.70,350,2101000
20221104,09:27:15,41474.40,225,2101000
20221104,09:27:16,41476.05,325,2101000
20221104,09:27:18,41475.10,100,2101000
20221104,09:27:20,41474.95,150,2101000
20221104,09:27:21,41483.65,225,2101000
20221104,09:27:23,41482.15,100,2101000
20221104,09:27:25,41475.10,225,2101000
20221104,09:27:26,41482.15,175,2101000
20221104,09:27:28,41484.00,150,2101000
20221104,09:27:29,41484.20,75,2101000
20221104,09:27:31,41470.00,200,2101000
20221104,09:27:33,41470.05,375,2101000
20221104,09:27:34,41469.90,525,2101000
20221104,09:27:36,41463.80,350,2101000
20221104,09:27:38,41455.50,175,2101000
20221104,09:27:39,41461.55,375,2101000
20221104,09:27:41,41458.20,150,2101000
20221104,09:27:43,41462.45,75,2101000
20221104,09:27:44,41461.55,50,2101000
20221104,09:27:46,41456.35,50,2101000
20221104,09:27:47,41459.85,75,2101000
20221104,09:27:49,41469.50,50,2101000
20221104,09:27:51,41471.90,375,2101000
20221104,09:27:52,41479.00,925,2101000
20221104,09:27:54,41479.10,425,2101000
20221104,09:27:56,41474.30,125,2101000
20221104,09:27:57,41483.10,425,2101000
20221104,09:27:59,41477.35,75,2101000
20221104,09:28:01,41480.55,125,2101000
20221104,09:28:02,41470.90,250,2101000
20221104,09:28:04,41476.35,1550,2101000
20221104,09:28:05,41479.00,750,2101000
20221104,09:28:07,41475.15,100,2101000
20221104,09:28:09,41473.75,100,2101000
20221104,09:28:10,41475.30,50,2101000
20221104,09:28:12,41475.65,325,2101000
20221104,09:28:14,41478.95,100,2101000
20221104,09:28:15,41478.95,125,2101000
20221104,09:28:17,41475.70,75,2101000
20221104,09:28:19,41479.95,350,2101000
20221104,09:28:20,41485.00,1025,2101000
20221104,09:28:22,41492.65,1325,2101000
20221104,09:28:24,41495.00,250,2101000
20221104,09:28:25,41496.35,1575,2101000
20221104,09:28:27,41494.00,275,2101000
20221104,09:28:29,41495.90,25,2101000
20221104,09:28:30,41498.25,25,2101000
20221104,09:28:32,41492.20,250,2101000
20221104,09:28:34,41496.25,1150,2101000
20221104,09:28:35,41488.75,400,2101000
20221104,09:28:37,41493.45,225,2101000
20221104,09:28:39,41496.80,200,2101000
20221104,09:28:40,41504.80,775,2101000
20221104,09:28:42,41494.50,75,2101000
20221104,09:28:44,41494.15,225,2101000
20221104,09:28:45,41491.55,100,2101000
20221104,09:28:47,41503.40,550,2101000
20221104,09:28:49,41501.45,375,2101000
20221104,09:28:50,41499.50,475,2101000
20221104,09:28:52,41504.20,525,2101000
20221104,09:28:54,41511.50,275,2101000
20221104,09:28:55,41512.00,1075,2101000
20221104,09:28:57,41520.00,1575,2101000
20221104,09:28:59,41514.45,225,2101000
20221104,09:29:00,41521.45,1025,2101000
20221104,09:29:02,41517.30,600,2101000
20221104,09:29:04,41512.50,350,2101000
20221104,09:29:05,41515.65,450,2101000
20221104,09:29:07,41521.15,125,2101000
20221104,09:29:09,41516.95,800,2101000
20221104,09:29:10,41528.15,1925,2101000
20221104,09:29:12,41528.00,750,2101000
20221104,09:29:14,41534.90,1200,2101000
20221104,09:29:15,41534.65,700,2101000
20221104,09:29:17,41540.50,1075,2108100
20221104,09:29:19,41537.30,150,2108100
20221104,09:29:20,41540.00,725,2108100
20221104,09:29:22,41537.05,1225,2108100
20221104,09:29:23,41539.90,350,2108100
20221104,09:29:25,41540.45,500,2108100
20221104,09:29:27,41544.20,300,2108100
20221104,09:29:28,41539.95,225,2108100
20221104,09:29:30,41547.10,2350,2108100
20221104,09:29:32,41574.90,5100,2108100
20221104,09:29:33,41574.75,800,2108100
20221104,09:29:35,41567.70,300,2108100
20221104,09:29:37,41573.85,2000,2108100
20221104,09:29:38,41580.00,1800,2108100
20221104,09:29:40,41592.35,6425,2108100
20221104,09:29:42,41592.35,925,2108100
20221104,09:29:43,41592.20,1975,2108100
20221104,09:29:45,41578.80,350,2108100
20221104,09:29:47,41582.10,550,2108100
20221104,09:29:48,41588.55,1225,2108100
20221104,09:29:50,41578.00,2125,2108100
20221104,09:29:51,41572.70,975,2108100
20221104,09:29:53,41571.15,525,2108100
20221104,09:29:55,41577.55,700,2108100
20221104,09:29:57,41582.80,925,2108100
20221104,09:29:58,41582.00,525,2108100
20221104,09:30:00,41595.00,2300,2108100
20221104,09:30:02,41595.00,1475,2108100
20221104,09:30:03,41600.00,4475,2108100
20221104,09:30:05,41600.00,2225,2108100
20221104,09:30:07,41601.00,3150,2108100
20221104,09:30:08,41614.95,5425,2108100
20221104,09:30:10,41600.00,1100,2108100
20221104,09:30:12,41607.45,7875,2108100
20221104,09:30:13,41600.00,1000,2108100
20221104,09:30:15,41611.35,1450,2108100
20221104,09:30:17,41616.25,1725,2108100
20221104,09:30:18,41617.00,1425,2108100
20221104,09:30:20,41619.70,4850,2108100
20221104,09:30:22,41627.20,5150,2108100
20221104,09:30:23,41630.00,1300,2108100
20221104,09:30:25,41630.00,925,2108100
20221104,09:30:26,41616.90,1350,2108100
20221104,09:30:28,41622.15,2475,2108100
20221104,09:30:30,41616.30,850,2108100
20221104,09:30:31,41613.20,1475,2108100
20221104,09:30:33,41610.00,300,2108100
20221104,09:30:35,41610.00,575,2108100
20221104,09:30:36,41607.00,725,2108100
20221104,09:30:38,41602.05,100,2108100
20221104,09:30:40,41606.05,2400,2108100
20221104,09:30:41,41597.15,650,2108100
20221104,09:30:43,41602.70,800,2108100
20221104,09:30:45,41610.00,350,2108100
20221104,09:30:46,41613.20,400,2108100
20221104,09:30:48,41611.95,300,2108100
20221104,09:30:49,41612.70,300,2108100
20221104,09:30:51,41606.00,350,2108100
20221104,09:30:53,41605.85,900,2108100
20221104,09:30:54,41610.00,175,2108100
20221104,09:30:56,41608.00,150,2108100
20221104,09:30:58,41607.40,400,2108100
20221104,09:30:59,41608.55,700,2108100
20221104,09:31:01,41601.60,225,2108100
20221104,09:31:03,41608.00,350,2108100
20221104,09:31:04,41613.00,400,2108100
20221104,09:31:06,41615.60,225,2108100
20221104,09:31:07,41615.15,575,2108100
20221104,09:31:09,41610.00,225,2108100
20221104,09:31:11,41612.95,2150,2108100
20221104,09:31:12,41601.95,1550,2108100
20221104,09:31:14,41607.05,275,2108100
20221104,09:31:15,41611.55,2300,2108100
20221104,09:31:17,41616.85,350,2108100
20221104,09:31:19,41619.50,200,2108100
20221104,09:31:20,41625.00,800,2108100
20221104,09:31:22,41625.10,1725,2108100
20221104,09:31:24,41627.05,950,2108100
20221104,09:31:25,41626.50,1400,2108100
20221104,09:31:27,41628.00,675,2108100
20221104,09:31:29,41625.00,1400,2108100
20221104,09:31:30,41629.00,625,2108100
20221104,09:31:32,41628.00,400,2108100
20221104,09:31:34,41627.80,1275,2108100
20221104,09:31:35,41632.20,875,2108100
20221104,09:31:37,41635.00,1325,2108100
20221104,09:31:39,41646.80,13200,2108100
20221104,09:31:40,41624.35,800,2108100
20221104,09:31:42,41620.00,425,2108100
20221104,09:31:44,41615.30,325,2108100
20221104,09:31:45,41615.35,150,2108100
20221104,09:31:47,41615.00,250,2108100
20221104,09:31:49,41612.95,325,2108100
20221104,09:31:50,41608.00,700,2108100
20221104,09:31:52,41601.00,425,2108100
20221104,09:31:54,41596.30,825,2108100
20221104,09:31:55,41600.00,400,2108100
20221104,09:31:57,41599.90,700,2108100
20221104,09:31:59,41603.10,550,2108100
20221104,09:32:00,41600.00,575,2108100
20221104,09:32:02,41593.00,275,2108100
20221104,09:32:04,41591.45,1050,2108100
20221104,09:32:06,41585.00,325,2108100
20221104,09:32:07,41582.00,525,2108100
20221104,09:32:09,41570.05,1400,2108100
20221104,09:32:11,41580.15,475,2108100
20221104,09:32:12,41580.75,2100,2108100
20221104,09:32:14,41571.00,325,2108100
20221104,09:32:16,41571.00,550,2108100
20221104,09:32:17,41571.00,1100,2108100
20221104,09:32:19,41565.80,350,2123850
20221104,09:32:21,41571.80,325,2123850
20221104,09:32:22,41577.05,650,2123850
20221104,09:32:24,41573.65,150,2123850
20221104,09:32:26,41568.00,150,2123850
20221104,09:32:27,41561.75,375,2123850
20221104,09:32:29,41562.00,500,2123850
20221104,09:32:31,41560.00,500,2123850
20221104,09:32:32,41550.00,525,2123850
20221104,09:32:34,41554.05,650,2123850
20221104,09:32:36,41547.05,500,2123850
20221104,09:32:37,41540.00,300,2123850
20221104,09:32:39,41545.00,450,2123850
20221104,09:32:41,41539.45,375,2123850
20221104,09:32:42,41541.65,425,2123850
20221104,09:32:44,41540.00,375,2123850
20221104,09:32:46,41557.25,1350,2123850
20221104,09:32:47,41548.30,375,2123850
20221104,09:32:49,41552.60,400,2123850
20221104,09:32:51,41559.60,425,2123850
20221104,09:32:52,41556.50,100,2123850
20221104,09:32:54,41561.15,150,2123850
20221104,09:32:56,41564.20,100,2123850
20221104,09:32:57,41557.70,3200,2123850
20221104,09:32:59,41555.45,275,2123850
20221104,09:33:01,41556.00,300,2123850
20221104,09:33:02,41553.35,200,2123850
20221104,09:33:04,41550.95,250,2123850
20221104,09:33:06,41548.70,200,2123850
20221104,09:33:07,41555.45,875,2123850
20221104,09:33:09,41560.00,275,2123850
20221104,09:33:11,41557.45,175,2123850
20221104,09:33:12,41562.30,125,2123850
20221104,09:33:14,41569.00,325,2123850
20221104,09:33:15,41570.00,250,2123850
20221104,09:33:17,41572.00,275,2123850
20221104,09:33:19,41577.95,250,2123850
20221104,09:33:20,41573.05,75,2123850
20221104,09:33:22,41565.05,875,2123850
20221104,09:33:24,41559.60,325,2123850
20221104,09:33:25,41555.45,425,2123850
20221104,09:33:27,41558.20,850,2123850
20221104,09:33:29,41554.65,225,2123850
20221104,09:33:30,41550.00,275,2123850
20221104,09:33:32,41551.00,200,2123850
20221104,09:33:34,41550.00,375,2123850
20221104,09:33:35,41551.15,1100,2123850
20221104,09:33:37,41553.65,150,2123850
20221104,09:33:39,41558.85,350,2123850
20221104,09:33:40,41555.30,250,2123850
20221104,09:33:42,41553.70,250,2123850
20221104,09:33:44,41550.00,75,2123850
20221104,09:33:45,41559.55,375,2123850
20221104,09:33:47,41550.00,525,2123850
20221104,09:33:49,41550.00,525,2123850
20221104,09:33:50,41561.50,150,2123850
20221104,09:33:52,41556.55,250,2123850
20221104,09:33:54,41552.10,125,2123850
20221104,09:33:55,41550.00,125,2123850
20221104,09:33:57,41552.30,475,2123850
20221104,09:33:59,41552.90,100,2123850
20221104,09:34:00,41559.90,125,2123850
20221104,09:34:02,41555.75,575,2123850
20221104,09:34:04,41566.70,375,2123850
20221104,09:34:05,41566.90,375,2123850
20221104,09:34:07,41563.20,150,2123850
20221104,09:34:09,41557.85,100,2123850
20221104,09:34:10,41557.85,75,2123850
20221104,09:34:12,41555.10,75,2123850
20221104,09:34:14,41560.00,250,2123850
20221104,09:34:15,41559.35,800,2123850
20221104,09:34:17,41555.35,200,2123850
20221104,09:34:19,41561.95,50,2123850
20221104,09:34:20,41559.15,325,2123850
20221104,09:34:22,41561.15,575,2123850
20221104,09:34:24,41559.85,425,2123850
20221104,09:34:25,41556.10,125,2123850
20221104,09:34:27,41550.00,1125,2123850
20221104,09:34:29,41552.70,250,2123850
20221104,09:34:30,41555.05,50,2123850
20221104,09:34:32,41557.70,25,2123850
20221104,09:34:34,41547.40,300,2123850
20221104,09:34:35,41550.35,125,2123850
20221104,09:34:37,41550.00,325,2123850
20221104,09:34:39,41548.65,50,2123850
20221104,09:34:40,41545.45,100,2123850
20221104,09:34:42,41535.00,1175,2123850
20221104,09:34:44,41533.00,750,2123850
20221104,09:34:45,41541.15,125,2123850
20221104,09:34:47,41533.00,225,2123850
20221104,09:34:49,41522.95,1200,2123850
20221104,09:34:50,41528.05,525,2123850
20221104,09:34:52,41532.45,75,2123850
20221104,09:34:54,41535.70,200,2123850
20221104,09:34:55,41540.15,400,2123850
20221104,09:34:57,41534.75,125,2123850
20221104,09:34:59,41537.05,250,2123850
20221104,09:35:00,41536.15,75,2123850
20221104,09:35:02,41533.00,150,2123850
20221104,09:35:04,41530.20,250,2123850
20221104,09:35:05,41535.65,575,2123850
20221104,09:35:07,41531.00,175,2123850
20221104,09:35:09,41530.00,500,2123850
20221104,09:35:10,41524.95,375,2123850
20221104,09:35:12,41523.00,350,2123850
20221104,09:35:14,41530.00,150,2123850
20221104,09:35:15,41526.70,100,2123850
20221104,09:35:17,41530.00,325,2131575
20221104,09:35:19,41530.00,150,2131575
20221104,09:35:20,41536.10,225,2131575
20221104,09:35:22,41535.65,400,2131575
20221104,09:35:24,41536.10,300,2131575
20221104,09:35:25,41536.80,150,2131575
20221104,09:35:27,41540.60,50,2131575
20221104,09:35:29,41540.00,125,2131575
20221104,09:35:30,41537.30,225,2131575
20221104,09:35:32,41530.00,150,2131575
20221104,09:35:34,41532.05,225,2131575
20221104,09:35:35,41532.25,125,2131575
20221104,09:35:37,41526.00,225,2131575
20221104,09:35:39,41527.85,50,2131575
20221104,09:35:40,41520.00,1125,2131575
20221104,09:35:42,41513.00,275,2131575
20221104,09:35:43,41506.00,1325,2131575
20221104,09:35:45,41503.00,500,2131575
20221104,09:35:47,41489.55,5825,2131575
20221104,09:35:48,41490.95,1200,2131575
20221104,09:35:50,41496.30,150,2131575
20221104,09:35:52,41498.70,200,2131575
20221104,09:35:53,41493.40,675,2131575
20221104,09:35:55,41499.70,400,2131575
20221104,09:35:57,41500.00,225,2131575
20221104,09:35:58,41500.00,800,2131575
20221104,09:36:00,41495.50,225,2131575
20221104,09:36:01,41491.00,275,2131575
20221104,09:36:03,41491.40,175,2131575
20221104,09:36:05,41501.10,1850,2131575
20221104,09:36:06,41497.65,1325,2131575
20221104,09:36:08,41491.70,1325,2131575
20221104,09:36:10,41490.05,2600,2131575
20221104,09:36:11,41489.00,475,2131575
20221104,09:36:13,41489.00,475,2131575
20221104,09:36:15,41496.75,175,2131575
20221104,09:36:16,41489.00,225,2131575
20221104,09:36:18,41490.00,25,2131575
20221104,09:36:19,41483.50,1950,2131575
20221104,09:36:21,41481.70,825,2131575
20221104,09:36:23,41482.20,350,2131575
20221104,09:36:25,41484.25,875,2131575
20221104,09:36:26,41486.90,725,2131575
20221104,09:36:28,41489.20,250,2131575
20221104,09:36:30,41488.95,175,2131575
20221104,09:36:31,41491.60,225,2131575
20221104,09:36:33,41495.00,225,2131575
20221104,09:36:35,41495.00,100,2131575
20221104,09:36:36,41509.00,1675,2131575
20221104,09:36:38,41501.45,125,2131575
20221104,09:36:40,41500.00,150,2131575
20221104,09:36:41,41502.95,550,2131575
20221104,09:36:43,41499.35,75,2131575
20221104,09:36:44,41497.00,25,2131575
20221104,09:36:46,41494.95,225,2131575
20221104,09:36:48,41490.00,75,2131575
20221104,09:36:49,41494.95,375,2131575
20221104,09:36:51,41494.95,600,2131575
20221104,09:36:53,41500.00,525,2131575
20221104,09:36:54,41500.00,25,2131575
20221104,09:36:56,41500.00,125,2131575
20221104,09:36:58,41496.30,125,2131575
20221104,09:36:59,41491.75,200,2131575
20221104,09:37:01,41489.55,1175,2131575
20221104,09:37:03,41489.50,625,2131575
20221104,09:37:04,41490.00,1250,2131575
20221104,09:37:06,41498.65,500,2131575
20221104,09:37:08,41498.70,125,2131575
20221104,09:37:09,41491.45,175,2131575
20221104,09:37:11,41497.80,125,2131575
20221104,09:37:13,41493.00,150,2131575
20221104,09:37:14,41491.45,100,2131575
20221104,09:37:16,41485.55,100,2131575
20221104,09:37:18,41487.00,725,2131575
20221104,09:37:19,41482.00,1200,2131575
20221104,09:37:21,41482.10,1250,2131575
20221104,09:37:23,41490.00,300,2131575
20221104,09:37:24,41481.00,200,2131575
20221104,09:37:26,41480.00,500,2131575
20221104,09:37:28,41482.00,150,2131575
20221104,09:37:29,41480.00,200,2131575
20221104,09:37:31,41481.25,25,2131575
20221104,09:37:33,41478.05,200,2131575
20221104,09:37:34,41479.85,175,2131575
20221104,09:37:36,41488.40,1450,2131575
20221104,09:37:38,41488.80,250,2131575
20221104,09:37:39,41482.00,25,2131575
20221104,09:37:41,41485.95,50,2131575
20221104,09:37:43,41479.85,150,2131575
20221104,09:37:44,41480.00,325,2131575
20221104,09:37:46,41479.80,25,2131575
20221104,09:37:47,41471.00,375,2131575
20221104,09:37:49,41471.20,350,2131575
20221104,09:37:51,41476.40,525,2131575
20221104,09:37:52,41478.05,650,2131575
20221104,09:37:54,41476.95,100,2131575
20221104,09:37:56,41476.40,175,2131575
20221104,09:37:57,41480.00,225,2131575
20221104,09:37:59,41480.00,100,2131575
20221104,09:38:00,41476.25,600,2131575
20221104,09:38:02,41471.00,300,2131575
20221104,09:38:04,41470.00,1275,2131575
20221104,09:38:05,41467.00,350,2131575
20221104,09:38:07,41467.00,400,2131575
20221104,09:38:09,41467.00,175,2131575
20221104,09:38:10,41466.60,100,2131575
20221104,09:38:12,41465.00,175,2131575
20221104,09:38:14,41466.80,175,2131575
20221104,09:38:15,41468.55,150,2131575
20221104,09:38:17,41465.15,200,2131575
20221104,09:38:19,41451.85,16425,2131750
20221104,09:38:20,41448.20,350,2131750
20221104,09:38:22,41440.05,250,2131750
20221104,09:38:24,41440.00,475,2131750
20221104,09:38:25,41440.95,425,2131750
20221104,09:38:27,41447.25,425,2131750
20221104,09:38:28,41450.00,200,2131750
20221104,09:38:30,41447.55,275,2131750
20221104,09:38:32,41448.75,200,2131750
20221104,09:38:33,41450.20,75,2131750
20221104,09:38:35,41440.95,200,2131750
20221104,09:38:37,41440.10,1950,2131750
20221104,09:38:38,41450.00,825,2131750
20221104,09:38:40,41443.15,250,2131750
20221104,09:38:42,41443.35,350,2131750
20221104,09:38:43,41448.75,150,2131750
20221104,09:38:45,41448.55,150,2131750
20221104,09:38:47,41453.20,775,2131750
20221104,09:38:48,41460.25,75,2131750
20221104,09:38:50,41455.35,50,2131750
20221104,09:38:52,41460.50,1075,2131750
20221104,09:38:53,41456.95,125,2131750
20221104,09:38:57,41456.85,225,2131750
20221104,09:38:58,41453.20,175,2131750
20221104,09:39:00,41452.15,175,2131750
20221104,09:39:02,41440.95,1550,2131750
20221104,09:39:03,41443.80,500,2131750
20221104,09:39:05,41440.70,875,2131750
20221104,09:39:07,41444.85,850,2131750
20221104,09:39:08,41444.35,1350,2131750
20221104,09:39:10,41440.00,400,2131750
20221104,09:39:12,41442.25,225,2131750
20221104,09:39:13,41430.20,2200,2131750
20221104,09:39:15,41431.40,1650,2131750
20221104,09:39:17,41421.00,1650,2131750
20221104,09:39:18,41421.05,2525,2131750
20221104,09:39:20,41423.35,1400,2131750
20221104,09:39:22,41418.75,875,2131750
20221104,09:39:23,41420.00,275,2131750
20221104,09:39:25,41415.00,1300,2131750
20221104,09:39:26,41415.00,1325,2131750
20221104,09:39:28,41414.95,525,2131750
20221104,09:39:30,41411.10,625,2131750
20221104,09:39:31,41414.90,675,2131750
20221104,09:39:33,41414.65,1575,2131750
20221104,09:39:35,41417.35,375,2131750
20221104,09:39:36,41421.50,150,2131750
20221104,09:39:38,41420.30,400,2131750
20221104,09:39:40,41425.00,225,2131750
20221104,09:39:41,41430.95,275,2131750
20221104,09:39:43,41426.40,475,2131750
20221104,09:39:45,41442.20,1050,2131750
20221104,09:39:46,41434.90,300,2131750
20221104,09:39:48,41437.85,150,2131750
20221104,09:39:50,41430.00,175,2131750
20221104,09:39:51,41431.00,425,2131750
20221104,09:39:53,41431.00,325,2131750
20221104,09:39:55,41432.75,100,2131750
20221104,09:39:56,41429.45,75,2131750
20221104,09:39:58,41436.40,575,2131750
20221104,09:40:00,41427.50,450,2131750
20221104,09:40:01,41427.45,475,2131750
20221104,09:40:03,41433.35,1075,2131750
20221104,09:40:05,41443.05,525,2131750
20221104,09:40:06,41443.45,150,2131750
20221104,09:40:08,41439.15,225,2131750
20221104,09:40:10,41445.00,150,2131750
20221104,09:40:11,41449.00,50,2131750
20221104,09:40:13,41458.95,475,2131750
20221104,09:40:15,41450.00,600,2131750
20221104,09:40:16,41453.30,150,2131750
20221104,09:40:18,41451.30,275,2131750
20221104,09:40:20,41445.00,225,2131750
20221104,09:40:21,41449.20,400,2131750
20221104,09:40:23,41442.65,300,2131750
20221104,09:40:25,41435.00,1000,2131750
20221104,09:40:26,41436.95,250,2131750
20221104,09:40:28,41437.80,575,2131750
20221104,09:40:30,41433.90,325,2131750
20221104,09:40:33,41443.60,525,2131750
20221104,09:40:35,41444.10,325,2131750
20221104,09:40:36,41452.15,325,2131750
20221104,09:40:38,41448.35,200,2131750
20221104,09:40:40,41449.50,275,2131750
20221104,09:40:41,41448.55,75,2131750
20221104,09:40:43,41454.50,100,2131750
20221104,09:40:45,41450.25,175,2131750
20221104,09:40:47,41457.75,225,2131750
20221104,09:40:48,41453.10,125,2131750
20221104,09:40:50,41452.00,325,2131750
20221104,09:40:52,41448.00,325,2131750
20221104,09:40:53,41457.05,400,2131750
20221104,09:40:55,41455.20,425,2131750
20221104,09:40:57,41450.00,50,2131750
20221104,09:40:58,41449.60,325,2131750
20221104,09:41:00,41446.95,325,2131750
20221104,09:41:02,41440.00,200,2131750
20221104,09:41:03,41440.00,75,2131750
20221104,09:41:07,41445.00,275,2131750
20221104,09:41:08,41453.75,225,2131750
20221104,09:41:10,41449.55,200,2131750
20221104,09:41:12,41451.20,75,2131750
20221104,09:41:13,41458.00,175,2131750
20221104,09:41:15,41462.00,250,2131750
20221104,09:41:17,41460.10,375,2131750
20221104,09:41:18,41452.65,675,2125050
20221104,09:41:20,41457.20,225,2125050
20221104,09:41:22,41460.45,150,2125050
20221104,09:41:23,41461.60,150,2125050
20221104,09:41:25,41458.15,425,2125050
20221104,09:41:27,41450.00,400,2125050
20221104,09:41:28,41451.60,1175,2125050
20221104,09:41:30,41451.95,75,2125050
20221104,09:41:32,41454.15,75,2125050
20221104,09:41:33,41457.85,1075,2125050
20221104,09:41:35,41451.60,200,2125050
20221104,09:41:37,41450.00,175,2125050
20221104,09:41:38,41445.00,50,2125050
20221104,09:41:40,41440.00,450,2125050
20221104,09:41:42,41435.00,150,2125050
20221104,09:41:43,41438.70,100,2125050
20221104,09:41:45,41435.00,225,2125050
20221104,09:41:47,41432.50,225,2125050
20221104,09:41:48,41429.50,225,2125050
20221104,09:41:50,41426.00,225,2125050
20221104,09:41:52,41423.25,650,2125050
20221104,09:41:53,41417.35,800,2125050
20221104,09:41:55,41423.95,500,2125050
20221104,09:41:57,41421.05,475,2125050
20221104,09:41:58,41422.85,225,2125050
20221104,09:42:00,41420.30,1175,2125050
20221104,09:42:02,41421.45,125,2125050
20221104,09:42:03,41425.65,325,2125050
20221104,09:42:05,41425.75,100,2125050
20221104,09:42:07,41427.70,50,2125050
20221104,09:42:08,41433.00,350,2125050
20221104,09:42:10,41433.50,125,2125050
20221104,09:42:12,41424.55,100,2125050
20221104,09:42:13,41426.95,25,2125050
20221104,09:42:15,41430.85,575,2125050
20221104,09:42:17,41435.00,125,2125050
20221104,09:42:18,41440.00,150,2125050
20221104,09:42:20,41438.10,125,2125050
20221104,09:42:22,41432.45,600,2125050
20221104,09:42:23,41432.15,150,2125050
20221104,09:42:25,41431.55,125,2125050
20221104,09:42:27,41432.45,125,2125050
20221104,09:42:28,41433.25,75,2125050
20221104,09:42:30,41430.00,75,2125050
20221104,09:42:32,41436.65,25,2125050
20221104,09:42:33,41436.20,125,2125050
20221104,09:42:37,41437.00,75,2125050
20221104,09:42:38,41430.00,175,2125050
20221104,09:42:40,41437.25,75,2125050
20221104,09:42:42,41437.00,375,2125050
20221104,09:42:43,41437.00,25,2125050
20221104,09:42:45,41436.95,100,2125050
20221104,09:42:47,41430.00,175,2125050
20221104,09:42:48,41429.95,125,2125050
20221104,09:42:50,41437.00,50,2125050
20221104,09:42:53,41431.45,175,2125050
20221104,09:42:55,41431.45,150,2125050
20221104,09:42:57,41432.95,75,2125050
20221104,09:42:58,41426.00,100,2125050
20221104,09:43:00,41426.00,25,2125050
20221104,09:43:02,41430.90,200,2125050
20221104,09:43:03,41430.90,175,2125050
20221104,09:43:05,41430.85,100,2125050
20221104,09:43:07,41437.00,200,2125050
20221104,09:43:08,41439.00,25,2125050
20221104,09:43:10,41433.50,250,2125050
20221104,09:43:12,41440.00,25,2125050
20221104,09:43:13,41439.95,225,2125050
20221104,09:43:15,41434.40,575,2125050
20221104,09:43:17,41436.25,200,2125050
20221104,09:43:18,41436.80,50,2125050
20221104,09:43:20,41437.70,50,2125050
20221104,09:43:22,41437.30,150,2125050
20221104,09:43:23,41439.00,225,2125050
20221104,09:43:25,41431.00,25,2125050
20221104,09:43:26,41433.35,425,2125050
20221104,09:43:28,41430.00,100,2125050
20221104,09:43:30,41429.95,225,2125050
20221104,09:43:31,41424.95,925,2125050
20221104,09:43:33,41422.55,50,2125050
20221104,09:43:35,41423.60,450,2125050
20221104,09:43:36,41421.00,775,2125050
20221104,09:43:38,41420.00,675,2125050
20221104,09:43:39,41420.00,850,2125050
20221104,09:43:41,41417.00,800,2125050
20221104,09:43:43,41412.90,550,2125050
20221104,09:43:44,41419.55,350,2125050
20221104,09:43:46,41415.00,150,2125050
20221104,09:43:48,41411.00,250,2125050
20221104,09:43:49,41390.00,19575,2125050
20221104,09:43:51,41395.70,575,2125050
20221104,09:43:52,41390.95,1025,2125050
20221104,09:43:54,41382.30,1650,2125050
20221104,09:43:56,41382.15,250,2125050
20221104,09:43:57,41394.50,2475,2125050
20221104,09:43:59,41390.00,775,2125050
20221104,09:44:01,41391.65,650,2125050
20221104,09:44:02,41387.50,275,2125050
20221104,09:44:04,41381.10,1750,2125050
20221104,09:44:05,41389.15,1075,2125050
20221104,09:44:07,41389.00,1450,2125050
20221104,09:44:09,41388.50,1275,2125050
20221104,09:44:10,41395.00,425,2125050
20221104,09:44:12,41396.60,925,2125050
20221104,09:44:13,41387.80,1225,2125050
20221104,09:44:15,41389.70,300,2125050
20221104,09:44:17,41385.00,350,2125050
20221104,09:44:18,41377.15,3925,2125050
20221104,09:44:20,41380.00,725,2127525
20221104,09:44:22,41382.70,1325,2127525
20221104,09:44:23,41380.25,450,2127525
20221104,09:44:25,41375.15,1475,2127525
20221104,09:44:27,41382.05,375,2127525
20221104,09:44:28,41380.30,250,2127525
20221104,09:44:30,41380.85,325,2127525
20221104,09:44:32,41389.10,400,2127525
20221104,09:44:33,41382.35,225,2127525
20221104,09:44:35,41383.30,350,2127525
20221104,09:44:37,41387.20,175,2127525
20221104,09:44:38,41396.20,475,2127525
20221104,09:44:40,41403.85,800,2127525
20221104,09:44:42,41413.80,650,2127525
20221104,09:44:43,41403.70,1300,2127525
20221104,09:44:45,41407.85,425,2127525
20221104,09:44:47,41406.05,375,2127525
20221104,09:44:48,41409.85,25,2127525
20221104,09:44:50,41394.30,7475,2127525
20221104,09:44:52,41398.65,125,2127525
20221104,09:44:53,41411.85,375,2127525
20221104,09:44:55,41412.55,425,2127525
20221104,09:44:57,41412.55,2350,2127525
20221104,09:44:58,41404.60,525,2127525
20221104,09:45:00,41404.05,2575,2127525
20221104,09:45:02,41392.95,2150,2127525
20221104,09:45:03,41392.35,675,2127525
20221104,09:45:05,41398.30,3675,2127525
20221104,09:45:07,41397.00,1350,2127525
20221104,09:45:08,41393.70,525,2127525
20221104,09:45:10,41403.75,2225,2127525
20221104,09:45:12,41401.30,750,2127525
20221104,09:45:13,41390.45,425,2127525
20221104,09:45:15,41390.45,725,2127525
20221104,09:45:17,41388.30,225,2127525
20221104,09:45:18,41387.50,350,2127525
20221104,09:45:20,41385.00,525,2127525
20221104,09:45:22,41380.35,275,2127525
20221104,09:45:23,41373.20,2550,2127525
20221104,09:45:25,41371.70,625,2127525
20221104,09:45:27,41378.70,375,2127525
20221104,09:45:28,41370.00,1200,2127525
20221104,09:45:30,41378.30,550,2127525
20221104,09:45:32,41384.25,1425,2127525
20221104,09:45:33,41380.45,175,2127525
20221104,09:45:35,41391.15,1550,2127525
20221104,09:45:37,41397.15,100,2127525
20221104,09:45:38,41397.65,250,2127525
20221104,09:45:40,41400.00,350,2127525
20221104,09:45:42,41401.05,500,2127525
20221104,09:45:43,41419.00,1075,2127525
20221104,09:45:45,41411.50,400,2127525
20221104,09:45:47,41413.55,225,2127525
20221104,09:45:48,41409.80,400,2127525
20221104,09:45:50,41412.90,475,2127525
20221104,09:45:52,41418.50,375,2127525
20221104,09:45:53,41415.10,175,2127525
20221104,09:45:55,41419.00,275,2127525
20221104,09:45:57,41420.25,350,2127525
20221104,09:45:58,41428.35,400,2127525
20221104,09:46:00,41428.20,750,2127525
20221104,09:46:02,41423.25,325,2127525
20221104,09:46:03,41433.85,475,2127525
20221104,09:46:05,41429.00,1025,2127525
20221104,09:46:07,41440.60,325,2127525
20221104,09:46:08,41440.15,275,2127525
20221104,09:46:10,41443.00,325,2127525
20221104,09:46:12,41440.30,500,2127525
20221104,09:46:13,41438.95,400,2127525
20221104,09:46:15,41443.00,50,2127525
20221104,09:46:17,41443.00,75,2127525
20221104,09:46:18,41445.00,150,2127525
20221104,09:46:20,41440.00,225,2127525
20221104,09:46:22,41440.00,325,2127525
20221104,09:46:23,41440.00,50,2127525
20221104,09:46:25,41442.55,200,2127525
20221104,09:46:27,41437.15,275,2127525
20221104,09:46:28,41426.60,1150,2127525
20221104,09:46:30,41427.50,275,2127525
20221104,09:46:32,41435.65,150,2127525
20221104,09:46:33,41430.90,100,2127525
20221104,09:46:35,41430.90,125,2127525
20221104,09:46:37,41430.00,50,2127525
20221104,09:46:38,41428.10,50,2127525
20221104,09:46:40,41415.10,375,2127525
20221104,09:46:42,41410.05,275,2127525
20221104,09:46:43,41416.00,150,2127525
20221104,09:46:45,41415.85,525,2127525
20221104,09:46:47,41420.95,350,2127525
20221104,09:46:48,41414.50,50,2127525
20221104,09:46:50,41416.40,100,2127525
20221104,09:46:52,41418.35,100,2127525
20221104,09:46:53,41420.35,25,2127525
20221104,09:46:55,41423.85,75,2127525
20221104,09:46:57,41423.85,300,2127525
20221104,09:46:58,41428.00,25,2127525
20221104,09:47:00,41421.50,50,2127525
20221104,09:47:02,41429.60,500,2127525
20221104,09:47:03,41434.65,25,2127525
20221104,09:47:05,41428.00,325,2127525
20221104,09:47:07,41420.90,175,2127525
20221104,09:47:08,41425.25,25,2127525
20221104,09:47:10,41418.05,1225,2127525
20221104,09:47:12,41420.60,200,2127525
20221104,09:47:13,41412.65,675,2127525
20221104,09:47:15,41403.00,375,2127525
20221104,09:47:17,41400.00,500,2127525
20221104,09:47:18,41394.80,275,2127525
20221104,09:47:20,41395.25,350,2111300
20221104,09:47:22,41400.80,500,2111300
20221104,09:47:23,41400.00,225,2111300
20221104,09:47:25,41403.60,425,2111300
20221104,09:47:27,41399.50,325,2111300
20221104,09:47:28,41393.20,700,2111300
20221104,09:47:30,41392.95,125,2111300
20221104,09:47:32,41385.70,1225,2111300
20221104,09:47:33,41382.00,300,2111300
20221104,09:47:35,41378.05,1025,2111300
20221104,09:47:37,41379.00,700,2111300
20221104,09:47:38,41362.00,9125,2111300
20221104,09:47:40,41371.05,475,2111300
20221104,09:47:41,41369.95,500,2111300
20221104,09:47:43,41368.95,875,2111300
20221104,09:47:45,41362.00,300,2111300
20221104,09:47:46,41361.00,825,2111300
20221104,09:47:48,41371.00,325,2111300
20221104,09:47:50,41369.70,425,2111300
20221104,09:47:51,41383.70,1400,2111300
20221104,09:47:53,41375.75,275,2111300
20221104,09:47:55,41378.40,250,2111300
20221104,09:47:56,41375.80,475,2111300
20221104,09:47:58,41373.95,600,2111300
20221104,09:48:00,41379.85,125,2111300
20221104,09:48:01,41375.20,175,2111300
20221104,09:48:03,41374.80,225,2111300
20221104,09:48:05,41379.60,75,2111300
20221104,09:48:06,41378.95,200,2111300
20221104,09:48:08,41374.85,300,2111300
20221104,09:48:10,41374.90,100,2111300
20221104,09:48:11,41376.35,375,2111300
20221104,09:48:13,41379.75,200,2111300
20221104,09:48:15,41370.00,400,2111300
20221104,09:48:16,41370.00,175,2111300
20221104,09:48:18,41372.90,325,2111300
20221104,09:48:19,41375.40,625,2111300
20221104,09:48:21,41369.40,425,2111300
20221104,09:48:23,41366.90,350,2111300
20221104,09:48:24,41367.70,100,2111300
20221104,09:48:26,41370.80,550,2111300
20221104,09:48:28,41373.95,850,2111300
20221104,09:48:29,41370.00,125,2111300
20221104,09:48:31,41370.65,200,2111300
20221104,09:48:33,41365.20,200,2111300
20221104,09:48:34,41369.60,200,2111300
20221104,09:48:36,41370.00,325,2111300
20221104,09:48:38,41371.85,800,2111300
20221104,09:48:39,41368.70,475,2111300
20221104,09:48:41,41373.65,1250,2111300
20221104,09:48:43,41366.75,1075,2111300
20221104,09:48:44,41377.00,350,2111300
20221104,09:48:46,41365.00,1250,2111300
20221104,09:48:48,41358.00,9800,2111300
20221104,09:48:49,41357.25,375,2111300
20221104,09:48:51,41356.00,1150,2111300
20221104,09:48:53,41355.00,625,2111300
20221104,09:48:54,41358.00,300,2111300
20221104,09:48:56,41355.00,1000,2111300
20221104,09:48:58,41358.85,450,2111300
20221104,09:48:59,41355.00,375,2111300
20221104,09:49:01,41359.00,300,2111300
20221104,09:49:03,41352.00,1050,2111300
20221104,09:49:04,41351.00,875,2111300
20221104,09:49:06,41351.00,375,2111300
20221104,09:49:08,41359.60,2825,2111300
20221104,09:49:09,41358.90,1100,2111300
20221104,09:49:11,41362.10,850,2111300
20221104,09:49:13,41362.20,150,2111300
20221104,09:49:14,41358.05,175,2111300
20221104,09:49:16,41362.50,375,2111300
20221104,09:49:18,41362.00,450,2111300
20221104,09:49:19,41363.00,225,2111300
20221104,09:49:21,41361.90,275,2111300
20221104,09:49:23,41362.50,575,2111300
20221104,09:49:24,41363.25,175,2111300
20221104,09:49:26,41355.50,250,2111300
20221104,09:49:28,41355.30,475,2111300
20221104,09:49:30,41355.00,200,2111300
20221104,09:49:31,41373.50,1850,2111300
20221104,09:49:33,41369.10,450,2111300
20221104,09:49:35,41371.90,625,2111300
20221104,09:49:36,41370.45,400,2111300
20221104,09:49:38,41377.25,150,2111300
20221104,09:49:40,41373.15,175,2111300
20221104,09:49:41,41378.80,275,2111300
20221104,09:49:43,41372.60,175,2111300
20221104,09:49:45,41376.70,25,2111300
20221104,09:49:46,41383.35,1500,2111300
20221104,09:49:48,41394.00,650,2111300
20221104,09:49:50,41396.95,625,2111300
20221104,09:49:51,41390.20,400,2111300
20221104,09:49:53,41385.95,300,2111300
20221104,09:49:55,41384.20,150,2111300
20221104,09:49:56,41384.00,75,2111300
20221104,09:49:58,41384.35,50,2111300
20221104,09:50:00,41382.15,400,2111300
20221104,09:50:01,41382.65,200,2111300
20221104,09:50:03,41384.00,150,2111300
20221104,09:50:05,41382.65,175,2111300
20221104,09:50:06,41386.10,625,2111300
20221104,09:50:08,41390.00,600,2111300
20221104,09:50:10,41386.10,275,2111300
20221104,09:50:11,41398.30,600,2111300
20221104,09:50:13,41390.80,425,2111300
20221104,09:50:15,41376.45,5425,2111300
20221104,09:50:16,41381.70,125,2111300
20221104,09:50:18,41380.75,375,2111300
20221104,09:50:20,41386.35,75,2111300
20221104,09:50:21,41386.25,75,2101875
20221104,09:50:23,41385.70,400,2101875
20221104,09:50:25,41379.80,225,2101875
20221104,09:50:26,41379.75,25,2101875
20221104,09:50:28,41379.20,325,2101875
20221104,09:50:30,41380.00,125,2101875
20221104,09:50:31,41378.40,125,2101875
20221104,09:50:33,41375.00,225,2101875
20221104,09:50:35,41374.95,275,2101875
20221104,09:50:36,41371.90,375,2101875
20221104,09:50:38,41370.00,100,2101875
20221104,09:50:40,41372.75,375,2101875
20221104,09:50:41,41375.00,1025,2101875
20221104,09:50:43,41375.00,950,2101875
20221104,09:50:45,41374.15,250,2101875
20221104,09:50:46,41370.00,125,2101875
20221104,09:50:48,41370.45,100,2101875
20221104,09:50:50,41374.75,325,2101875
20221104,09:50:51,41375.00,75,2101875
20221104,09:50:53,41375.00,75,2101875
20221104,09:50:55,41375.00,75,2101875
20221104,09:50:56,41373.85,175,2101875
20221104,09:50:58,41378.80,150,2101875
20221104,09:50:59,41375.50,300,2101875
20221104,09:51:01,41379.30,75,2101875
20221104,09:51:03,41375.15,75,2101875
20221104,09:51:04,41373.30,50,2101875
20221104,09:51:06,41373.55,125,2101875
20221104,09:51:08,41377.00,50,2101875
20221104,09:51:09,41371.30,175,2101875
20221104,09:51:11,41371.55,75,2101875
20221104,09:51:12,41373.05,550,2101875
20221104,09:51:14,41377.95,175,2101875
20221104,09:51:16,41380.00,350,2101875
20221104,09:51:17,41380.90,200,2101875
20221104,09:51:19,41387.65,950,2101875
20221104,09:51:21,41397.85,225,2101875
20221104,09:51:22,41397.60,100,2101875
20221104,09:51:24,41399.00,400,2101875
20221104,09:51:26,41407.00,1475,2101875
20221104,09:51:27,41405.00,250,2101875
20221104,09:51:29,41412.15,675,2101875
20221104,09:51:30,41411.70,150,2101875
20221104,09:51:32,41412.20,225,2101875
20221104,09:51:34,41403.85,200,2101875
20221104,09:51:35,41404.00,175,2101875
20221104,09:51:37,41405.00,75,2101875
20221104,09:51:39,41408.05,175,2101875
20221104,09:51:40,41403.80,25,2101875
20221104,09:51:42,41402.55,425,2101875
20221104,09:51:44,41402.00,25,2101875
20221104,09:51:45,41389.55,1225,2101875
20221104,09:51:47,41385.75,125,2101875
20221104,09:51:49,41394.30,75,2101875
20221104,09:51:50,41394.30,25,2101875
20221104,09:51:52,41391.05,100,2101875
20221104,09:51:53,41385.55,1475,2101875
20221104,09:51:55,41380.10,200,2101875
20221104,09:51:57,41375.00,1200,2101875
20221104,09:51:58,41377.25,550,2101875
20221104,09:52:00,41375.55,300,2101875
20221104,09:52:02,41382.70,250,2101875
20221104,09:52:03,41377.35,175,2101875
20221104,09:52:05,41378.55,50,2101875
20221104,09:52:07,41377.55,75,2101875
20221104,09:52:10,41379.15,50,2101875
20221104,09:52:11,41375.40,550,2101875
20221104,09:52:13,41375.00,200,2101875
20221104,09:52:15,41375.00,150,2101875
20221104,09:52:16,41379.15,2300,2101875
20221104,09:52:18,41379.15,825,2101875
20221104,09:52:20,41375.00,75,2101875
20221104,09:52:21,41379.10,25,2101875
20221104,09:52:23,41379.15,50,2101875
20221104,09:52:26,41378.95,350,2101875
20221104,09:52:28,41373.70,75,2101875
20221104,09:52:30,41373.00,175,2101875
20221104,09:52:31,41374.80,900,2101875
20221104,09:52:33,41370.00,150,2101875
20221104,09:52:35,41370.00,150,2101875
20221104,09:52:36,41375.00,25,2101875
20221104,09:52:38,41377.00,25,2101875
20221104,09:52:40,41373.00,75,2101875
20221104,09:52:41,41370.00,1125,2101875
20221104,09:52:43,41365.00,225,2101875
20221104,09:52:45,41360.00,400,2101875
20221104,09:52:46,41360.00,350,2101875
20221104,09:52:48,41363.00,25,2101875
20221104,09:52:50,41364.15,425,2101875
20221104,09:52:51,41370.35,175,2101875
20221104,09:52:53,41368.05,300,2101875
20221104,09:52:55,41364.05,75,2101875
20221104,09:52:56,41370.00,200,2101875
20221104,09:52:58,41372.20,150,2101875
20221104,09:53:00,41375.00,525,2101875
20221104,09:53:01,41377.00,50,2101875
20221104,09:53:03,41381.05,175,2101875
20221104,09:53:05,41395.85,225,2101875
20221104,09:53:06,41394.05,150,2101875
20221104,09:53:08,41392.25,25,2101875
20221104,09:53:11,41381.95,125,2101875
20221104,09:53:13,41379.20,75,2101875
20221104,09:53:15,41386.45,250,2101875
20221104,09:53:16,41387.35,125,2101875
20221104,09:53:18,41390.00,350,2101875
20221104,09:53:20,41380.85,1275,2101875
20221104,09:53:21,41381.00,250,2109125
20221104,09:53:23,41382.05,575,2109125
20221104,09:53:25,41384.75,50,2109125
20221104,09:53:26,41381.00,25,2109125
20221104,09:53:28,41390.00,125,2109125
20221104,09:53:30,41393.00,325,2109125
20221104,09:53:31,41392.65,150,2109125
20221104,09:53:33,41383.45,50,2109125
20221104,09:53:35,41384.80,200,2109125
20221104,09:53:36,41385.50,75,2109125
20221104,09:53:38,41385.55,125,2109125
20221104,09:53:40,41394.30,700,2109125
20221104,09:53:41,41397.00,675,2109125
20221104,09:53:43,41400.05,150,2109125
20221104,09:53:45,41397.00,100,2109125
20221104,09:53:46,41399.80,25,2109125
20221104,09:53:48,41395.90,150,2109125
20221104,09:53:50,41396.65,100,2109125
20221104,09:53:51,41404.90,250,2109125
20221104,09:53:53,41407.65,175,2109125
20221104,09:53:55,41405.95,175,2109125
20221104,09:53:56,41401.00,75,2109125
20221104,09:53:58,41400.00,175,2109125
20221104,09:54:00,41397.75,100,2109125
20221104,09:54:01,41404.90,625,2109125
20221104,09:54:03,41390.00,1400,2109125
20221104,09:54:05,41386.50,300,2109125
20221104,09:54:06,41388.00,125,2109125
20221104,09:54:08,41384.05,75,2109125
20221104,09:54:10,41389.25,75,2109125
20221104,09:54:11,41389.20,25,2109125
20221104,09:54:13,41388.30,675,2109125
20221104,09:54:15,41388.40,175,2109125
20221104,09:54:16,41393.90,250,2109125
20221104,09:54:18,41390.30,100,2109125
20221104,09:54:20,41388.40,25,2109125
20221104,09:54:21,41388.45,475,2109125
20221104,09:54:23,41385.25,75,2109125
20221104,09:54:24,41386.00,1325,2109125
20221104,09:54:26,41380.05,250,2109125
20221104,09:54:28,41380.00,300,2109125
20221104,09:54:29,41381.85,550,2109125
20221104,09:54:31,41377.70,425,2109125
20221104,09:54:33,41375.60,300,2109125
20221104,09:54:34,41376.00,125,2109125
20221104,09:54:36,41379.20,500,2109125
20221104,09:54:38,41379.65,150,2109125
20221104,09:54:41,41381.10,150,2109125
20221104,09:54:43,41380.05,125,2109125
20221104,09:54:44,41379.65,475,2109125
20221104,09:54:46,41376.00,225,2109125
20221104,09:54:48,41378.70,425,2109125
20221104,09:54:49,41375.55,75,2109125
20221104,09:54:51,41375.55,150,2109125
20221104,09:54:53,41375.55,100,2109125
20221104,09:54:54,41378.50,350,2109125
20221104,09:54:56,41382.45,400,2109125
20221104,09:54:58,41376.80,150,2109125
20221104,09:54:59,41375.55,325,2109125
20221104,09:55:01,41375.15,425,2109125
20221104,09:55:03,41370.00,275,2109125
20221104,09:55:04,41374.30,225,2109125
20221104,09:55:06,41367.90,175,2109125
20221104,09:55:08,41367.00,125,2109125
20221104,09:55:09,41368.45,125,2109125
20221104,09:55:11,41368.20,125,2109125
20221104,09:55:13,41370.50,200,2109125
20221104,09:55:14,41369.20,50,2109125
20221104,09:55:16,41366.65,325,2109125
20221104,09:55:18,41365.65,25,2109125
20221104,09:55:19,41364.15,50,2109125
20221104,09:55:21,41370.45,25,2109125
20221104,09:55:23,41365.00,75,2109125
20221104,09:55:24,41361.10,125,2109125
20221104,09:55:26,41364.15,50,2109125
20221104,09:55:28,41365.00,350,2109125
20221104,09:55:29,41366.45,200,2109125
20221104,09:55:31,41369.55,225,2109125
20221104,09:55:33,41365.60,1025,2109125
20221104,09:55:34,41364.15,50,2109125
20221104,09:55:36,41363.65,150,2109125
20221104,09:55:38,41363.85,775,2109125
20221104,09:55:39,41365.50,175,2109125
20221104,09:55:41,41363.05,100,2109125
20221104,09:55:43,41363.95,400,2109125
20221104,09:55:44,41362.90,200,2109125
20221104,09:55:46,41362.60,125,2109125
20221104,09:55:47,41362.50,200,2109125
20221104,09:55:49,41361.00,125,2109125
20221104,09:55:51,41360.00,1050,2109125
20221104,09:55:52,41359.45,700,2109125
20221104,09:55:54,41357.35,300,2109125
20221104,09:55:56,41358.45,100,2109125
20221104,09:55:57,41355.90,350,2109125
20221104,09:55:59,41355.50,50,2109125
20221104,09:56:01,41355.00,100,2109125
20221104,09:56:03,41358.20,50,2109125
20221104,09:56:04,41355.90,125,2109125
20221104,09:56:06,41356.45,550,2109125
20221104,09:56:07,41356.35,350,2109125
20221104,09:56:09,41359.80,175,2109125
20221104,09:56:11,41358.00,75,2109125
20221104,09:56:12,41359.90,100,2109125
20221104,09:56:14,41359.90,50,2109125
20221104,09:56:16,41361.95,450,2109125
20221104,09:56:17,41364.80,150,2109125
20221104,09:56:19,41364.80,150,2109125
20221104,09:56:21,41363.50,25,2109125
20221104,09:56:22,41368.95,600,2112350
20221104,09:56:24,41363.05,50,2112350
20221104,09:56:26,41363.00,75,2112350
20221104,09:56:27,41363.50,25,2112350
20221104,09:56:29,41367.95,375,2112350
20221104,09:56:31,41367.95,25,2112350
20221104,09:56:32,41363.40,450,2112350
20221104,09:56:34,41367.05,125,2112350
20221104,09:56:36,41362.00,75,2112350
20221104,09:56:37,41358.65,175,2112350
20221104,09:56:39,41361.70,50,2112350
20221104,09:56:41,41360.75,50,2112350
20221104,09:56:42,41356.30,125,2112350
20221104,09:56:44,41359.80,25,2112350
20221104,09:56:46,41359.75,75,2112350
20221104,09:56:47,41360.65,425,2112350
20221104,09:56:49,41357.95,150,2112350
20221104,09:56:51,41359.75,125,2112350
20221104,09:56:52,41355.40,225,2112350
20221104,09:56:54,41352.50,725,2112350
20221104,09:56:56,41351.00,1025,2112350
20221104,09:56:57,41353.40,275,2112350
20221104,09:56:59,41344.05,6100,2112350
20221104,09:57:01,41340.00,1575,2112350
20221104,09:57:02,41331.25,1850,2112350
20221104,09:57:04,41330.20,1625,2112350
20221104,09:57:06,41330.00,2225,2112350
20221104,09:57:07,41321.60,1525,2112350
20221104,09:57:09,41324.05,1425,2112350
20221104,09:57:11,41324.85,3925,2112350
20221104,09:57:12,41325.55,1850,2112350
20221104,09:57:14,41321.60,800,2112350
20221104,09:57:16,41315.20,2875,2112350
20221104,09:57:17,41319.80,1025,2112350
20221104,09:57:19,41324.00,625,2112350
20221104,09:57:21,41323.55,775,2112350
20221104,09:57:22,41326.60,725,2112350
20221104,09:57:24,41334.35,675,2112350
20221104,09:57:26,41335.90,125,2112350
20221104,09:57:27,41337.80,675,2112350
20221104,09:57:29,41347.00,225,2112350
20221104,09:57:31,41342.05,875,2112350
20221104,09:57:32,41340.00,150,2112350
20221104,09:57:34,41340.00,250,2112350
20221104,09:57:36,41340.00,400,2112350
20221104,09:57:37,41340.00,700,2112350
20221104,09:57:39,41342.00,150,2112350
20221104,09:57:41,41345.00,225,2112350
20221104,09:57:42,41340.05,25,2112350
20221104,09:57:44,41341.85,200,2112350
20221104,09:57:46,41345.00,300,2112350
20221104,09:57:47,41345.00,250,2112350
20221104,09:57:49,41357.75,1400,2112350
20221104,09:57:51,41360.00,675,2112350
20221104,09:57:52,41352.10,75,2112350
20221104,09:57:54,41359.65,150,2112350
20221104,09:57:56,41363.20,300,2112350
20221104,09:57:57,41364.40,200,2112350
20221104,09:57:59,41366.55,275,2112350
20221104,09:58:01,41363.10,125,2112350
20221104,09:58:02,41358.95,475,2112350
20221104,09:58:04,41362.40,125,2112350
20221104,09:58:06,41360.00,75,2112350
20221104,09:58:07,41359.60,375,2112350
20221104,09:58:09,41359.40,100,2112350
20221104,09:58:11,41355.50,75,2112350
20221104,09:58:12,41361.00,250,2112350
20221104,09:58:14,41362.60,50,2112350
20221104,09:58:16,41363.20,100,2112350
20221104,09:58:17,41361.45,225,2112350
20221104,09:58:19,41356.75,125,2112350
20221104,09:58:21,41364.80,250,2112350
20221104,09:58:22,41367.35,75,2112350
20221104,09:58:24,41370.00,250,2112350
20221104,09:58:26,41368.70,250,2112350
20221104,09:58:27,41370.00,125,2112350
20221104,09:58:29,41370.20,125,2112350
20221104,09:58:31,41369.80,125,2112350
20221104,09:58:32,41380.00,800,2112350
20221104,09:58:34,41383.00,925,2112350
20221104,09:58:36,41383.00,725,2112350
20221104,09:58:37,41390.00,725,2112350
20221104,09:58:39,41388.00,250,2112350
20221104,09:58:41,41388.00,650,2112350
20221104,09:58:42,41387.25,175,2112350
20221104,09:58:44,41393.65,275,2112350
20221104,09:58:46,41392.40,1225,2112350
20221104,09:58:47,41383.30,2300,2112350
20221104,09:58:49,41383.65,175,2112350
20221104,09:58:51,41383.50,450,2112350
20221104,09:58:52,41375.45,75,2112350
20221104,09:58:54,41380.90,25,2112350
20221104,09:58:56,41376.35,925,2112350
20221104,09:58:57,41370.20,100,2112350
20221104,09:58:59,41374.80,75,2112350
20221104,09:59:01,41370.00,75,2112350
20221104,09:59:02,41366.10,875,2112350
20221104,09:59:04,41369.15,1175,2112350
20221104,09:59:06,41365.00,175,2112350
20221104,09:59:07,41369.50,300,2112350
20221104,09:59:09,41363.70,225,2112350
20221104,09:59:11,41364.75,675,2112350
20221104,09:59:12,41363.45,1000,2112350
20221104,09:59:14,41363.40,175,2112350
20221104,09:59:15,41363.80,200,2112350
20221104,09:59:17,41361.20,775,2112350
20221104,09:59:19,41360.00,125,2112350
20221104,09:59:20,41358.00,150,2112350
20221104,09:59:22,41356.45,275,2116575
20221104,09:59:24,41355.80,25,2116575
20221104,09:59:25,41352.50,50,2116575
20221104,09:59:27,41350.00,375,2116575
20221104,09:59:29,41354.75,250,2116575
20221104,09:59:30,41354.80,125,2116575
20221104,09:59:32,41358.30,75,2116575
20221104,09:59:34,41359.80,250,2116575
20221104,09:59:35,41354.80,150,2116575
20221104,09:59:37,41352.75,625,2116575
20221104,09:59:40,41348.00,550,2116575
20221104,09:59:42,41347.00,150,2116575
20221104,09:59:43,41352.00,125,2116575
20221104,09:59:45,41351.45,250,2116575
20221104,09:59:47,41348.40,150,2116575
20221104,09:59:48,41354.75,50,2116575
20221104,09:59:50,41351.60,300,2116575
20221104,09:59:52,41354.20,375,2116575
20221104,09:59:53,41344.05,325,2116575
20221104,09:59:55,41350.90,175,2116575
20221104,09:59:57,41344.90,400,2116575
20221104,09:59:58,41351.60,450,2116575
20221104,10:00:00,41348.75,225,2116575
20221104,10:00:02,41346.75,1600,2116575
20221104,10:00:03,41343.50,3400,2116575
20221104,10:00:05,41340.00,2775,2116575
20221104,10:00:07,41336.45,975,2116575
20221104,10:00:08,41333.10,750,2116575
20221104,10:00:10,41331.90,700,2116575
20221104,10:00:12,41331.80,800,2116575
20221104,10:00:13,41330.95,1300,2116575
20221104,10:00:15,41335.45,1025,2116575
20221104,10:00:17,41339.40,950,2116575
20221104,10:00:18,41341.40,200,2116575
20221104,10:00:20,41344.80,250,2116575
20221104,10:00:21,41336.45,325,2116575
20221104,10:00:23,41344.80,600,2116575
20221104,10:00:25,41338.70,275,2116575
20221104,10:00:27,41339.05,375,2116575
20221104,10:00:28,41345.25,175,2116575
20221104,10:00:30,41345.30,50,2116575
20221104,10:00:31,41340.55,225,2116575
20221104,10:00:33,41337.20,125,2116575
20221104,10:00:35,41336.45,250,2116575
20221104,10:00:36,41335.00,250,2116575
20221104,10:00:38,41335.70,650,2116575
20221104,10:00:40,41335.00,100,2116575
20221104,10:00:43,41334.15,1000,2116575
20221104,10:00:45,41337.35,325,2116575
20221104,10:00:46,41338.00,400,2116575
20221104,10:00:48,41340.15,250,2116575
20221104,10:00:50,41339.80,100,2116575
20221104,10:00:51,41337.45,250,2116575
20221104,10:00:53,41340.85,375,2116575
20221104,10:00:54,41337.45,225,2116575
20221104,10:00:58,41335.20,200,2116575
20221104,10:00:59,41337.85,200,2116575
20221104,10:01:01,41336.25,125,2116575
20221104,10:01:03,41340.00,400,2116575
20221104,10:01:04,41338.25,1025,2116575
20221104,10:01:06,41342.40,225,2116575
20221104,10:01:07,41342.15,250,2116575
20221104,10:01:09,41348.15,1350,2116575
20221104,10:01:11,41350.00,300,2116575
20221104,10:01:12,41350.00,250,2116575
20221104,10:01:14,41344.60,775,2116575
20221104,10:01:16,41348.40,125,2116575
20221104,10:01:17,41343.85,100,2116575
20221104,10:01:19,41340.00,50,2116575
20221104,10:01:21,41340.00,150,2116575
20221104,10:01:22,41335.70,800,2116575
20221104,10:01:24,41340.80,575,2116575
20221104,10:01:25,41337.00,200,2116575
20221104,10:01:27,41339.80,125,2116575
20221104,10:01:29,41340.75,125,2116575
20221104,10:01:30,41336.60,225,2116575
20221104,10:01:32,41336.00,150,2116575
20221104,10:01:34,41339.45,100,2116575
20221104,10:01:35,41339.55,50,2116575
20221104,10:01:37,41343.80,325,2116575
20221104,10:01:39,41338.65,350,2116575
20221104,10:01:42,41340.55,450,2116575
20221104,10:01:44,41340.00,50,2116575
20221104,10:01:45,41348.00,400,2116575
20221104,10:01:47,41348.00,100,2116575
20221104,10:01:50,41344.80,100,2116575
20221104,10:01:52,41344.80,75,2116575
20221104,10:01:53,41340.25,25,2116575
20221104,10:01:55,41341.10,225,2116575
20221104,10:01:57,41344.80,200,2116575
20221104,10:01:58,41341.10,150,2116575
20221104,10:02:00,41343.65,525,2116575
20221104,10:02:02,41340.00,50,2116575
20221104,10:02:03,41343.70,50,2116575
20221104,10:02:07,41341.95,575,2116575
20221104,10:02:08,41343.95,75,2116575
20221104,10:02:10,41348.00,150,2116575
20221104,10:02:12,41343.50,25,2116575
20221104,10:02:13,41347.20,125,2116575
20221104,10:02:17,41346.00,325,2116575
20221104,10:02:18,41342.50,450,2116575
20221104,10:02:20,41350.00,300,2116575
20221104,10:02:22,41350.25,25,2116575
20221104,10:02:23,41353.75,425,2118550
20221104,10:02:25,41354.80,25,2118550
20221104,10:02:26,41356.15,250,2118550
20221104,10:02:28,41353.90,100,2118550
20221104,10:02:30,41357.90,25,2118550
20221104,10:02:31,41355.50,775,2118550
20221104,10:02:33,41354.05,125,2118550
20221104,10:02:35,41351.75,25,2118550
20221104,10:02:37,41352.60,25,2118550
20221104,10:02:38,41351.05,600,2118550
20221104,10:02:40,41345.50,400,2118550
20221104,10:02:42,41344.05,50,2118550
20221104,10:02:45,41345.50,50,2118550
20221104,10:02:46,41343.90,175,2118550
20221104,10:02:48,41344.80,50,2118550
20221104,10:02:49,41343.00,50,2118550
20221104,10:02:51,41343.70,625,2118550
20221104,10:02:53,41343.35,25,2118550
20221104,10:02:56,41340.55,925,2118550
20221104,10:02:57,41339.80,100,2118550
20221104,10:02:59,41341.45,275,2118550
20221104,10:03:01,41336.00,175,2118550
20221104,10:03:02,41337.00,150,2118550
20221104,10:03:04,41335.90,350,2118550
20221104,10:03:06,41337.45,175,2118550
20221104,10:03:07,41336.20,25,2118550
20221104,10:03:11,41339.50,125,2118550
20221104,10:03:12,41336.20,75,2118550
20221104,10:03:14,41339.10,75,2118550
20221104,10:03:16,41339.10,50,2118550
20221104,10:03:17,41336.20,75,2118550
20221104,10:03:19,41339.00,150,2118550
20221104,10:03:20,41350.00,500,2118550
20221104,10:03:24,41349.50,25,2118550
20221104,10:03:27,41350.00,175,2118550
20221104,10:03:29,41350.00,300,2118550
20221104,10:03:30,41353.00,25,2118550
20221104,10:03:32,41352.00,500,2118550
20221104,10:03:34,41353.75,1075,2118550
20221104,10:03:35,41350.05,550,2118550
20221104,10:03:37,41350.80,150,2118550
20221104,10:03:39,41345.15,25,2118550
20221104,10:03:40,41350.05,150,2118550
20221104,10:03:42,41351.80,125,2118550
20221104,10:03:44,41350.95,150,2118550
20221104,10:03:45,41350.05,175,2118550
20221104,10:03:47,41350.85,50,2118550
20221104,10:03:49,41357.00,375,2118550
20221104,10:03:50,41357.00,150,2118550
20221104,10:03:52,41358.00,75,2118550
20221104,10:03:54,41355.40,100,2118550
20221104,10:03:55,41359.65,150,2118550
20221104,10:03:57,41359.75,25,2118550
20221104,10:03:59,41359.55,75,2118550
20221104,10:04:00,41365.55,375,2118550
20221104,10:04:02,41362.05,200,2118550
20221104,10:04:04,41370.70,725,2118550
20221104,10:04:05,41366.55,150,2118550
20221104,10:04:07,41370.80,400,2118550
20221104,10:04:09,41364.15,50,2118550
20221104,10:04:10,41365.40,25,2118550
20221104,10:04:14,41363.20,150,2118550
20221104,10:04:15,41362.30,50,2118550
20221104,10:04:17,41362.30,25,2118550
20221104,10:04:18,41363.95,100,2118550
20221104,10:04:20,41360.00,500,2118550
20221104,10:04:22,41361.40,450,2118550
20221104,10:04:23,41360.35,925,2118550
20221104,10:04:25,41363.85,300,2118550
20221104,10:04:28,41359.95,300,2118550
20221104,10:04:32,41363.45,75,2118550
20221104,10:04:35,41363.05,175,2118550
20221104,10:04:37,41366.95,100,2118550
20221104,10:04:38,41360.00,25,2118550
20221104,10:04:40,41360.10,200,2118550
20221104,10:04:42,41362.40,25,2118550
20221104,10:04:43,41360.35,50,2118550
20221104,10:04:45,41369.00,275,2118550
20221104,10:04:48,41363.75,25,2118550
20221104,10:04:50,41370.00,50,2118550
20221104,10:04:52,41367.90,50,2118550
20221104,10:04:53,41362.75,25,2118550
20221104,10:04:55,41363.45,50,2118550
20221104,10:04:57,41365.60,50,2118550
20221104,10:04:58,41361.05,75,2118550
20221104,10:05:00,41361.00,75,2118550
20221104,10:05:02,41361.05,225,2118550
20221104,10:05:03,41363.15,200,2118550
20221104,10:05:05,41368.10,50,2118550
20221104,10:05:07,41367.80,125,2118550
20221104,10:05:08,41364.75,75,2118550
20221104,10:05:10,41366.20,75,2118550
20221104,10:05:12,41363.85,250,2118550
20221104,10:05:13,41361.95,250,2118550
20221104,10:05:15,41361.00,25,2118550
20221104,10:05:17,41363.15,225,2118550
20221104,10:05:20,41362.05,75,2118550
20221104,10:05:21,41366.60,350,2118550
20221104,10:05:25,41363.55,275,2120000
20221104,10:05:26,41358.55,550,2120000
20221104,10:05:28,41355.00,175,2120000
20221104,10:05:30,41355.60,275,2120000
20221104,10:05:31,41355.00,50,2120000
20221104,10:05:33,41355.55,125,2120000
20221104,10:05:35,41350.00,1050,2120000
20221104,10:05:36,41350.00,25,2120000
20221104,10:05:38,41350.10,25,2120000
20221104,10:05:40,41350.10,450,2120000
20221104,10:05:43,41351.15,125,2120000
20221104,10:05:45,41352.70,200,2120000
20221104,10:05:46,41355.20,250,2120000
20221104,10:05:48,41361.15,50,2120000
20221104,10:05:50,41365.00,25,2120000
20221104,10:05:51,41368.00,225,2120000
20221104,10:05:53,41376.80,725,2120000
20221104,10:05:55,41376.65,125,2120000
20221104,10:05:56,41381.00,175,2120000
20221104,10:05:58,41379.00,425,2120000
20221104,10:06:00,41379.00,175,2120000
20221104,10:06:01,41378.95,425,2120000
20221104,10:06:03,41375.60,200,2120000
20221104,10:06:05,41374.15,950,2120000
20221104,10:06:06,41373.45,25,2120000
20221104,10:06:08,41369.70,500,2120000
20221104,10:06:10,41378.85,1325,2120000
20221104,10:06:11,41371.85,50,2120000
20221104,10:06:13,41375.00,100,2120000
20221104,10:06:15,41373.15,50,2120000
20221104,10:06:16,41371.15,75,2120000
20221104,10:06:18,41373.20,150,2120000
20221104,10:06:19,41371.85,275,2120000
20221104,10:06:21,41368.70,350,2120000
20221104,10:06:23,41365.05,50,2120000
20221104,10:06:26,41383.00,275,2120000
20221104,10:06:28,41383.70,175,2120000
20221104,10:06:31,41382.15,25,2120000
20221104,10:06:33,41379.50,50,2120000
20221104,10:06:34,41392.00,1050,2120000
20221104,10:06:36,41390.80,325,2120000
20221104,10:06:38,41389.90,425,2120000
20221104,10:06:39,41391.25,475,2120000
20221104,10:06:41,41385.00,125,2120000
20221104,10:06:43,41380.40,200,2120000
20221104,10:06:46,41375.00,250,2120000
20221104,10:06:48,41375.55,125,2120000
20221104,10:06:51,41375.55,75,2120000
20221104,10:06:53,41370.00,100,2120000
20221104,10:06:54,41371.15,50,2120000
20221104,10:06:56,41372.70,300,2120000
20221104,10:06:58,41370.00,75,2120000
20221104,10:07:00,41365.50,750,2120000
20221104,10:07:01,41361.20,50,2120000
20221104,10:07:03,41361.35,150,2120000
20221104,10:07:06,41361.35,25,2120000
20221104,10:07:08,41360.00,225,2120000
20221104,10:07:10,41361.15,25,2120000
20221104,10:07:11,41364.40,825,2120000
20221104,10:07:13,41363.45,50,2120000
20221104,10:07:15,41365.00,25,2120000
20221104,10:07:16,41365.00,800,2120000
20221104,10:07:18,41371.70,25,2120000
20221104,10:07:20,41371.05,25,2120000
20221104,10:07:21,41371.15,25,2120000
20221104,10:07:23,41368.70,725,2120000
20221104,10:07:25,41365.00,125,2120000
20221104,10:07:28,41365.00,50,2120000
20221104,10:07:30,41367.00,325,2120000
20221104,10:07:31,41367.00,125,2120000
20221104,10:07:33,41367.15,525,2120000
20221104,10:07:35,41369.80,25,2120000
20221104,10:07:36,41366.60,675,2120000
20221104,10:07:38,41367.80,75,2120000
20221104,10:07:39,41365.75,75,2120000
20221104,10:07:43,41370.70,50,2120000
20221104,10:07:46,41365.00,175,2120000
20221104,10:07:48,41365.45,25,2120000
20221104,10:07:49,41369.10,150,2120000
20221104,10:07:51,41368.65,25,2120000
20221104,10:07:53,41365.45,75,2120000
20221104,10:07:54,41367.05,50,2120000
20221104,10:07:56,41361.30,825,2120000
20221104,10:07:58,41365.00,75,2120000
20221104,10:07:59,41365.00,850,2120000
20221104,10:08:01,41365.85,100,2120000
20221104,10:08:03,41361.10,275,2120000
20221104,10:08:04,41366.05,50,2120000
20221104,10:08:06,41364.50,50,2120000
20221104,10:08:08,41365.50,175,2120000
20221104,10:08:09,41364.25,25,2120000
20221104,10:08:11,41360.55,75,2120000
20221104,10:08:13,41360.15,200,2120000
20221104,10:08:16,41362.35,1175,2120000
20221104,10:08:21,41362.15,25,2120000
20221104,10:08:22,41367.05,25,2120000
20221104,10:08:24,41367.90,75,2123525
20221104,10:08:26,41377.35,200,2123525
20221104,10:08:27,41379.00,25,2123525
20221104,10:08:29,41378.95,75,2123525
20221104,10:08:31,41377.65,225,2123525
20221104,10:08:32,41377.10,50,2123525
20221104,10:08:34,41379.95,25,2123525
20221104,10:08:39,41380.00,100,2123525
20221104,10:08:41,41375.85,100,2123525
20221104,10:08:42,41373.15,250,2123525
20221104,10:08:44,41380.70,1025,2123525
20221104,10:08:46,41378.75,150,2123525
20221104,10:08:47,41373.00,25,2123525
20221104,10:08:49,41375.20,150,2123525
20221104,10:08:50,41378.00,25,2123525
20221104,10:08:52,41372.15,25,2123525
20221104,10:08:54,41373.90,100,2123525
20221104,10:08:55,41381.15,50,2123525
20221104,10:08:57,41381.45,75,2123525
20221104,10:08:59,41374.50,50,2123525
20221104,10:09:00,41374.50,75,2123525
20221104,10:09:02,41372.00,1225,2123525
20221104,10:09:04,41370.35,550,2123525
20221104,10:09:05,41365.55,1350,2123525
20221104,10:09:07,41360.75,175,2123525
20221104,10:09:09,41365.90,600,2123525
20221104,10:09:11,41367.65,200,2123525
20221104,10:09:12,41368.05,225,2123525
20221104,10:09:14,41372.40,75,2123525
20221104,10:09:16,41368.25,450,2123525
20221104,10:09:17,41364.10,150,2123525
20221104,10:09:19,41360.00,600,2123525
20221104,10:09:21,41355.25,525,2123525
20221104,10:09:22,41361.05,150,2123525
20221104,10:09:24,41356.90,125,2123525
20221104,10:09:26,41355.35,125,2123525
20221104,10:09:27,41355.15,200,2123525
20221104,10:09:29,41353.20,125,2123525
20221104,10:09:30,41356.35,250,2123525
20221104,10:09:32,41350.00,600,2123525
20221104,10:09:34,41350.00,375,2123525
20221104,10:09:35,41351.50,225,2123525
20221104,10:09:37,41350.95,125,2123525
20221104,10:09:40,41360.90,750,2123525
20221104,10:09:42,41353.10,250,2123525
20221104,10:09:44,41354.45,25,2123525
20221104,10:09:45,41354.60,50,2123525
20221104,10:09:47,41358.20,150,2123525
20221104,10:09:49,41360.45,375,2123525
20221104,10:09:50,41362.75,125,2123525
20221104,10:09:52,41364.90,25,2123525
20221104,10:09:54,41358.65,25,2123525
20221104,10:09:55,41357.55,225,2123525
20221104,10:09:57,41357.30,125,2123525
20221104,10:09:59,41357.15,50,2123525
20221104,10:10:00,41360.00,150,2123525
20221104,10:10:02,41359.30,200,2123525
20221104,10:10:04,41359.90,100,2123525
20221104,10:10:05,41365.05,200,2123525
20221104,10:10:07,41372.10,225,2123525
20221104,10:10:09,41373.35,100,2123525
20221104,10:10:12,41380.00,25,2123525
20221104,10:10:13,41378.90,150,2123525
20221104,10:10:15,41378.90,200,2123525
20221104,10:10:17,41378.90,225,2123525
20221104,10:10:20,41380.00,175,2123525
20221104,10:10:23,41378.90,50,2123525
20221104,10:10:27,41380.00,125,2123525
20221104,10:10:28,41374.75,25,2123525
20221104,10:10:30,41376.95,175,2123525
20221104,10:10:32,41375.65,150,2123525
20221104,10:10:33,41375.75,75,2123525
20221104,10:10:35,41373.00,25,2123525
20221104,10:10:37,41373.55,75,2123525
20221104,10:10:38,41377.90,600,2123525
20221104,10:10:40,41373.75,75,2123525
20221104,10:10:42,41365.50,100,2123525
20221104,10:10:43,41365.35,100,2123525
20221104,10:10:45,41363.35,225,2123525
20221104,10:10:47,41359.30,525,2123525
20221104,10:10:48,41361.15,350,2123525
20221104,10:10:50,41360.95,1375,2123525
20221104,10:10:52,41360.00,75,2123525
20221104,10:10:53,41355.85,175,2123525
20221104,10:10:55,41355.00,250,2123525
20221104,10:10:58,41351.20,75,2123525
20221104,10:11:00,41355.10,25,2123525
20221104,10:11:02,41355.05,200,2123525
20221104,10:11:03,41350.15,125,2123525
20221104,10:11:05,41350.05,100,2123525
20221104,10:11:07,41350.00,275,2123525
20221104,10:11:08,41347.85,300,2123525
20221104,10:11:10,41350.05,300,2123525
20221104,10:11:12,41345.00,525,2123525
20221104,10:11:13,41346.35,150,2123525
20221104,10:11:15,41350.00,450,2123525
20221104,10:11:17,41346.65,125,2123525
20221104,10:11:18,41350.00,75,2123525
20221104,10:11:20,41349.45,350,2123525
20221104,10:11:22,41354.60,75,2123525
20221104,10:11:23,41347.60,175,2129750
20221104,10:11:25,41355.05,400,2129750
20221104,10:11:27,41355.00,25,2129750
20221104,10:11:28,41346.80,25,2129750
20221104,10:11:30,41346.65,125,2129750
20221104,10:11:32,41352.25,50,2129750
20221104,10:11:33,41346.50,25,2129750
20221104,10:11:35,41340.35,1900,2129750
20221104,10:11:37,41340.30,25,2129750
20221104,10:11:38,41345.35,150,2129750
20221104,10:11:40,41340.00,2925,2129750
20221104,10:11:42,41338.85,325,2129750
20221104,10:11:43,41337.80,325,2129750
20221104,10:11:45,41335.95,50,2129750
20221104,10:11:46,41335.40,550,2129750
20221104,10:11:48,41336.10,275,2129750
20221104,10:11:50,41340.00,500,2129750
20221104,10:11:51,41339.10,275,2129750
20221104,10:11:53,41338.95,225,2129750
20221104,10:11:55,41343.15,3975,2129750
20221104,10:11:56,41343.40,200,2129750
20221104,10:11:58,41344.25,25,2129750
20221104,10:12:00,41341.45,50,2129750
20221104,10:12:01,41338.50,125,2129750
20221104,10:12:03,41339.85,100,2129750
20221104,10:12:05,41337.80,100,2129750
20221104,10:12:06,41337.70,25,2129750
20221104,10:12:08,41342.05,25,2129750
20221104,10:12:10,41342.10,200,2129750
20221104,10:12:13,41345.00,50,2129750
20221104,10:12:15,41342.50,75,2129750
20221104,10:12:18,41345.00,50,2129750
20221104,10:12:21,41347.90,50,2129750
20221104,10:12:23,41347.50,300,2129750
20221104,10:12:24,41342.20,50,2129750
20221104,10:12:28,41350.00,25,2129750
20221104,10:12:29,41345.20,50,2129750
20221104,10:12:31,41343.55,25,2129750
20221104,10:12:33,41343.80,1050,2129750
20221104,10:12:34,41343.05,50,2129750
20221104,10:12:36,41344.05,50,2129750
20221104,10:12:39,41342.00,450,2129750
20221104,10:12:42,41342.00,350,2129750
20221104,10:12:44,41344.30,150,2129750
20221104,10:12:45,41349.00,75,2129750
20221104,10:12:47,41350.15,150,2129750
20221104,10:12:50,41342.20,75,2129750
20221104,10:12:52,41342.15,25,2129750
20221104,10:12:55,41342.00,750,2129750
20221104,10:12:57,41327.10,4175,2129750
20221104,10:12:58,41326.00,200,2129750
20221104,10:13:00,41328.65,225,2129750
20221104,10:13:02,41320.40,975,2129750
20221104,10:13:03,41300.30,28325,2129750
20221104,10:13:05,41300.10,2525,2129750
20221104,10:13:07,41300.00,2150,2129750
20221104,10:13:08,41302.85,825,2129750
20221104,10:13:10,41306.35,275,2129750
20221104,10:13:11,41300.00,575,2129750
20221104,10:13:13,41305.05,575,2129750
20221104,10:13:15,41307.20,550,2129750
20221104,10:13:16,41309.10,1850,2129750
20221104,10:13:18,41312.00,10675,2129750
20221104,10:13:20,41316.00,1525,2129750
20221104,10:13:21,41316.10,300,2129750
20221104,10:13:23,41312.00,275,2129750
20221104,10:13:25,41316.10,225,2129750
20221104,10:13:26,41321.80,425,2129750
20221104,10:13:28,41320.00,375,2129750
20221104,10:13:30,41312.70,50,2129750
20221104,10:13:31,41312.25,75,2129750
20221104,10:13:33,41309.35,400,2129750
20221104,10:13:35,41310.05,175,2129750
20221104,10:13:36,41309.90,350,2129750
20221104,10:13:38,41309.80,225,2129750
20221104,10:13:40,41313.95,350,2129750
20221104,10:13:41,41313.90,50,2129750
20221104,10:13:43,41313.35,350,2129750
20221104,10:13:45,41320.00,250,2129750
20221104,10:13:46,41319.30,500,2129750
20221104,10:13:48,41318.15,50,2129750
20221104,10:13:50,41315.00,300,2129750
20221104,10:13:51,41313.90,175,2129750
20221104,10:13:53,41318.45,225,2129750
20221104,10:13:55,41320.00,125,2129750
20221104,10:13:56,41316.55,125,2129750
20221104,10:14:00,41317.15,100,2129750
20221104,10:14:01,41319.85,50,2129750
20221104,10:14:03,41311.00,350,2129750
20221104,10:14:05,41316.40,400,2129750
20221104,10:14:06,41311.00,550,2129750
20221104,10:14:08,41311.00,300,2129750
20221104,10:14:10,41311.00,150,2129750
20221104,10:14:11,41305.40,900,2129750
20221104,10:14:13,41308.25,550,2129750
20221104,10:14:15,41310.55,600,2129750
20221104,10:14:16,41307.70,350,2129750
20221104,10:14:18,41307.90,175,2129750
20221104,10:14:20,41309.30,150,2129750
20221104,10:14:21,41310.05,75,2129750
20221104,10:14:23,41308.65,250,2129750
20221104,10:14:25,41311.00,150,2138300
20221104,10:14:26,41309.95,150,2138300
20221104,10:14:28,41314.35,800,2138300
20221104,10:14:30,41314.50,200,2138300
20221104,10:14:31,41320.00,175,2138300
20221104,10:14:33,41317.80,175,2138300
20221104,10:14:35,41314.35,25,2138300
20221104,10:14:36,41311.30,425,2138300
20221104,10:14:38,41310.00,350,2138300
20221104,10:14:40,41312.05,150,2138300
20221104,10:14:41,41312.00,350,2138300
20221104,10:14:43,41315.00,25,2138300
20221104,10:14:44,41308.00,300,2138300
20221104,10:14:46,41311.10,150,2138300
20221104,10:14:48,41304.05,550,2138300
20221104,10:14:49,41291.60,6275,2138300
20221104,10:14:51,41280.65,3900,2138300
20221104,10:14:53,41289.35,525,2138300
20221104,10:14:54,41289.60,575,2138300
20221104,10:14:56,41289.15,1525,2138300
20221104,10:14:57,41302.20,2325,2138300
20221104,10:14:59,41298.05,1250,2138300
20221104,10:15:01,41290.00,475,2138300
20221104,10:15:02,41290.00,800,2138300
20221104,10:15:04,41291.15,1625,2138300
20221104,10:15:06,41291.10,1275,2138300
20221104,10:15:07,41280.70,3600,2138300
20221104,10:15:09,41280.00,2250,2138300
20221104,10:15:11,41280.00,2175,2138300
20221104,10:15:12,41280.00,1850,2138300
20221104,10:15:14,41279.35,2025,2138300
20221104,10:15:15,41277.10,1975,2138300
20221104,10:15:17,41286.40,2275,2138300
20221104,10:15:19,41286.40,500,2138300
20221104,10:15:20,41286.35,1100,2138300
20221104,10:15:22,41285.30,275,2138300
20221104,10:15:24,41286.25,650,2138300
20221104,10:15:25,41288.00,425,2138300
20221104,10:15:27,41296.00,125,2138300
20221104,10:15:29,41304.40,600,2138300
20221104,10:15:30,41304.60,75,2138300
20221104,10:15:32,41298.25,400,2138300
20221104,10:15:34,41296.00,325,2138300
20221104,10:15:35,41296.25,175,2138300
20221104,10:15:37,41303.30,550,2138300
20221104,10:15:39,41305.00,375,2138300
20221104,10:15:40,41306.70,450,2138300
20221104,10:15:42,41303.80,300,2138300
20221104,10:15:44,41307.00,200,2138300
20221104,10:15:45,41302.00,200,2138300
20221104,10:15:47,41308.45,350,2138300
20221104,10:15:49,41304.65,400,2138300
20221104,10:15:51,41316.30,450,2138300
20221104,10:15:52,41310.70,100,2138300
20221104,10:15:54,41314.80,625,2138300
20221104,10:15:56,41315.80,325,2138300
20221104,10:15:57,41314.85,150,2138300
20221104,10:15:59,41321.15,300,2138300
20221104,10:16:01,41315.05,500,2138300
20221104,10:16:02,41307.50,325,2138300
20221104,10:16:04,41308.05,100,2138300
20221104,10:16:06,41315.05,75,2138300
20221104,10:16:07,41311.95,350,2138300
20221104,10:16:09,41315.50,950,2138300
20221104,10:16:11,41316.20,575,2138300
20221104,10:16:12,41324.00,50,2138300
20221104,10:16:14,41320.40,225,2138300
20221104,10:16:16,41319.90,375,2138300
20221104,10:16:17,41317.00,150,2138300
20221104,10:16:19,41323.50,150,2138300
20221104,10:16:20,41327.25,200,2138300
20221104,10:16:22,41320.00,75,2138300
20221104,10:16:24,41316.25,725,2138300
20221104,10:16:25,41316.15,50,2138300
20221104,10:16:27,41316.00,125,2138300
20221104,10:16:29,41310.00,25,2138300
20221104,10:16:30,41316.15,175,2138300
20221104,10:16:32,41311.75,25,2138300
20221104,10:16:34,41310.05,25,2138300
20221104,10:16:35,41311.75,75,2138300
20221104,10:16:37,41311.75,200,2138300
20221104,10:16:39,41311.60,650,2138300
20221104,10:16:40,41315.15,50,2138300
20221104,10:16:42,41313.15,75,2138300
20221104,10:16:44,41314.45,200,2138300
20221104,10:16:45,41313.55,25,2138300
20221104,10:16:47,41315.15,50,2138300
20221104,10:16:49,41310.00,250,2138300
20221104,10:16:50,41312.35,250,2138300
20221104,10:16:52,41310.50,75,2138300
20221104,10:16:54,41313.90,1675,2138300
20221104,10:16:55,41310.95,125,2138300
20221104,10:16:57,41312.25,1050,2138300
20221104,10:16:59,41309.40,200,2138300
20221104,10:17:00,41311.00,925,2138300
20221104,10:17:02,41306.85,75,2138300
20221104,10:17:04,41301.00,50,2138300
20221104,10:17:05,41300.95,225,2138300
20221104,10:17:07,41304.90,700,2138300
20221104,10:17:09,41307.40,100,2138300
20221104,10:17:10,41302.15,75,2138300
20221104,10:17:14,41304.90,50,2138300
20221104,10:17:15,41304.90,50,2138300
20221104,10:17:17,41315.00,1325,2138300
20221104,10:17:19,41308.10,175,2138300
20221104,10:17:20,41302.00,250,2138300
20221104,10:17:22,41304.90,150,2138300
20221104,10:17:24,41302.15,175,2138300
20221104,10:17:25,41296.00,575,2146375
20221104,10:17:27,41290.05,225,2146375
20221104,10:17:29,41295.25,125,2146375
20221104,10:17:30,41295.25,25,2146375
20221104,10:17:32,41298.00,400,2146375
20221104,10:17:34,41292.50,250,2146375
20221104,10:17:35,41298.45,200,2146375
20221104,10:17:37,41303.80,200,2146375
20221104,10:17:39,41300.00,50,2146375
20221104,10:17:40,41303.40,25,2146375
20221104,10:17:42,41300.00,150,2146375
20221104,10:17:44,41301.00,50,2146375
20221104,10:17:47,41301.00,50,2146375
20221104,10:17:48,41301.00,50,2146375
20221104,10:17:52,41301.00,75,2146375
20221104,10:17:55,41303.35,100,2146375
20221104,10:17:57,41301.00,125,2146375
20221104,10:18:00,41295.00,200,2146375
20221104,10:18:02,41302.10,125,2146375
20221104,10:18:03,41298.75,300,2146375
20221104,10:18:05,41300.60,75,2146375
20221104,10:18:07,41301.00,550,2146375
20221104,10:18:08,41302.15,300,2146375
20221104,10:18:10,41297.35,250,2146375
20221104,10:18:12,41290.55,1425,2146375
20221104,10:18:13,41290.05,300,2146375
20221104,10:18:15,41290.50,525,2146375
20221104,10:18:16,41297.15,350,2146375
20221104,10:18:18,41295.90,75,2146375
20221104,10:18:20,41295.90,25,2146375
20221104,10:18:21,41299.55,25,2146375
20221104,10:18:23,41295.90,125,2146375
20221104,10:18:26,41301.95,125,2146375
20221104,10:18:28,41303.40,50,2146375
20221104,10:18:29,41299.90,200,2146375
20221104,10:18:31,41302.95,225,2146375
20221104,10:18:33,41303.15,75,2146375
20221104,10:18:34,41290.00,9450,2146375
20221104,10:18:36,41288.30,75,2146375
20221104,10:18:38,41285.50,925,2146375
20221104,10:18:39,41288.65,125,2146375
20221104,10:18:41,41284.50,50,2146375
20221104,10:18:43,41289.75,100,2146375
20221104,10:18:44,41288.80,75,2146375
20221104,10:18:46,41288.70,50,2146375
20221104,10:18:47,41288.25,1150,2146375
20221104,10:18:49,41289.70,250,2146375
20221104,10:18:51,41288.70,375,2146375
20221104,10:18:52,41290.00,125,2146375
20221104,10:18:54,41290.00,25,2146375
20221104,10:18:56,41288.70,875,2146375
20221104,10:18:57,41286.95,575,2146375
20221104,10:18:59,41283.50,100,2146375
20221104,10:19:01,41283.50,450,2146375
20221104,10:19:02,41282.00,450,2146375
20221104,10:19:04,41287.55,300,2146375
20221104,10:19:06,41283.00,450,2146375
20221104,10:19:07,41285.70,325,2146375
20221104,10:19:09,41285.60,125,2146375
20221104,10:19:11,41285.55,100,2146375
20221104,10:19:12,41281.05,200,2146375
20221104,10:19:14,41281.50,100,2146375
20221104,10:19:15,41280.85,175,2146375
20221104,10:19:17,41280.85,325,2146375
20221104,10:19:19,41280.70,650,2146375
20221104,10:19:20,41280.05,75,2146375
20221104,10:19:22,41281.50,250,2146375
20221104,10:19:24,41280.60,225,2146375
20221104,10:19:25,41280.60,75,2146375
20221104,10:19:27,41280.40,775,2146375
20221104,10:19:28,41285.00,150,2146375
20221104,10:19:30,41286.60,700,2146375
20221104,10:19:32,41287.10,75,2146375
20221104,10:19:33,41285.95,50,2146375
20221104,10:19:35,41284.10,450,2146375
20221104,10:19:37,41287.85,125,2146375
20221104,10:19:38,41288.70,50,2146375
20221104,10:19:40,41288.70,125,2146375
20221104,10:19:41,41287.20,25,2146375
20221104,10:19:43,41284.20,100,2146375
20221104,10:19:45,41282.00,100,2146375
20221104,10:19:48,41286.15,25,2146375
20221104,10:19:50,41281.00,325,2146375
20221104,10:19:51,41283.80,25,2146375
20221104,10:19:53,41282.80,25,2146375
20221104,10:19:54,41283.65,250,2146375
20221104,10:19:56,41283.90,75,2146375
20221104,10:19:58,41280.00,200,2146375
20221104,10:19:59,41287.00,350,2146375
20221104,10:20:01,41283.65,800,2146375
20221104,10:20:03,41285.05,425,2146375
20221104,10:20:04,41281.00,825,2146375
20221104,10:20:06,41280.00,250,2146375
20221104,10:20:07,41287.05,700,2146375
20221104,10:20:09,41284.55,800,2146375
20221104,10:20:11,41284.35,550,2146375
20221104,10:20:12,41284.35,2850,2146375
20221104,10:20:14,41281.00,325,2146375
20221104,10:20:16,41285.00,275,2146375
20221104,10:20:17,41283.50,125,2146375
20221104,10:20:19,41285.05,150,2146375
20221104,10:20:21,41281.25,125,2146375
20221104,10:20:22,41280.00,250,2146375
20221104,10:20:24,41280.00,150,2146375
20221104,10:20:26,41283.55,125,2143825
20221104,10:20:27,41290.00,225,2143825
20221104,10:20:29,41285.00,25,2143825
20221104,10:20:31,41289.40,75,2143825
20221104,10:20:32,41296.10,3600,2143825
20221104,10:20:34,41300.00,200,2143825
20221104,10:20:36,41303.90,750,2143825
20221104,10:20:37,41304.55,225,2143825
20221104,10:20:39,41303.00,125,2143825
20221104,10:20:41,41302.95,25,2143825
20221104,10:20:42,41300.05,225,2143825
20221104,10:20:46,41298.05,1075,2143825
20221104,10:20:47,41290.40,225,2143825
20221104,10:20:49,41295.00,100,2143825
20221104,10:20:50,41299.95,275,2143825
20221104,10:20:52,41302.90,175,2143825
20221104,10:20:54,41303.00,125,2143825
20221104,10:20:55,41300.00,525,2143825
20221104,10:20:57,41300.00,25,2143825
20221104,10:20:59,41296.15,100,2143825
20221104,10:21:02,41301.90,175,2143825
20221104,10:21:03,41303.95,375,2143825
20221104,10:21:05,41301.00,350,2143825
20221104,10:21:07,41306.05,675,2143825
20221104,10:21:08,41304.85,225,2143825
20221104,10:21:10,41303.95,150,2143825
20221104,10:21:12,41301.50,1425,2143825
20221104,10:21:13,41303.55,900,2143825
20221104,10:21:15,41303.80,600,2143825
20221104,10:21:17,41309.70,100,2143825
20221104,10:21:18,41306.55,800,2143825
20221104,10:21:20,41318.00,725,2143825
20221104,10:21:22,41319.20,200,2143825
20221104,10:21:23,41318.80,75,2143825
20221104,10:21:25,41320.00,375,2143825
20221104,10:21:27,41320.00,125,2143825
20221104,10:21:28,41318.50,100,2143825
20221104,10:21:30,41317.95,175,2143825
20221104,10:21:32,41317.05,625,2143825
20221104,10:21:33,41311.60,225,2143825
20221104,10:21:35,41309.55,75,2143825
20221104,10:21:37,41308.05,75,2143825
20221104,10:21:38,41311.95,50,2143825
20221104,10:21:40,41304.10,200,2143825
20221104,10:21:42,41304.70,150,2143825
20221104,10:21:43,41299.95,125,2143825
20221104,10:21:45,41299.00,25,2143825
20221104,10:21:46,41298.05,125,2143825
20221104,10:21:48,41305.90,225,2143825
20221104,10:21:50,41302.00,175,2143825
20221104,10:21:51,41306.55,100,2143825
20221104,10:21:55,41313.60,75,2143825
20221104,10:21:58,41309.25,400,2143825
20221104,10:22:00,41305.25,50,2143825
20221104,10:22:01,41310.00,525,2143825
20221104,10:22:03,41304.90,75,2143825
20221104,10:22:05,41302.00,775,2143825
20221104,10:22:06,41294.90,750,2143825
20221104,10:22:08,41297.85,75,2143825
20221104,10:22:10,41297.90,150,2143825
20221104,10:22:11,41295.00,75,2143825
20221104,10:22:13,41299.10,125,2143825
20221104,10:22:15,41295.00,675,2143825
20221104,10:22:18,41296.25,375,2143825
20221104,10:22:20,41296.25,25,2143825
20221104,10:22:21,41296.25,25,2143825
20221104,10:22:23,41300.00,50,2143825
20221104,10:22:25,41296.30,50,2143825
20221104,10:22:26,41300.00,300,2143825
20221104,10:22:30,41301.15,275,2143825
20221104,10:22:32,41300.00,50,2143825
20221104,10:22:33,41296.30,25,2143825
20221104,10:22:36,41297.00,25,2143825
20221104,10:22:38,41301.30,125,2143825
20221104,10:22:40,41303.25,100,2143825
20221104,10:22:41,41303.55,100,2143825
20221104,10:22:43,41301.55,50,2143825
20221104,10:22:46,41304.45,1000,2143825
20221104,10:22:50,41301.00,125,2143825
20221104,10:22:51,41309.60,175,2143825
20221104,10:22:53,41308.05,25,2143825
20221104,10:22:56,41308.70,1075,2143825
20221104,10:22:58,41308.65,75,2143825
20221104,10:23:01,41308.30,25,2143825
20221104,10:23:02,41308.45,575,2143825
20221104,10:23:04,41310.00,375,2143825
20221104,10:23:06,41310.00,1050,2143825
20221104,10:23:07,41311.55,50,2143825
20221104,10:23:09,41310.70,25,2143825
20221104,10:23:10,41310.20,300,2143825
20221104,10:23:12,41310.00,50,2143825
20221104,10:23:14,41314.80,100,2143825
20221104,10:23:15,41310.10,100,2143825
20221104,10:23:17,41311.00,75,2143825
20221104,10:23:18,41311.00,25,2143825
20221104,10:23:20,41313.75,50,2143825
20221104,10:23:21,41311.00,125,2143825
20221104,10:23:23,41313.35,25,2143825
20221104,10:23:24,41311.00,375,2143825
20221104,10:23:28,41310.00,1075,2140225
20221104,10:23:29,41308.25,100,2140225
20221104,10:23:31,41308.80,100,2140225
20221104,10:23:32,41308.80,50,2140225
20221104,10:23:36,41304.80,150,2140225
20221104,10:23:37,41304.65,25,2140225
20221104,10:23:39,41305.00,175,2140225
20221104,10:23:40,41305.00,100,2140225
20221104,10:23:42,41297.15,575,2140225
20221104,10:23:44,41300.35,625,2140225
20221104,10:23:45,41300.35,100,2140225
20221104,10:23:47,41303.50,75,2140225
20221104,10:23:53,41304.35,50,2140225
20221104,10:23:55,41304.80,125,2140225
20221104,10:23:56,41304.80,100,2140225
20221104,10:23:58,41306.95,200,2140225
20221104,10:24:00,41301.00,75,2140225
20221104,10:24:01,41303.85,350,2140225
20221104,10:24:03,41303.75,900,2140225
20221104,10:24:04,41305.05,1000,2140225
20221104,10:24:06,41305.40,100,2140225
20221104,10:24:08,41308.80,275,2140225
20221104,10:24:09,41308.05,300,2140225
20221104,10:24:11,41306.25,425,2140225
20221104,10:24:13,41315.00,1575,2140225
20221104,10:24:14,41314.40,225,2140225
20221104,10:24:16,41307.75,150,2140225
