20221104,09:15:03,41689.75,1,286575
20221104,09:15:03,41689.80,150,286575
20221104,09:15:04,41700.00,125,286575
20221104,09:15:05,41711.05,25,286575
20221104,09:15:06,41733.10,50,286575
20221104,09:15:08,41733.95,25,286575
20221104,09:15:09,41752.55,75,286575
20221104,09:15:10,41752.55,125,286575
20221104,09:15:11,41718.00,100,286575
20221104,09:15:13,41726.95,25,286575
20221104,09:15:18,41713.45,100,286575
20221104,09:15:22,41699.95,100,286575
20221104,09:15:25,41663.15,150,286575
20221104,09:15:29,41655.65,25,286575
20221104,09:15:32,41655.65,25,286575
20221104,09:15:38,41687.60,75,286575
20221104,09:15:39,41675.65,100,286575
20221104,09:15:44,41651.80,25,286575
20221104,09:15:46,41640.05,50,286575
20221104,09:15:51,41640.05,50,286575
20221104,09:15:52,41663.75,25,286575
20221104,09:15:59,41670.45,25,286575
20221104,09:16:01,41670.75,50,286575
20221104,09:16:03,41664.05,25,286575
20221104,09:16:04,41678.75,25,286575
20221104,09:16:08,41691.10,50,286575
20221104,09:16:09,41683.45,25,286575
20221104,09:16:14,41699.95,25,286575
20221104,09:16:15,41690.20,25,286575
20221104,09:16:16,41699.85,25,286575
20221104,09:16:21,41699.95,25,286575
20221104,09:16:23,41700.65,25,286575
20221104,09:16:28,41711.60,25,286575
20221104,09:16:36,41734.95,50,286575
20221104,09:16:39,41723.75,25,286575
20221104,09:16:49,41734.90,25,286575
20221104,09:16:51,41739.15,75,286575
20221104,09:16:55,41740.15,25,286575
20221104,09:16:56,41735.00,25,286575
20221104,09:16:57,41748.60,175,286575
20221104,09:16:59,41735.05,100,286575
20221104,09:17:00,41735.05,25,286575
20221104,09:17:04,41740.70,25,286575
20221104,09:17:08,41744.30,25,286575
20221104,09:17:11,41743.60,50,286575
20221104,09:17:12,41750.50,350,286575
20221104,09:17:18,41737.20,25,286750
20221104,09:17:20,41742.75,125,286750
20221104,09:17:25,41741.00,25,286750
20221104,09:17:27,41734.75,25,286750
20221104,09:17:28,41735.00,25,286750
20221104,09:17:37,41733.35,25,286750
20221104,09:17:38,41722.80,50,286750
20221104,09:17:39,41724.10,250,286750
20221104,09:17:41,41730.00,125,286750
20221104,09:17:42,41725.90,25,286750
20221104,09:17:47,41738.65,125,286750
20221104,09:17:49,41732.65,50,286750
20221104,09:17:57,41726.10,50,286750
20221104,09:17:58,41730.85,50,286750
20221104,09:18:00,41731.85,75,286750
20221104,09:18:02,41730.05,25,286750
20221104,09:18:08,41733.05,50,286750
20221104,09:18:09,41726.55,25,286750
20221104,09:18:10,41732.00,50,286750
20221104,09:18:14,41717.80,75,286750
20221104,09:18:18,41724.60,25,286750
20221104,09:18:20,41733.05,125,286750
20221104,09:18:21,41736.00,50,286750
20221104,09:18:25,41742.75,200,286750
20221104,09:18:30,41746.25,25,286750
20221104,09:18:31,41744.05,50,286750
20221104,09:18:33,41749.95,225,286750
20221104,09:18:36,41750.00,25,286750
20221104,09:18:41,41748.10,25,286750
20221104,09:18:43,41750.50,575,286750
20221104,09:18:45,41753.00,125,286750
20221104,09:18:46,41757.50,25,286750
20221104,09:18:48,41757.50,250,286750
20221104,09:18:53,41741.05,25,286750
20221104,09:18:55,41743.00,50,286750
20221104,09:19:00,41739.75,25,286750
20221104,09:19:02,41736.60,25,286750
20221104,09:19:03,41734.15,75,286750
20221104,09:19:22,41713.05,50,286750
20221104,09:19:32,41704.95,25,286750
20221104,09:19:38,41704.95,75,286750
20221104,09:19:40,41700.00,25,286750
20221104,09:19:45,41680.05,50,286750
20221104,09:19:46,41673.05,25,286750
20221104,09:19:51,41685.60,25,286750
20221104,09:19:58,41675.00,100,286750
20221104,09:20:00,41678.85,75,286750
20221104,09:20:03,41672.00,75,286750
20221104,09:20:06,41670.00,25,286750
20221104,09:20:13,41679.65,50,286750
20221104,09:20:16,41671.85,50,286750
20221104,09:20:18,41663.05,75,286475
20221104,09:20:19,41660.00,25,286475
20221104,09:20:24,41661.75,25,286475
20221104,09:20:26,41663.05,25,286475
20221104,09:20:28,41660.00,300,286475
20221104,09:20:29,41677.45,75,286475
20221104,09:20:33,41689.80,75,286475
20221104,09:20:34,41693.35,200,286475
20221104,09:20:36,41691.20,50,286475
20221104,09:20:41,41695.40,50,286475
20221104,09:20:46,41700.00,100,286475
20221104,09:20:49,41696.95,25,286475
20221104,09:20:51,41700.00,25,286475
20221104,09:20:58,41700.00,100,286475
20221104,09:20:59,41698.80,25,286475
20221104,09:21:01,41692.95,25,286475
20221104,09:21:05,41700.00,25,286475
20221104,09:21:11,41670.65,100,286475
20221104,09:21:24,41660.75,25,286475
20221104,09:21:34,41640.00,250,286475
20221104,09:21:41,41640.00,25,286475
20221104,09:21:44,41643.55,200,286475
20221104,09:21:46,41644.25,25,286475
20221104,09:21:53,41640.00,50,286475
20221104,09:21:54,41634.75,125,286475
20221104,09:21:56,41632.00,25,286475
20221104,09:21:58,41621.00,125,286475
20221104,09:22:01,41614.00,250,286475
20221104,09:22:03,41614.00,25,286475
20221104,09:22:04,41600.00,300,286475
20221104,09:22:06,41600.00,25,286475
20221104,09:22:08,41619.00,75,286475
20221104,09:22:09,41611.00,100,286475
20221104,09:22:11,41600.85,125,286475
20221104,09:22:18,41609.45,25,286475
20221104,09:22:21,41619.95,50,286475
20221104,09:22:23,41620.00,400,286475
20221104,09:22:24,41625.50,75,286475
20221104,09:22:26,41625.60,25,286475
20221104,09:22:28,41620.00,25,286475
20221104,09:22:29,41622.90,25,286475
20221104,09:22:33,41631.85,25,286475
20221104,09:22:38,41623.40,50,286475
20221104,09:22:39,41624.00,700,286475
20221104,09:22:43,41639.85,250,286475
20221104,09:22:48,41633.10,100,286475
20221104,09:22:49,41635.05,25,286475
20221104,09:22:51,41639.95,50,286475
20221104,09:22:54,41637.70,25,286475
20221104,09:22:59,41630.00,25,286475
20221104,09:23:06,41618.30,25,286475
20221104,09:23:08,41615.00,25,286475
20221104,09:23:17,41614.25,25,287825
20221104,09:23:19,41612.05,50,287825
20221104,09:23:21,41609.05,25,287825
20221104,09:23:31,41613.00,25,287825
20221104,09:23:34,41610.00,100,287825
20221104,09:23:41,41609.00,25,287825
20221104,09:23:52,41610.00,25,287825
20221104,09:24:02,41604.65,50,287825
20221104,09:24:06,41602.00,25,287825
20221104,09:24:07,41600.80,50,287825
20221104,09:24:09,41597.00,25,287825
20221104,09:24:14,41597.00,25,287825
20221104,09:24:19,41614.00,100,287825
20221104,09:24:20,41618.75,75,287825
20221104,09:24:44,41640.00,250,287825
20221104,09:24:52,41640.00,25,287825
20221104,09:24:54,41640.00,325,287825
20221104,09:24:55,41644.25,25,287825
20221104,09:25:00,41647.30,25,287825
20221104,09:25:05,41650.00,25,287825
20221104,09:25:09,41648.70,25,287825
20221104,09:25:10,41640.00,50,287825
20221104,09:25:15,41641.75,400,287825
20221104,09:25:17,41649.00,25,287825
20221104,09:25:27,41631.55,25,287825
20221104,09:25:31,41618.75,25,287825
20221104,09:25:39,41610.25,50,287825
20221104,09:25:42,41610.00,25,287825
20221104,09:25:44,41610.00,25,287825
20221104,09:25:56,41610.00,50,287825
20221104,09:26:04,41606.00,100,287825
20221104,09:26:06,41604.00,25,287825
20221104,09:26:07,41599.00,225,287825
20221104,09:26:09,41604.00,25,287825
20221104,09:26:15,41611.75,25,287825
20221104,09:26:19,41605.00,25,288750
20221104,09:26:22,41617.95,25,288750
20221104,09:26:35,41624.40,25,288750
20221104,09:26:47,41620.70,25,288750
20221104,09:26:57,41618.05,25,288750
20221104,09:27:00,41624.10,75,288750
20221104,09:27:05,41630.10,25,288750
20221104,09:27:08,41630.05,25,288750
20221104,09:27:10,41646.40,50,288750
20221104,09:27:31,41650.00,650,288750
20221104,09:27:43,41631.10,100,288750
20221104,09:27:54,41650.00,125,288750
20221104,09:27:56,41650.00,125,288750
20221104,09:28:10,41650.00,25,288750
20221104,09:28:12,41650.00,75,288750
20221104,09:28:20,41650.00,25,288750
20221104,09:28:24,41660.00,375,288750
20221104,09:28:25,41672.00,75,288750
20221104,09:28:42,41677.45,250,288750
20221104,09:28:47,41667.50,100,288750
20221104,09:28:49,41677.45,25,288750
20221104,09:28:54,41680.00,50,288750
20221104,09:28:59,41695.50,25,288750
20221104,09:29:07,41690.00,25,288750
20221104,09:29:09,41686.80,25,288750
20221104,09:29:10,41699.00,100,288750
20221104,09:29:12,41700.00,175,288750
20221104,09:29:17,41710.00,25,288750
20221104,09:29:19,41704.75,150,289400
20221104,09:29:22,41703.60,25,289400
20221104,09:29:23,41709.00,25,289400
20221104,09:29:30,41727.75,175,289400
20221104,09:29:32,41741.95,200,289400
20221104,09:29:33,41742.25,150,289400
20221104,09:29:38,41751.05,350,289400
20221104,09:29:40,41760.80,125,289400
20221104,09:29:43,41766.70,50,289400
20221104,09:29:48,41766.70,75,289400
20221104,09:29:53,41743.80,100,289400
20221104,09:29:55,41743.75,75,289400
20221104,09:29:57,41755.95,25,289400
20221104,09:30:02,41761.70,125,289400
20221104,09:30:03,41768.95,250,289400
20221104,09:30:05,41774.80,175,289400
20221104,09:30:07,41774.80,25,289400
20221104,09:30:08,41776.00,100,289400
20221104,09:30:10,41772.00,25,289400
20221104,09:30:12,41769.75,25,289400
20221104,09:30:13,41771.95,50,289400
20221104,09:30:15,41778.95,100,289400
20221104,09:30:17,41780.00,25,289400
20221104,09:30:20,41784.00,25,289400
20221104,09:30:22,41790.00,150,289400
20221104,09:30:23,41795.95,50,289400
20221104,09:30:25,41795.95,50,289400
20221104,09:30:27,41792.95,25,289400
20221104,09:30:28,41791.70,50,289400
20221104,09:30:35,41778.05,25,289400
20221104,09:30:40,41766.85,50,289400
20221104,09:30:43,41770.00,25,289400
20221104,09:30:46,41780.60,100,289400
20221104,09:30:49,41785.00,50,289400
20221104,09:30:53,41776.30,25,289400
20221104,09:30:58,41778.50,100,289400
20221104,09:31:06,41780.75,50,289400
20221104,09:31:11,41784.95,50,289400
20221104,09:31:12,41785.00,125,289400
20221104,09:31:16,41778.50,25,289400
20221104,09:31:17,41785.80,75,289400
20221104,09:31:19,41789.00,25,289400
20221104,09:31:21,41790.00,100,289400
20221104,09:31:24,41792.00,275,289400
20221104,09:31:29,41791.90,50,289400
20221104,09:31:31,41795.00,25,289400
20221104,09:31:32,41799.70,75,289400
20221104,09:31:37,41800.00,150,289400
20221104,09:31:39,41800.00,425,289400
20221104,09:31:41,41800.00,400,289400
20221104,09:31:42,41787.05,25,289400
20221104,09:31:46,41785.15,25,289400
20221104,09:31:52,41775.00,25,289400
20221104,09:31:54,41770.00,25,289400
20221104,09:31:56,41764.10,125,289400
20221104,09:31:59,41770.10,25,289400
20221104,09:32:06,41753.05,125,289400
20221104,09:32:07,41762.80,25,289400
20221104,09:32:09,41746.95,100,289400
20221104,09:32:12,41746.20,25,289400
20221104,09:32:16,41732.05,425,289400
20221104,09:32:24,41747.75,25,289675
20221104,09:32:27,41732.05,75,289675
20221104,09:32:32,41722.70,25,289675
20221104,09:32:34,41718.05,25,289675
20221104,09:32:39,41710.00,50,289675
20221104,09:32:44,41705.05,75,289675
20221104,09:32:46,41720.00,25,289675
20221104,09:32:56,41727.80,25,289675
20221104,09:32:57,41725.00,25,289675
20221104,09:33:06,41723.80,25,289675
20221104,09:33:07,41732.95,25,289675
20221104,09:33:09,41726.20,25,289675
20221104,09:33:19,41750.00,25,289675
20221104,09:33:21,41749.80,25,289675
20221104,09:33:24,41732.45,50,289675
20221104,09:33:29,41726.20,25,289675
20221104,09:33:31,41725.00,25,289675
20221104,09:33:36,41733.00,100,289675
20221104,09:33:42,41726.20,25,289675
20221104,09:33:49,41726.20,250,289675
20221104,09:33:59,41733.25,25,289675
20221104,09:34:04,41725.15,25,289675
20221104,09:34:09,41736.65,25,289675
20221104,09:34:27,41725.00,25,289675
20221104,09:34:29,41721.10,25,289675
20221104,09:34:34,41718.05,75,289675
20221104,09:34:44,41710.00,25,289675
20221104,09:34:47,41702.75,50,289675
20221104,09:34:49,41700.00,250,289675
20221104,09:34:56,41710.00,25,289675
20221104,09:34:59,41710.00,25,289675
20221104,09:35:02,41709.15,25,289675
20221104,09:35:24,41703.15,25,289900
20221104,09:35:25,41710.10,100,289900
20221104,09:35:32,41697.55,25,289900
20221104,09:35:34,41696.55,25,289900
20221104,09:35:37,41694.55,25,289900
20221104,09:35:44,41678.00,75,289900
20221104,09:35:50,41670.85,50,289900
20221104,09:36:00,41674.20,25,289900
20221104,09:36:02,41667.70,75,289900
20221104,09:36:03,41668.45,25,289900
20221104,09:36:11,41665.35,25,289900
20221104,09:36:19,41655.10,50,289900
20221104,09:36:23,41651.00,50,289900
20221104,09:36:31,41666.55,400,289900
20221104,09:36:36,41673.00,50,289900
20221104,09:36:38,41675.35,25,289900
20221104,09:36:58,41665.95,25,289900
20221104,09:37:16,41660.00,25,289900
20221104,09:37:19,41652.15,25,289900
20221104,09:37:34,41651.00,50,289900
20221104,09:37:36,41650.00,50,289900
20221104,09:37:38,41652.15,100,289900
20221104,09:37:41,41657.95,25,289900
20221104,09:37:47,41648.00,325,289900
20221104,09:37:54,41657.95,75,289900
20221104,09:38:01,41648.05,75,289900
20221104,09:38:02,41648.00,25,289900
20221104,09:38:17,41640.00,125,289900
20221104,09:38:19,41625.00,75,289900
20221104,09:38:22,41621.90,125,289700
20221104,09:38:24,41624.90,25,289700
20221104,09:38:27,41621.10,25,289700
20221104,09:38:28,41617.05,25,289700
20221104,09:38:30,41624.90,25,289700
20221104,09:38:32,41623.10,50,289700
20221104,09:38:35,41618.05,25,289700
20221104,09:38:38,41626.75,25,289700
20221104,09:38:45,41626.50,50,289700
20221104,09:38:47,41627.05,25,289700
20221104,09:38:55,41637.35,25,289700
20221104,09:39:00,41627.40,50,289700
20221104,09:39:10,41618.55,25,289700
20221104,09:39:12,41614.00,25,289700
20221104,09:39:13,41604.00,75,289700
20221104,09:39:15,41601.00,25,289700
20221104,09:39:17,41600.00,625,289700
20221104,09:39:18,41589.50,75,289700
20221104,09:39:20,41589.50,25,289700
20221104,09:39:22,41602.05,50,289700
20221104,09:39:25,41590.75,25,289700
20221104,09:39:28,41590.05,75,289700
20221104,09:39:30,41582.05,50,289700
20221104,09:39:32,41582.05,75,289700
20221104,09:39:37,41598.55,75,289700
20221104,09:39:43,41600.00,25,289700
20221104,09:39:47,41615.95,75,289700
20221104,09:39:52,41605.95,25,289700
20221104,09:39:57,41607.80,25,289700
20221104,09:40:00,41602.00,25,289700
20221104,09:40:10,41610.00,25,289700
20221104,09:40:13,41620.00,100,289700
20221104,09:40:15,41629.60,25,289700
20221104,09:40:18,41624.20,50,289700
20221104,09:40:20,41621.00,25,289700
20221104,09:40:22,41621.95,50,289700
20221104,09:40:27,41609.75,250,289700
20221104,09:40:35,41619.30,25,289700
20221104,09:40:45,41629.95,25,289700
20221104,09:40:47,41622.05,25,289700
20221104,09:40:50,41623.95,25,289700
20221104,09:40:52,41619.70,25,289700
20221104,09:41:02,41615.95,50,289700
20221104,09:41:17,41625.20,50,289700
20221104,09:41:20,41626.05,25,289700
20221104,09:41:35,41620.05,25,289675
20221104,09:41:37,41620.00,25,289675
20221104,09:41:40,41612.00,25,289675
20221104,09:41:43,41612.00,75,289675
20221104,09:41:45,41605.00,75,289675
20221104,09:41:50,41600.00,75,289675
20221104,09:41:52,41595.90,25,289675
20221104,09:42:03,41601.05,25,289675
20221104,09:42:05,41596.10,25,289675
20221104,09:42:17,41606.05,75,289675
20221104,09:42:18,41608.10,75,289675
20221104,09:42:25,41600.05,75,289675
20221104,09:42:27,41603.15,25,289675
20221104,09:42:47,41605.00,100,289675
20221104,09:42:48,41606.65,50,289675
20221104,09:42:55,41603.15,50,289675
20221104,09:43:00,41600.00,25,289675
20221104,09:43:10,41605.00,125,289675
20221104,09:43:22,41611.00,125,289675
20221104,09:43:28,41603.20,25,289675
20221104,09:43:31,41600.00,50,289675
20221104,09:43:48,41592.25,25,289675
20221104,09:43:49,41574.00,350,289675
20221104,09:43:54,41560.00,175,289675
20221104,09:43:56,41565.50,25,289675
20221104,09:43:57,41574.90,25,289675
20221104,09:43:59,41563.05,25,289675
20221104,09:44:01,41565.00,50,289675
20221104,09:44:02,41565.00,25,289675
20221104,09:44:10,41560.15,25,289675
20221104,09:44:17,41567.90,25,289675
20221104,09:44:18,41560.15,300,289675
20221104,09:44:22,41564.70,25,289700
20221104,09:44:25,41556.85,25,289700
20221104,09:44:27,41556.85,25,289700
20221104,09:44:33,41565.50,350,289700
20221104,09:44:35,41565.50,150,289700
20221104,09:44:38,41565.50,25,289700
20221104,09:44:40,41580.00,150,289700
20221104,09:44:42,41585.85,25,289700
20221104,09:44:45,41584.45,25,289700
20221104,09:44:52,41583.80,50,289700
20221104,09:45:12,41578.15,50,289700
20221104,09:45:15,41575.75,25,289700
20221104,09:45:17,41575.85,100,289700
20221104,09:45:19,41565.00,25,289700
20221104,09:45:27,41551.00,25,289700
20221104,09:45:29,41550.00,150,289700
20221104,09:45:30,41550.00,25,289700
20221104,09:45:32,41557.15,25,289700
20221104,09:45:34,41562.60,25,289700
20221104,09:45:42,41581.95,25,289700
20221104,09:45:44,41590.25,25,289700
20221104,09:45:55,41599.30,50,289700
20221104,09:46:05,41613.55,50,289700
20221104,09:46:09,41625.05,25,289700
20221104,09:46:17,41624.35,50,289700
20221104,09:46:22,41625.80,75,289700
20221104,09:46:24,41620.00,25,289700
20221104,09:46:25,41623.05,25,289700
20221104,09:46:40,41600.00,25,289700
20221104,09:46:44,41589.10,50,289700
20221104,09:47:14,41594.10,25,289700
20221104,09:47:15,41589.20,125,289700
20221104,09:47:27,41581.05,25,290225
20221104,09:47:28,41572.05,25,290225
20221104,09:47:37,41563.25,25,290225
20221104,09:47:38,41550.00,600,290225
20221104,09:47:40,41546.50,25,290225
20221104,09:47:45,41543.00,50,290225
20221104,09:47:50,41543.00,25,290225
20221104,09:47:55,41553.05,75,290225
20221104,09:48:08,41550.00,50,290225
20221104,09:48:10,41549.05,50,290225
20221104,09:48:20,41551.00,25,290225
20221104,09:48:23,41547.20,50,290225
20221104,09:48:25,41544.55,50,290225
20221104,09:48:38,41545.85,25,290225
20221104,09:48:48,41542.00,200,290225
20221104,09:48:50,41542.00,100,290225
20221104,09:48:51,41541.35,350,290225
20221104,09:48:53,41539.00,50,290225
20221104,09:48:56,41537.40,50,290225
20221104,09:49:05,41535.00,25,290225
20221104,09:49:10,41535.00,25,290225
20221104,09:49:15,41538.00,25,290225
20221104,09:49:18,41535.10,500,290225
20221104,09:49:19,41538.05,100,290225
20221104,09:49:23,41538.05,250,290225
20221104,09:49:38,41538.05,25,290225
20221104,09:49:46,41564.15,50,290225
20221104,09:50:03,41563.50,25,290225
20221104,09:50:15,41563.50,25,290225
20221104,09:50:20,41556.05,50,290225
20221104,09:50:30,41553.05,50,291225
20221104,09:50:38,41552.20,25,291225
20221104,09:50:50,41552.20,25,291225
20221104,09:51:01,41557.10,25,291225
20221104,09:51:13,41559.35,25,291225
20221104,09:51:14,41552.00,100,291225
20221104,09:51:19,41565.35,50,291225
20221104,09:51:24,41580.00,75,291225
20221104,09:51:29,41578.00,100,291225
20221104,09:51:42,41582.75,25,291225
20221104,09:51:44,41584.15,25,291225
20221104,09:51:45,41576.00,50,291225
20221104,09:52:13,41551.05,25,291225
20221104,09:52:30,41551.05,25,291225
20221104,09:52:41,41550.00,75,291225
20221104,09:52:43,41542.00,50,291225
20221104,09:52:45,41546.90,25,291225
20221104,09:52:53,41555.55,200,291225
20221104,09:53:05,41565.00,25,291225
20221104,09:53:08,41562.10,25,291225
20221104,09:53:30,41564.00,175,291350
20221104,09:53:31,41559.30,25,291350
20221104,09:53:38,41564.00,375,291350
20221104,09:53:51,41583.70,25,291350
20221104,09:54:10,41569.85,25,291350
20221104,09:54:18,41565.95,25,291350
20221104,09:54:23,41558.60,25,291350
20221104,09:54:26,41554.65,25,291350
20221104,09:54:28,41560.95,25,291350
20221104,09:54:33,41560.45,25,291350
20221104,09:54:58,41552.85,25,291350
20221104,09:55:06,41550.00,75,291350
20221104,09:55:09,41550.00,25,291350
20221104,09:55:16,41550.00,25,291350
20221104,09:55:24,41545.00,25,291350
20221104,09:55:28,41545.00,25,291350
20221104,09:55:38,41545.05,25,291350
20221104,09:55:44,41545.00,50,291350
20221104,09:55:46,41545.00,25,291350
20221104,09:55:51,41542.00,125,291350
20221104,09:56:01,41538.05,75,291350
20221104,09:56:08,41538.05,50,291350
20221104,09:56:14,41538.00,50,291350
20221104,09:56:16,41538.00,100,291350
20221104,09:56:17,41540.00,25,291350
20221104,09:56:24,41539.45,25,291350
20221104,09:56:42,41543.05,125,291750
20221104,09:56:52,41538.00,50,291750
20221104,09:56:59,41527.00,75,291750
20221104,09:57:01,41520.55,50,291750
20221104,09:57:02,41511.35,175,291750
20221104,09:57:06,41511.35,50,291750
20221104,09:57:07,41508.75,200,291750
20221104,09:57:09,41503.00,25,291750
20221104,09:57:16,41503.00,25,291750
20221104,09:57:17,41501.00,75,291750
20221104,09:57:22,41501.00,25,291750
20221104,09:57:24,41514.60,125,291750
20221104,09:57:26,41514.60,125,291750
20221104,09:57:27,41514.50,25,291750
20221104,09:57:29,41517.40,25,291750
20221104,09:57:32,41527.85,25,291750
20221104,09:57:49,41529.50,75,291750
20221104,09:57:51,41538.85,25,291750
20221104,09:57:54,41540.00,50,291750
20221104,09:57:56,41539.80,25,291750
20221104,09:58:02,41543.00,25,291750
20221104,09:58:07,41534.30,25,291750
20221104,09:58:11,41533.45,25,291750
20221104,09:58:24,41545.00,25,291750
20221104,09:58:32,41550.00,50,291750
20221104,09:58:36,41560.45,25,291750
20221104,09:58:39,41564.00,50,291750
20221104,09:58:41,41564.00,25,291750
20221104,09:58:42,41564.00,400,291750
20221104,09:58:44,41564.00,25,291750
20221104,09:58:47,41560.40,50,291750
20221104,09:58:49,41561.50,25,291750
20221104,09:58:56,41550.00,75,291750
20221104,09:58:59,41544.85,50,291750
20221104,09:59:01,41550.55,50,291750
20221104,09:59:06,41547.40,75,291750
20221104,09:59:25,41537.50,50,292200
20221104,09:59:37,41533.90,125,292200
20221104,10:00:07,41521.45,50,292200
20221104,10:00:08,41520.00,75,292200
20221104,10:00:10,41520.80,100,292200
20221104,10:00:18,41529.60,100,292200
20221104,10:00:25,41516.55,25,292200
20221104,10:00:31,41517.90,150,292200
20221104,10:00:36,41520.00,100,292200
20221104,10:00:38,41520.65,25,292200
20221104,10:00:51,41520.65,50,292200
20221104,10:00:56,41520.00,25,292200
20221104,10:00:58,41520.65,150,292200
20221104,10:01:03,41527.95,25,292200
20221104,10:01:12,41534.95,25,292200
20221104,10:01:50,41529.30,50,292200
20221104,10:01:52,41529.65,25,292200
20221104,10:01:55,41528.55,50,292200
20221104,10:02:00,41518.25,300,292200
20221104,10:02:13,41521.30,100,292200
20221104,10:02:27,41535.00,25,292150
20221104,10:02:28,41529.80,25,292150
20221104,10:02:33,41524.05,100,292150
20221104,10:02:35,41531.85,25,292150
20221104,10:02:56,41521.00,25,292150
20221104,10:02:57,41520.80,25,292150
20221104,10:02:59,41522.50,25,292150
20221104,10:03:07,41520.00,25,292150
20221104,10:03:14,41518.00,25,292150
20221104,10:03:16,41518.00,50,292150
20221104,10:03:49,41538.00,50,292150
20221104,10:04:02,41540.00,25,292150
20221104,10:04:05,41544.95,25,292150
20221104,10:04:10,41542.95,50,292150
20221104,10:04:15,41541.90,25,292150
20221104,10:04:32,41544.60,25,292150
20221104,10:04:37,41540.95,50,292150
20221104,10:04:45,41540.00,50,292150
20221104,10:04:58,41543.90,25,292150
20221104,10:05:26,41530.00,50,292325
20221104,10:05:43,41524.80,25,292325
20221104,10:05:53,41554.95,50,292325
20221104,10:05:56,41556.00,50,292325
20221104,10:06:23,41539.85,100,292325
20221104,10:06:35,41567.45,50,292325
20221104,10:06:38,41567.95,25,292325
20221104,10:06:51,41553.95,25,292325
20221104,10:07:08,41534.60,25,292325
20221104,10:07:13,41540.00,25,292325
20221104,10:07:30,41541.55,25,292325
20221104,10:07:56,41541.00,25,292325
20221104,10:07:59,41543.50,50,292325
20221104,10:08:13,41539.00,25,292325
20221104,10:08:24,41544.30,50,292400
20221104,10:08:39,41558.95,25,292400
20221104,10:08:44,41558.80,25,292400
20221104,10:08:46,41557.95,25,292400
20221104,10:08:49,41555.00,50,292400
20221104,10:09:14,41554.95,25,292400
20221104,10:09:16,41551.95,25,292400
20221104,10:09:27,41539.00,25,292400
20221104,10:09:36,41530.00,25,292400
20221104,10:09:44,41541.00,25,292400
20221104,10:10:07,41552.00,50,292400
20221104,10:10:42,41552.00,25,292400
20221104,10:10:53,41542.00,25,292400
20221104,10:11:00,41538.90,25,292400
20221104,10:11:10,41530.00,25,292400
20221104,10:11:12,41530.00,25,292400
20221104,10:11:22,41538.05,25,292400
20221104,10:11:30,41530.00,25,292525
20221104,10:11:42,41520.00,25,292525
20221104,10:11:47,41520.00,50,292525
20221104,10:12:26,41533.70,400,292525
20221104,10:12:34,41532.35,25,292525
20221104,10:12:36,41528.15,25,292525
20221104,10:12:44,41527.00,25,292525
20221104,10:12:46,41533.00,25,292525
20221104,10:12:57,41513.75,350,292525
20221104,10:12:58,41512.50,25,292525
20221104,10:13:00,41513.55,150,292525
20221104,10:13:02,41510.00,25,292525
20221104,10:13:03,41489.30,1525,292525
20221104,10:13:05,41490.40,25,292525
20221104,10:13:07,41480.05,100,292525
20221104,10:13:10,41480.05,25,292525
20221104,10:13:15,41480.45,300,292525
20221104,10:13:16,41487.90,25,292525
20221104,10:13:18,41497.50,25,292525
20221104,10:13:20,41497.45,25,292525
20221104,10:13:21,41502.35,25,292525
20221104,10:13:26,41504.90,50,292525
20221104,10:13:36,41497.25,25,292525
20221104,10:13:38,41489.65,25,292525
20221104,10:13:40,41497.35,25,292525
20221104,10:13:45,41503.95,25,292525
20221104,10:14:08,41495.00,25,292525
20221104,10:14:31,41490.60,250,293500
20221104,10:14:38,41488.05,125,293500
20221104,10:14:41,41499.10,25,293500
20221104,10:14:48,41489.45,125,293500
20221104,10:14:49,41478.00,125,293500
20221104,10:14:51,41470.00,200,293500
20221104,10:14:53,41469.65,50,293500
20221104,10:14:54,41469.65,25,293500
20221104,10:14:56,41474.80,25,293500
20221104,10:15:02,41476.70,50,293500
20221104,10:15:04,41470.00,50,293500
20221104,10:15:09,41470.00,50,293500
20221104,10:15:11,41460.75,50,293500
20221104,10:15:12,41460.75,50,293500
20221104,10:15:15,41460.75,25,293500
20221104,10:15:17,41476.00,50,293500
20221104,10:15:19,41475.45,25,293500
20221104,10:15:22,41471.15,50,293500
20221104,10:15:24,41471.05,25,293500
20221104,10:15:29,41478.20,250,293500
20221104,10:15:35,41484.80,25,293500
20221104,10:15:56,41495.00,50,293500
20221104,10:15:57,41493.15,25,293500
20221104,10:16:02,41499.45,25,293500
20221104,10:16:07,41495.00,25,293500
20221104,10:16:16,41495.00,25,293500
20221104,10:16:22,41504.00,25,293500
20221104,10:16:26,41495.00,50,293500
20221104,10:16:41,41501.95,25,293500
20221104,10:16:46,41498.95,100,293500
20221104,10:17:04,41480.85,125,293500
20221104,10:17:12,41490.65,25,293500
20221104,10:17:19,41495.40,100,293500
20221104,10:17:24,41483.00,25,293500
20221104,10:17:25,41480.00,200,293500
20221104,10:17:27,41480.00,375,293500
20221104,10:17:32,41480.00,25,293500
20221104,10:17:35,41480.00,25,293500
20221104,10:17:40,41475.85,150,293500
20221104,10:17:42,41476.70,25,293500
20221104,10:18:03,41480.00,25,293500
20221104,10:18:05,41480.00,25,293500
20221104,10:18:07,41473.95,50,293500
20221104,10:18:12,41480.00,50,293500
20221104,10:18:13,41480.00,25,293500
20221104,10:18:38,41473.85,75,293500
20221104,10:18:41,41473.80,25,293500
20221104,10:18:46,41461.05,25,293500
20221104,10:18:52,41474.35,25,293500
20221104,10:18:54,41465.00,25,293500
20221104,10:18:57,41460.35,50,293500
20221104,10:19:02,41460.35,25,293500
20221104,10:19:11,41460.35,50,293500
20221104,10:19:19,41460.00,125,293500
20221104,10:19:22,41460.00,25,293500
20221104,10:19:24,41456.80,50,293500
20221104,10:19:30,41456.80,50,293500
20221104,10:19:46,41469.95,25,293500
20221104,10:20:01,41473.85,25,293500
20221104,10:20:12,41469.20,50,293500
20221104,10:20:14,41474.75,25,293500
20221104,10:20:23,41470.00,25,293500
20221104,10:20:24,41462.05,25,293500
20221104,10:20:31,41474.75,25,293525
20221104,10:20:34,41480.00,25,293525
20221104,10:20:41,41480.85,50,293525
20221104,10:20:49,41480.00,50,293525
20221104,10:20:51,41483.95,25,293525
20221104,10:20:59,41477.05,25,293525
20221104,10:21:00,41485.90,25,293525
20221104,10:21:05,41486.00,25,293525
20221104,10:21:08,41486.05,25,293525
20221104,10:21:15,41494.50,50,293525
20221104,10:21:20,41499.25,800,293525
20221104,10:21:27,41507.95,100,293525
20221104,10:21:28,41504.80,50,293525
20221104,10:21:33,41499.00,25,293525
20221104,10:21:40,41496.30,275,293525
20221104,10:21:43,41486.00,25,293525
20221104,10:21:47,41488.00,25,293525
20221104,10:21:48,41483.05,25,293525
20221104,10:21:58,41483.05,250,293525
20221104,10:22:07,41485.40,25,293525
20221104,10:22:15,41485.40,250,293525
20221104,10:22:18,41482.70,100,293525
20221104,10:22:40,41479.15,25,293525
20221104,10:22:46,41485.40,25,293525
20221104,10:23:07,41496.95,50,293525
20221104,10:23:11,41496.95,250,293525
20221104,10:23:36,41490.00,50,294125
20221104,10:23:37,41490.25,50,294125
20221104,10:23:39,41490.00,25,294125
20221104,10:23:44,41484.95,50,294125
20221104,10:23:45,41489.00,75,294125
20221104,10:24:06,41486.50,50,294125
20221104,10:24:08,41496.00,25,294125
20221104,10:24:26,41494.05,50,294125
20221104,10:24:47,41490.00,25,294125
20221104,10:25:04,41496.05,75,294125
20221104,10:25:09,41493.95,25,294125
20221104,10:25:15,41493.95,25,294125
20221104,10:25:17,41488.20,75,294125
20221104,10:25:22,41485.95,100,294125
20221104,10:25:39,41485.95,100,294125
20221104,10:26:13,41493.95,50,294125
20221104,10:26:27,41493.95,25,294125
20221104,10:26:35,41496.05,25,294100
20221104,10:26:46,41495.00,25,294100
20221104,10:26:53,41496.00,50,294100
20221104,10:26:59,41490.00,50,294100
20221104,10:27:16,41477.75,150,294100
20221104,10:27:17,41476.05,25,294100
20221104,10:27:19,41472.00,25,294100
20221104,10:27:39,41485.00,100,294100
20221104,10:27:41,41487.75,25,294100
20221104,10:27:42,41486.80,25,294100
20221104,10:27:49,41489.50,25,294100
20221104,10:28:10,41480.00,75,294100
20221104,10:28:12,41480.00,50,294100
20221104,10:28:14,41480.00,75,294100
20221104,10:28:18,41472.15,100,294100
20221104,10:28:20,41476.80,125,294100
20221104,10:28:25,41472.00,50,294100
20221104,10:28:27,41470.00,25,294100
20221104,10:28:30,41470.00,25,294100
20221104,10:28:32,41466.90,125,294100
20221104,10:28:33,41465.40,25,294100
20221104,10:28:37,41455.10,125,294100
20221104,10:28:38,41452.60,300,294100
20221104,10:28:40,41460.40,100,294100
20221104,10:28:45,41456.10,25,294100
20221104,10:29:26,41469.80,25,294100
20221104,10:29:33,41466.55,75,294200
20221104,10:29:45,41461.20,25,294200
20221104,10:30:00,41462.20,25,294200
20221104,10:30:10,41464.10,50,294200
20221104,10:30:25,41475.20,50,294200
20221104,10:30:33,41462.40,75,294200
20221104,10:30:35,41470.85,50,294200
20221104,10:30:38,41462.20,300,294200
20221104,10:30:39,41458.05,100,294200
20221104,10:30:41,41451.00,75,294200
20221104,10:30:44,41451.00,50,294200
20221104,10:31:00,41459.70,100,294200
20221104,10:31:05,41463.30,25,294200
20221104,10:31:07,41463.30,200,294200
20221104,10:31:10,41464.00,25,294200
20221104,10:31:21,41475.00,25,294200
20221104,10:31:33,41474.85,50,294200
20221104,10:31:56,41475.00,25,294200
20221104,10:32:00,41466.25,50,294200
20221104,10:32:19,41474.05,25,294200
20221104,10:32:44,41464.00,25,294725
20221104,10:32:49,41465.40,75,294725
20221104,10:32:52,41464.00,25,294725
20221104,10:33:05,41460.00,50,294725
20221104,10:33:13,41460.00,25,294725
20221104,10:33:15,41453.50,25,294725
20221104,10:33:17,41450.00,400,294725
20221104,10:33:18,41445.00,975,294725
20221104,10:33:23,41440.00,75,294725
20221104,10:33:25,41440.00,75,294725
20221104,10:33:28,41438.45,200,294725
20221104,10:33:30,41435.00,75,294725
20221104,10:33:32,41435.00,75,294725
20221104,10:33:33,41436.65,25,294725
20221104,10:33:38,41447.95,25,294725
20221104,10:33:41,41435.05,25,294725
20221104,10:33:45,41435.35,25,294725
20221104,10:33:46,41441.75,25,294725
20221104,10:33:54,41443.90,25,294725
20221104,10:33:58,41439.65,25,294725
20221104,10:34:07,41443.95,25,294725
20221104,10:34:27,41436.15,25,294725
20221104,10:34:32,41443.95,25,294725
20221104,10:34:35,41443.95,50,294725
20221104,10:34:43,41438.25,25,294725
20221104,10:34:45,41425.00,650,294725
20221104,10:34:51,41425.00,25,294725
20221104,10:35:01,41422.15,625,294725
20221104,10:35:07,41422.15,100,294725
20221104,10:35:24,41429.00,25,294725
20221104,10:35:44,41427.20,150,295900
20221104,10:35:49,41428.85,100,295900
20221104,10:35:55,41432.40,25,295900
20221104,10:35:59,41428.85,25,295900
20221104,10:36:00,41430.00,50,295900
20221104,10:36:24,41437.85,100,295900
20221104,10:36:25,41437.75,50,295900
20221104,10:36:50,41437.75,25,295900
20221104,10:36:55,41443.95,25,295900
20221104,10:36:56,41436.25,50,295900
20221104,10:37:05,41444.95,25,295900
20221104,10:37:06,41440.00,25,295900
20221104,10:37:15,41440.00,25,295900
20221104,10:37:37,41442.40,550,295900
20221104,10:37:51,41439.55,50,295900
20221104,10:38:11,41443.90,25,295900
20221104,10:38:15,41443.90,25,295900
20221104,10:38:21,41430.00,50,295900
20221104,10:38:23,41428.90,200,295900
20221104,10:38:41,41430.00,100,295900
20221104,10:38:46,41428.70,50,295900
20221104,10:38:49,41427.70,50,295900
20221104,10:38:51,41434.85,25,295900
20221104,10:39:13,41435.05,25,295900
20221104,10:39:17,41424.95,225,295900
20221104,10:39:22,41420.75,400,295900
20221104,10:39:25,41420.15,25,295900
20221104,10:39:55,41420.15,250,295900
20221104,10:39:56,41450.00,125,295900
20221104,10:39:58,41450.00,25,295900
20221104,10:40:00,41450.00,150,295900
20221104,10:40:03,41450.00,200,295900
20221104,10:40:12,41440.95,150,295900
20221104,10:40:20,41459.40,25,295900
20221104,10:40:41,41453.35,50,295900
20221104,10:40:48,41452.60,125,295900
20221104,10:41:05,41460.55,125,295900
20221104,10:41:21,41461.80,25,295900
20221104,10:41:25,41465.25,25,295900
20221104,10:41:26,41466.75,425,295900
20221104,10:42:17,41463.10,25,295700
20221104,10:42:24,41463.10,250,295700
20221104,10:42:52,41459.90,25,295700
20221104,10:42:57,41458.55,250,295700
20221104,10:43:04,41459.15,25,295700
20221104,10:43:12,41453.80,25,295700
20221104,10:43:13,41450.00,25,295700
20221104,10:43:49,41445.00,25,295700
20221104,10:44:16,41436.50,25,295700
20221104,10:44:35,41444.00,100,296250
20221104,10:44:52,41435.00,25,296250
20221104,10:44:53,41432.00,25,296250
20221104,10:45:05,41430.00,25,296250
20221104,10:45:11,41420.05,125,296250
20221104,10:45:15,41415.00,175,296250
20221104,10:45:16,41414.00,100,296250
20221104,10:45:18,41414.00,50,296250
20221104,10:45:21,41415.00,50,296250
20221104,10:45:24,41412.00,50,296250
20221104,10:45:26,41408.45,175,296250
20221104,10:45:41,41408.45,100,296250
20221104,10:45:43,41425.50,175,296250
20221104,10:46:01,41418.90,50,296250
20221104,10:46:21,41428.10,25,296250
20221104,10:46:28,41444.20,75,296250
20221104,10:46:46,41449.65,75,296250
20221104,10:46:56,41444.00,25,296250
20221104,10:47:31,41460.00,25,296250
20221104,10:47:33,41460.00,25,296225
20221104,10:47:40,41460.00,25,296225
20221104,10:47:46,41459.95,50,296225
20221104,10:47:50,41459.95,25,296225
20221104,10:48:01,41460.00,175,296225
20221104,10:48:03,41460.00,325,296225
20221104,10:48:06,41460.00,50,296225
20221104,10:48:10,41460.00,25,296225
20221104,10:48:24,41460.00,475,296225
20221104,10:48:26,41460.00,125,296225
20221104,10:48:36,41477.00,25,296225
20221104,10:48:38,41479.20,25,296225
20221104,10:48:39,41480.00,50,296225
20221104,10:48:41,41475.00,25,296225
20221104,10:48:43,41475.00,50,296225
20221104,10:48:44,41470.00,25,296225
20221104,10:48:48,41463.40,25,296225
20221104,10:49:24,41472.20,25,296225
20221104,10:50:04,41464.25,25,296225
20221104,10:50:06,41460.00,75,296225
20221104,10:50:13,41457.20,25,296225
20221104,10:50:22,41450.00,75,296225
20221104,10:50:49,41453.55,25,296225
20221104,10:51:10,41449.75,50,297200
20221104,10:51:25,41444.20,25,297200
20221104,10:51:57,41444.20,25,297200
20221104,10:52:03,41450.00,25,297200
20221104,10:52:17,41444.25,25,297200
20221104,10:52:29,41453.65,25,297200
20221104,10:52:44,41450.90,75,297200
20221104,10:52:52,41456.15,50,297200
20221104,10:52:58,41456.15,50,297200
20221104,10:53:08,41454.00,25,297200
20221104,10:53:19,41446.30,25,297200
20221104,10:53:24,41453.95,50,297200
20221104,10:54:11,41456.00,25,297375
20221104,10:54:26,41456.00,250,297375
20221104,10:55:42,41450.00,25,297375
20221104,10:56:11,41460.00,50,297375
20221104,10:56:37,41459.00,50,297650
20221104,10:56:57,41466.95,25,297650
20221104,10:57:00,41466.50,25,297650
20221104,10:57:13,41474.00,75,297650
20221104,10:57:20,41477.10,25,297650
20221104,10:58:24,41470.00,25,297650
20221104,10:58:27,41469.55,25,297650
20221104,10:59:33,41469.55,250,297650
20221104,10:59:35,41477.05,25,297925
20221104,11:00:18,41480.00,50,297925
20221104,11:00:23,41484.00,25,297925
20221104,11:00:25,41482.20,25,297925
20221104,11:00:36,41477.00,50,297925
20221104,11:00:49,41484.00,25,297925
20221104,11:00:51,41484.00,25,297925
20221104,11:01:32,41493.00,25,297925
20221104,11:01:33,41485.10,25,297925
20221104,11:01:47,41494.30,25,297925
20221104,11:01:54,41495.00,25,297925
20221104,11:02:00,41491.75,50,297925
20221104,11:02:10,41491.00,25,297925
20221104,11:02:11,41494.00,25,297925
20221104,11:02:18,41499.00,50,297925
20221104,11:02:20,41498.00,100,297925
20221104,11:02:21,41498.00,375,297925
20221104,11:02:25,41497.00,25,297925
20221104,11:02:31,41491.00,50,297925
20221104,11:02:33,41495.65,50,297925
20221104,11:02:36,41491.00,150,297475
20221104,11:02:38,41488.55,25,297475
20221104,11:02:43,41485.00,225,297475
20221104,11:02:44,41484.00,25,297475
20221104,11:03:04,41484.00,50,297475
20221104,11:03:26,41473.85,25,297475
20221104,11:03:27,41470.00,25,297475
20221104,11:03:40,41466.05,25,297475
20221104,11:03:47,41470.10,25,297475
20221104,11:03:55,41470.00,25,297475
20221104,11:05:22,41490.00,50,297475
20221104,11:05:27,41491.00,25,297475
20221104,11:05:37,41500.00,250,297900
20221104,11:05:45,41490.00,25,297900
20221104,11:06:00,41490.55,25,297900
20221104,11:06:05,41493.10,25,297900
20221104,11:06:07,41494.50,50,297900
20221104,11:06:27,41496.65,25,297900
20221104,11:07:13,41493.10,25,297900
20221104,11:07:21,41485.00,25,297900
20221104,11:07:30,41486.05,25,297900
20221104,11:07:32,41486.10,25,297900
20221104,11:07:39,41500.00,125,297900
20221104,11:07:47,41500.00,225,297900
20221104,11:08:13,41516.20,50,297900
20221104,11:08:35,41516.80,400,297900
20221104,11:08:59,41510.00,25,298550
20221104,11:09:01,41517.25,25,298550
20221104,11:09:17,41519.65,25,298550
20221104,11:09:19,41519.65,25,298550
20221104,11:09:20,41519.90,25,298550
20221104,11:09:22,41519.00,25,298550
20221104,11:09:37,41510.00,50,298550
20221104,11:09:43,41507.00,125,298550
20221104,11:10:00,41506.65,50,298550
20221104,11:10:05,41498.25,125,298550
20221104,11:10:36,41495.05,25,298550
20221104,11:10:42,41498.05,25,298550
20221104,11:10:47,41499.00,500,298550
20221104,11:11:22,41501.10,25,298550
20221104,11:11:26,41495.00,125,298550
20221104,11:11:36,41492.55,25,299225
20221104,11:12:10,41490.30,25,299225
20221104,11:12:15,41483.00,25,299225
20221104,11:12:23,41486.60,25,299225
20221104,11:12:46,41479.85,25,299225
20221104,11:13:38,41491.55,25,299225
20221104,11:14:11,41484.05,25,299225
20221104,11:14:12,41484.05,250,299225
20221104,11:14:27,41479.05,25,299225
20221104,11:15:23,41493.55,25,299500
20221104,11:15:44,41479.05,25,299500
20221104,11:15:47,41475.00,50,299500
20221104,11:15:49,41470.00,25,299500
20221104,11:16:28,41479.55,25,299500
20221104,11:16:40,41468.25,50,299500
20221104,11:17:35,41480.35,400,299500
20221104,11:18:08,41488.50,25,299700
20221104,11:18:16,41499.75,25,299700
20221104,11:18:28,41500.00,25,299700
20221104,11:18:54,41505.35,25,299700
20221104,11:19:04,41505.90,50,299700
20221104,11:19:15,41504.95,25,299700
20221104,11:19:27,41504.95,25,299700
20221104,11:20:01,41509.85,50,299700
20221104,11:20:57,41508.80,25,299725
20221104,11:21:15,41500.00,25,299725
20221104,11:21:20,41500.00,25,299725
20221104,11:21:23,41502.70,25,299725
20221104,11:21:28,41500.00,25,299725
20221104,11:21:34,41492.10,25,299725
20221104,11:21:51,41491.05,25,299725
20221104,11:22:06,41500.10,25,299725
20221104,11:22:51,41507.00,25,299725
20221104,11:22:53,41507.00,75,299725
20221104,11:23:18,41500.00,25,299725
20221104,11:23:28,41500.00,25,299725
20221104,11:23:29,41496.80,25,299725
20221104,11:23:43,41499.95,25,299725
20221104,11:24:21,41496.00,25,299725
20221104,11:24:29,41498.95,50,299725
20221104,11:24:46,41512.00,125,299725
20221104,11:25:12,41517.55,25,299725
20221104,11:25:15,41524.00,50,299725
20221104,11:25:17,41521.50,75,299725
20221104,11:25:29,41521.00,25,299725
20221104,11:25:30,41521.00,50,299725
20221104,11:25:32,41514.25,25,299725
20221104,11:25:34,41513.20,25,299725
20221104,11:25:47,41508.45,25,299725
20221104,11:26:08,41500.10,25,299725
20221104,11:26:33,41510.00,25,299725
20221104,11:26:39,41510.00,25,299650
20221104,11:26:41,41519.60,25,299650
20221104,11:26:57,41517.45,250,299650
20221104,11:27:08,41521.00,50,299650
20221104,11:27:11,41520.00,25,299650
20221104,11:27:29,41525.00,100,299650
20221104,11:27:55,41520.00,25,299650
20221104,11:28:26,41512.00,25,299650
20221104,11:28:36,41508.55,25,299650
20221104,11:28:53,41500.00,125,299650
20221104,11:28:54,41500.00,25,299650
20221104,11:29:14,41500.00,50,299650
20221104,11:29:30,41488.80,25,299650
20221104,11:29:42,41489.30,25,300075
20221104,11:29:45,41488.75,25,300075
20221104,11:29:57,41494.50,50,300075
20221104,11:30:18,41490.75,50,300075
20221104,11:30:21,41490.05,25,300075
20221104,11:30:25,41490.00,25,300075
20221104,11:31:07,41480.00,25,300075
20221104,11:31:11,41473.60,25,300075
20221104,11:31:52,41483.95,25,300075
20221104,11:32:17,41483.95,25,300075
20221104,11:32:18,41487.20,250,300075
20221104,11:32:22,41475.00,50,300075
20221104,11:33:55,41473.90,125,300075
20221104,11:34:38,41480.90,25,300075
20221104,11:34:50,41475.00,25,300075
20221104,11:35:16,41480.20,25,300075
20221104,11:35:25,41480.50,75,300075
20221104,11:35:32,41485.65,25,300075
20221104,11:36:12,41496.60,75,300000
20221104,11:36:14,41495.15,25,300000
20221104,11:36:15,41496.00,350,300000
20221104,11:36:33,41490.00,150,300000
20221104,11:37:41,41500.00,50,300000
20221104,11:37:42,41500.00,25,300000
20221104,11:37:45,41505.10,25,300000
20221104,11:37:52,41508.05,25,300000
20221104,11:38:06,41515.00,200,300000
20221104,11:38:18,41510.60,25,300000
20221104,11:38:19,41510.35,25,300000
20221104,11:38:21,41511.05,25,300000
20221104,11:38:31,41503.65,25,300000
20221104,11:38:32,41511.05,25,300000
20221104,11:41:10,41511.05,25,300050
20221104,11:41:15,41481.80,100,300050
20221104,11:42:20,41494.35,25,300150
20221104,11:42:23,41494.95,25,300150
20221104,11:42:31,41488.45,125,300150
20221104,11:42:35,41488.40,25,300150
20221104,11:42:39,41488.40,25,300150
20221104,11:43:15,41489.90,175,300150
20221104,11:43:39,41489.90,25,300150
20221104,11:44:12,41489.20,125,300150
20221104,11:44:32,41484.30,50,300150
20221104,11:45:29,41490.00,25,300525
20221104,11:45:59,41492.60,25,300525
20221104,11:46:40,41486.05,25,300525
20221104,11:47:28,41480.00,50,300525
20221104,11:47:55,41480.00,25,300600
20221104,11:48:00,41475.00,25,300600
20221104,11:48:08,41466.00,125,300600
20221104,11:48:10,41466.00,100,300600
20221104,11:48:11,41466.00,175,300600
20221104,11:48:22,41465.00,25,300600
20221104,11:48:25,41465.00,75,300600
20221104,11:48:28,41465.00,25,300600
20221104,11:48:42,41470.00,25,300600
20221104,11:49:01,41488.90,25,300600
20221104,11:49:03,41489.00,25,300600
20221104,11:49:37,41492.25,50,300600
20221104,11:50:12,41492.25,25,300600
20221104,11:50:28,41500.20,25,300600
20221104,11:50:40,41497.60,25,300600
20221104,11:53:24,41500.00,25,300725
20221104,11:54:52,41500.00,25,300725
20221104,11:54:55,41500.00,25,300725
20221104,11:55:24,41501.85,25,300725
20221104,11:55:38,41507.00,50,300725
20221104,11:56:22,41500.00,25,300725
20221104,11:56:36,41497.20,25,300725
20221104,11:57:27,41499.00,25,300725
20221104,11:58:13,41501.85,25,300725
20221104,11:58:23,41495.10,25,300725
20221104,11:58:32,41503.00,25,300725
20221104,12:00:54,41480.05,25,300775
20221104,12:00:55,41480.05,25,300775
20221104,12:02:59,41472.05,25,300775
20221104,12:03:13,41476.05,25,300775
20221104,12:03:48,41496.00,50,300775
20221104,12:05:29,41496.50,25,300775
20221104,12:07:45,41496.50,25,300800
20221104,12:07:54,41500.75,25,300800
20221104,12:09:40,41509.00,25,300800
20221104,12:10:51,41505.00,25,300800
20221104,12:11:01,41511.80,50,300800
20221104,12:11:43,41500.00,25,300800
20221104,12:14:47,41496.35,50,300000
20221104,12:16:23,41497.00,75,300000
20221104,12:16:55,41488.10,25,300000
20221104,12:18:07,41490.00,25,300000
20221104,12:19:02,41484.45,25,299950
20221104,12:19:53,41480.00,25,299950
20221104,12:20:14,41480.00,25,299950
20221104,12:20:19,41480.00,75,299950
20221104,12:20:45,41472.00,25,299950
20221104,12:20:47,41470.00,50,299950
20221104,12:21:19,41472.05,25,300075
20221104,12:21:34,41475.20,25,300075
20221104,12:22:15,41485.00,25,300075
20221104,12:23:37,41497.15,25,300075
20221104,12:24:38,41505.00,25,300050
20221104,12:24:42,41503.30,25,300050
20221104,12:24:47,41515.00,50,300050
20221104,12:24:49,41514.00,25,300050
20221104,12:24:55,41514.95,50,300050
20221104,12:25:07,41515.00,25,300050
20221104,12:25:18,41514.95,25,300050
20221104,12:25:23,41515.00,50,300050
20221104,12:25:25,41515.00,25,300050
20221104,12:25:31,41515.00,25,300050
20221104,12:25:36,41510.85,50,300050
20221104,12:25:44,41515.00,25,300050
20221104,12:25:49,41507.05,25,300050
20221104,12:25:51,41514.95,100,300050
20221104,12:26:09,41525.00,225,300050
20221104,12:26:11,41531.65,125,300050
20221104,12:26:12,41524.95,125,300050
20221104,12:26:14,41532.95,50,300050
20221104,12:26:17,41534.00,25,300050
20221104,12:26:42,41530.00,50,300050
20221104,12:26:44,41533.95,25,300050
20221104,12:26:46,41525.25,25,300050
20221104,12:27:09,41532.95,25,300275
20221104,12:27:12,41532.95,50,300275
20221104,12:27:21,41525.25,25,300275
20221104,12:27:51,41536.00,100,300275
20221104,12:28:09,41525.25,50,300275
20221104,12:28:11,41525.25,50,300275
20221104,12:28:12,41529.85,75,300275
20221104,12:28:21,41533.00,50,300275
20221104,12:29:25,41525.25,25,300275
20221104,12:29:38,41529.00,25,300275
20221104,12:29:45,41527.35,25,300275
20221104,12:30:25,41525.00,50,300300
20221104,12:30:26,41525.00,25,300300
20221104,12:30:38,41520.00,25,300300
20221104,12:30:53,41522.75,25,300300
20221104,12:31:11,41511.70,25,300300
20221104,12:31:13,41511.30,75,300300
20221104,12:31:33,41520.00,25,300300
20221104,12:31:36,41512.10,25,300300
20221104,12:31:48,41512.20,100,300300
20221104,12:32:12,41513.00,50,300300
20221104,12:32:22,41513.00,25,300300
20221104,12:32:40,41526.30,25,300300
20221104,12:32:54,41535.00,100,300600
20221104,12:32:55,41540.00,75,300600
20221104,12:32:57,41543.00,50,300600
20221104,12:32:59,41546.95,50,300600
20221104,12:33:02,41549.00,25,300600
20221104,12:33:22,41535.00,25,300600
20221104,12:35:13,41535.00,25,300600
20221104,12:35:59,41534.00,25,300825
20221104,12:36:24,41534.95,25,300825
20221104,12:36:44,41535.00,25,300825
20221104,12:36:46,41533.90,50,300825
20221104,12:36:49,41533.90,25,300825
20221104,12:36:51,41533.70,25,300825
20221104,12:37:34,41533.70,25,300825
20221104,12:39:08,41524.20,25,300950
20221104,12:40:00,41520.00,25,300950
20221104,12:40:37,41510.00,225,300950
20221104,12:40:52,41505.15,25,300950
20221104,12:41:04,41497.00,100,300950
20221104,12:41:22,41501.10,25,300950
20221104,12:41:53,41492.40,50,300750
20221104,12:42:08,41495.00,100,300750
20221104,12:42:48,41495.00,25,300750
20221104,12:42:59,41491.80,25,300750
20221104,12:43:19,41480.00,25,300750
20221104,12:43:29,41485.95,25,300750
20221104,12:43:39,41480.00,25,300750
20221104,12:43:49,41474.10,50,300750
20221104,12:43:51,41470.90,25,300750
20221104,12:43:52,41472.90,25,300750
20221104,12:44:42,41482.95,25,300750
20221104,12:44:43,41480.00,25,300750
20221104,12:44:55,41475.00,25,300750
20221104,12:44:56,41474.30,50,300850
20221104,12:45:08,41474.25,200,300850
20221104,12:45:09,41470.00,25,300850
20221104,12:45:21,41466.10,25,300850
20221104,12:45:59,41462.50,150,300850
20221104,12:46:02,41450.00,975,300850
20221104,12:46:05,41440.00,25,300850
20221104,12:46:09,41440.00,25,300850
20221104,12:46:23,41435.80,25,300850
20221104,12:46:40,41450.95,75,300850
20221104,12:47:00,41449.95,25,300850
20221104,12:47:01,41449.95,25,300850
20221104,12:47:03,41450.00,25,300850
20221104,12:47:08,41457.95,125,300850
20221104,12:47:10,41450.70,100,300850
20221104,12:47:11,41450.30,75,300850
20221104,12:47:16,41450.00,25,300850
20221104,12:47:42,41450.35,25,300850
20221104,12:47:44,41450.30,25,300850
20221104,12:49:31,41451.95,25,300650
20221104,12:49:43,41460.00,25,300650
20221104,12:50:27,41475.00,50,300650
20221104,12:50:34,41475.00,75,300650
20221104,12:50:50,41475.80,50,300650
20221104,12:50:54,41487.40,25,300650
20221104,12:51:00,41487.50,25,300675
20221104,12:51:19,41479.95,25,300675
20221104,12:51:20,41479.95,25,300675
20221104,12:51:25,41483.00,50,300675
20221104,12:52:28,41480.00,25,300675
20221104,12:52:44,41491.70,25,300675
20221104,12:52:56,41486.35,25,300675
20221104,12:53:12,41488.50,100,300675
20221104,12:53:14,41490.00,150,300675
20221104,12:53:28,41493.00,50,300675
20221104,12:54:00,41480.00,25,300625
20221104,12:54:31,41475.00,25,300625
20221104,12:55:34,41470.00,25,300625
20221104,12:56:15,41473.00,25,300625
20221104,12:56:48,41460.00,25,300625
20221104,12:57:27,41476.50,25,300625
20221104,12:57:31,41471.05,25,300625
20221104,12:57:57,41480.00,75,300625
20221104,12:58:10,41487.20,25,300625
20221104,12:58:44,41493.20,25,300625
20221104,12:59:41,41492.00,25,300625
20221104,12:59:42,41492.00,50,300625
20221104,12:59:44,41500.00,25,300625
20221104,12:59:46,41500.00,25,300625
20221104,12:59:52,41491.85,25,300625
20221104,13:00:09,41494.40,25,300650
20221104,13:00:12,41490.00,50,300650
20221104,13:00:46,41498.10,25,300650
20221104,13:02:15,41500.00,25,300650
20221104,13:02:17,41500.00,125,300650
20221104,13:04:28,41495.00,25,300475
20221104,13:04:43,41508.00,325,300475
20221104,13:05:13,41509.05,25,300475
20221104,13:05:16,41509.05,25,300475
20221104,13:05:18,41509.05,25,300475
20221104,13:05:23,41510.05,25,300475
20221104,13:05:31,41508.30,25,300475
20221104,13:05:34,41514.65,50,300475
20221104,13:05:48,41514.65,500,300475
20221104,13:05:58,41510.25,125,300775
20221104,13:06:26,41512.00,25,300775
20221104,13:06:29,41513.55,50,300775
20221104,13:06:37,41509.10,25,300775
20221104,13:07:02,41501.60,25,300775
20221104,13:07:39,41510.00,25,300775
20221104,13:08:15,41490.00,100,300775
20221104,13:10:19,41480.00,25,300900
20221104,13:10:40,41486.85,25,300900
20221104,13:11:08,41480.00,25,300900
20221104,13:11:33,41490.00,25,300900
20221104,13:13:43,41495.00,100,300950
20221104,13:14:13,41500.00,25,300950
20221104,13:15:04,41506.00,50,300925
20221104,13:15:10,41509.75,25,300925
20221104,13:15:58,41499.15,50,300925
20221104,13:16:52,41509.85,25,300925
20221104,13:17:03,41509.95,75,300925
20221104,13:17:07,41493.35,25,300925
20221104,13:20:04,41504.75,25,301000
20221104,13:20:12,41502.20,50,301000
20221104,13:21:00,41503.00,100,300975
20221104,13:21:25,41506.00,25,300975
20221104,13:21:35,41501.00,50,300975
20221104,13:22:12,41506.50,25,300975
20221104,13:22:33,41502.00,25,300975
20221104,13:23:53,41506.80,25,300975
20221104,13:24:20,41503.00,25,301125
20221104,13:24:32,41510.00,50,301125
20221104,13:24:57,41535.00,50,301125
20221104,13:25:10,41530.00,100,301125
20221104,13:25:11,41530.00,75,301125
20221104,13:25:40,41530.00,100,301125
20221104,13:25:50,41526.05,50,301125
20221104,13:27:22,41517.05,25,301450
20221104,13:27:46,41514.75,25,301450
20221104,13:27:56,41514.50,25,301450
20221104,13:28:10,41519.00,50,301450
20221104,13:28:14,41520.00,25,301450
20221104,13:28:59,41512.00,25,301450
20221104,13:29:17,41520.00,25,301450
20221104,13:30:32,41490.00,50,301450
20221104,13:31:00,41499.10,25,301450
20221104,13:31:12,41510.00,25,301450
20221104,13:31:14,41507.50,25,301450
20221104,13:32:10,41500.00,25,301450
20221104,13:35:49,41510.00,25,301575
20221104,13:35:50,41516.25,25,301575
20221104,13:36:40,41515.75,50,301600
20221104,13:37:06,41505.00,25,301600
20221104,13:39:52,41500.50,25,301625
20221104,13:40:11,41505.00,25,301625
20221104,13:40:31,41505.70,25,301625
20221104,13:40:51,41505.00,25,301625
20221104,13:40:59,41509.70,25,301625
20221104,13:41:13,41505.90,25,301625
20221104,13:42:10,41510.00,25,301675
20221104,13:42:25,41509.90,25,301675
20221104,13:42:42,41508.90,25,301675
20221104,13:43:45,41510.00,25,301675
20221104,13:43:59,41510.00,125,301675
20221104,13:44:59,41502.75,25,301675
20221104,13:45:24,41493.75,25,301725
20221104,13:46:10,41490.00,75,301725
20221104,13:46:15,41486.30,125,301725
20221104,13:46:18,41480.00,75,301725
20221104,13:46:20,41485.30,25,301725
20221104,13:47:43,41479.00,25,301725
20221104,13:47:52,41477.35,25,301725
20221104,13:47:57,41477.25,25,301725
20221104,13:47:59,41477.80,25,301725
20221104,13:48:09,41481.15,50,301775
20221104,13:48:37,41491.00,25,301775
20221104,13:49:39,41491.80,25,301775
20221104,13:50:26,41479.35,25,301775
20221104,13:51:02,41479.35,50,301775
20221104,13:51:07,41481.70,50,301750
20221104,13:51:45,41495.30,25,301750
20221104,13:52:56,41495.40,125,301750
20221104,13:52:57,41495.40,25,301750
20221104,13:53:07,41495.40,125,301750
20221104,13:53:27,41501.75,25,301750
20221104,13:53:34,41492.85,25,301750
20221104,13:53:35,41502.55,25,301750
20221104,13:54:11,41507.00,25,301925
20221104,13:54:15,41513.00,25,301925
20221104,13:54:18,41518.00,25,301925
20221104,13:54:31,41519.80,50,301925
20221104,13:54:46,41515.80,25,301925
20221104,13:54:57,41520.00,50,301925
20221104,13:55:02,41529.00,75,301925
20221104,13:55:15,41530.00,25,301925
20221104,13:55:34,41526.60,100,301925
20221104,13:55:38,41533.55,75,301925
20221104,13:55:43,41537.00,25,301925
20221104,13:56:16,41539.00,75,301925
20221104,13:56:23,41537.10,25,301925
20221104,13:56:26,41537.10,25,301925
20221104,13:56:31,41543.00,100,301925
20221104,13:56:33,41543.95,25,301925
20221104,13:56:43,41537.10,25,301925
20221104,13:57:04,41539.20,25,301925
20221104,13:57:29,41523.90,25,302050
20221104,13:58:19,41530.90,150,302050
20221104,13:58:34,41532.60,50,302050
20221104,13:59:20,41517.05,50,302050
20221104,14:00:03,41504.15,25,302050
20221104,14:00:16,41503.25,25,302025
20221104,14:00:39,41488.05,25,302025
20221104,14:01:16,41497.50,25,302025
20221104,14:01:27,41506.75,25,302025
20221104,14:01:42,41508.15,25,302025
20221104,14:01:47,41508.70,25,302025
20221104,14:02:21,41509.00,500,302025
20221104,14:02:54,41498.00,50,302025
20221104,14:02:59,41498.00,25,302025
20221104,14:03:12,41490.00,50,302375
20221104,14:03:40,41482.00,25,302375
20221104,14:03:41,41482.00,25,302375
20221104,14:03:43,41481.95,25,302375
20221104,14:03:45,41489.50,50,302375
20221104,14:03:46,41482.00,25,302375
20221104,14:04:56,41480.70,25,302375
20221104,14:04:58,41480.00,150,302375
20221104,14:05:03,41470.05,25,302375
20221104,14:05:04,41479.00,25,302375
20221104,14:05:19,41481.90,100,302375
20221104,14:05:50,41480.00,25,302375
20221104,14:05:59,41477.00,50,302375
20221104,14:06:01,41473.30,125,302375
20221104,14:06:03,41465.00,25,302375
20221104,14:06:06,41468.50,25,302375
20221104,14:06:08,41460.00,300,302375
20221104,14:06:19,41455.70,25,302525
20221104,14:06:41,41447.65,300,302525
20221104,14:06:46,41442.10,25,302525
20221104,14:06:52,41454.85,25,302525
20221104,14:06:59,41455.00,25,302525
20221104,14:07:22,41469.90,25,302525
20221104,14:07:44,41480.00,25,302525
20221104,14:07:55,41470.10,25,302525
20221104,14:07:57,41470.00,25,302525
20221104,14:08:48,41474.00,25,302525
20221104,14:09:18,41470.05,25,302675
20221104,14:09:23,41470.00,25,302675
20221104,14:09:50,41460.00,50,302675
20221104,14:09:56,41450.00,50,302675
20221104,14:10:00,41444.45,50,302675
20221104,14:10:01,41440.00,500,302675
20221104,14:10:06,41422.00,1425,302675
20221104,14:10:08,41420.00,100,302675
20221104,14:10:10,41419.30,25,302675
20221104,14:10:11,41401.00,450,302675
20221104,14:10:13,41401.00,25,302675
20221104,14:10:15,41402.00,50,302675
20221104,14:10:19,41407.85,25,302675
20221104,14:10:34,41409.35,100,302675
20221104,14:10:36,41417.95,25,302675
20221104,14:10:38,41421.55,25,302675
20221104,14:10:41,41423.30,25,302675
20221104,14:10:49,41430.40,50,302675
20221104,14:11:03,41425.00,25,302675
20221104,14:11:08,41416.80,50,302675
20221104,14:11:14,41416.80,25,302675
20221104,14:11:23,41425.70,25,302675
20221104,14:11:43,41424.30,50,302675
20221104,14:11:52,41416.80,100,302675
20221104,14:12:01,41410.00,75,302675
20221104,14:12:04,41412.05,150,302675
20221104,14:12:06,41405.00,25,302675
20221104,14:12:07,41406.60,125,302675
20221104,14:12:09,41401.00,125,302675
20221104,14:12:11,41401.00,450,303375
20221104,14:12:12,41401.00,50,303375
20221104,14:12:17,41401.00,75,303375
20221104,14:12:20,41401.00,100,303375
20221104,14:12:22,41400.90,50,303375
20221104,14:12:24,41400.90,25,303375
20221104,14:12:29,41409.45,25,303375
20221104,14:12:34,41419.00,25,303375
20221104,14:12:42,41421.90,25,303375
20221104,14:12:45,41420.05,25,303375
20221104,14:12:55,41428.00,25,303375
20221104,14:13:10,41426.95,100,303375
20221104,14:13:15,41428.00,25,303375
20221104,14:13:17,41422.00,25,303375
20221104,14:13:25,41420.05,50,303375
20221104,14:13:29,41422.00,25,303375
20221104,14:13:35,41430.00,25,303375
20221104,14:13:37,41429.90,25,303375
20221104,14:13:39,41422.05,25,303375
20221104,14:13:57,41437.60,75,303375
20221104,14:14:00,41441.80,50,303375
20221104,14:14:07,41439.95,25,303375
20221104,14:14:14,41439.20,25,303375
20221104,14:14:25,41453.60,50,303375
20221104,14:14:39,41451.45,25,303375
20221104,14:14:40,41460.00,100,303375
20221104,14:14:49,41465.00,25,303375
20221104,14:14:50,41465.60,25,303375
20221104,14:15:07,41454.75,25,303375
20221104,14:15:09,41450.00,25,303375
20221104,14:15:17,41450.00,75,303450
20221104,14:15:20,41450.20,25,303450
20221104,14:15:39,41480.00,50,303450
20221104,14:15:47,41474.15,25,303450
20221104,14:16:10,41470.05,50,303450
20221104,14:16:16,41460.90,25,303450
20221104,14:16:35,41454.00,75,303450
20221104,14:16:37,41450.00,100,303450
20221104,14:16:39,41450.00,25,303450
20221104,14:16:42,41450.00,50,303450
20221104,14:16:44,41450.00,50,303450
20221104,14:16:52,41448.10,25,303450
20221104,14:16:54,41450.05,25,303450
20221104,14:17:20,41459.30,25,303450
20221104,14:17:24,41462.95,75,303450
20221104,14:17:25,41455.60,25,303450
20221104,14:17:58,41471.75,50,303450
20221104,14:18:10,41477.85,25,303475
20221104,14:18:25,41477.85,25,303475
20221104,14:18:43,41465.95,25,303475
20221104,14:18:45,41458.25,25,303475
20221104,14:18:52,41456.40,50,303475
20221104,14:18:53,41454.70,50,303475
20221104,14:19:54,41453.35,25,303475
20221104,14:20:34,41467.95,25,303475
20221104,14:21:14,41460.00,25,303550
20221104,14:21:23,41455.10,25,303550
20221104,14:21:40,41455.00,75,303550
20221104,14:21:45,41452.20,25,303550
20221104,14:21:47,41460.80,25,303550
20221104,14:22:13,41452.10,25,303550
20221104,14:22:18,41452.00,25,303550
20221104,14:22:19,41450.40,50,303550
20221104,14:22:37,41450.40,25,303550
20221104,14:22:40,41450.40,25,303550
20221104,14:22:45,41450.00,100,303550
20221104,14:23:02,41440.00,25,303550
20221104,14:23:10,41428.70,200,303550
20221104,14:23:20,41424.95,75,303550
20221104,14:23:21,41425.45,25,303550
20221104,14:23:23,41425.45,25,303550
20221104,14:23:31,41423.50,100,303550
20221104,14:23:33,41428.70,175,303550
20221104,14:23:34,41429.85,25,303550
20221104,14:23:38,41430.95,25,303550
20221104,14:23:39,41425.60,25,303550
20221104,14:23:49,41425.60,25,303550
20221104,14:24:01,41433.80,25,303550
20221104,14:24:42,41434.25,25,303950
20221104,14:24:47,41432.85,150,303950
20221104,14:24:51,41440.00,100,303950
20221104,14:24:52,41449.95,50,303950
20221104,14:25:29,41440.00,25,303950
20221104,14:26:31,41440.00,25,303950
20221104,14:26:33,41432.00,50,303950
20221104,14:26:35,41439.95,150,303950
20221104,14:27:10,41450.00,25,303950
20221104,14:27:12,41450.00,75,304025
20221104,14:27:13,41455.00,25,304025
20221104,14:27:16,41460.00,50,304025
20221104,14:27:33,41462.45,100,304025
20221104,14:27:35,41466.80,25,304025
20221104,14:28:41,41470.00,150,304025
20221104,14:28:43,41479.00,25,304025
20221104,14:28:48,41491.95,150,304025
20221104,14:29:01,41498.65,50,304025
20221104,14:29:04,41487.40,25,304025
20221104,14:29:08,41481.75,25,304025
20221104,14:29:27,41487.20,125,304025
20221104,14:30:01,41487.00,25,304025
20221104,14:30:04,41500.00,50,304025
20221104,14:30:08,41494.15,25,304025
20221104,14:30:09,41500.00,25,304025
20221104,14:30:11,41500.00,200,304025
20221104,14:30:13,41507.95,25,304025
20221104,14:30:24,41508.30,50,303900
20221104,14:30:36,41505.00,25,303900
20221104,14:30:44,41495.10,150,303900
20221104,14:30:52,41500.00,50,303900
20221104,14:31:26,41496.95,125,303900
20221104,14:31:53,41475.10,50,303900
20221104,14:32:14,41484.10,25,303900
20221104,14:32:54,41472.05,75,303900
20221104,14:33:03,41468.40,25,303900
20221104,14:33:04,41468.35,75,303900
20221104,14:33:08,41472.05,25,303900
20221104,14:33:45,41472.05,225,304050
20221104,14:33:47,41472.05,125,304050
20221104,14:33:57,41472.05,100,304050
20221104,14:33:59,41472.35,50,304050
20221104,14:34:20,41472.40,50,304050
20221104,14:34:30,41472.35,25,304050
20221104,14:34:38,41467.00,25,304050
20221104,14:35:52,41471.30,25,304050
20221104,14:36:27,41460.00,25,304425
20221104,14:37:53,41469.55,50,304425
20221104,14:37:55,41472.35,50,304425
20221104,14:38:13,41467.60,25,304425
20221104,14:38:16,41472.40,100,304425
20221104,14:38:18,41472.40,50,304425
20221104,14:38:26,41472.40,25,304425
20221104,14:38:31,41472.30,25,304425
20221104,14:39:05,41472.40,50,304425
20221104,14:39:07,41472.40,25,304425
20221104,14:39:10,41472.40,25,304425
20221104,14:39:13,41472.40,25,304425
20221104,14:39:16,41472.40,200,304525
20221104,14:39:29,41479.70,25,304525
20221104,14:39:51,41468.45,25,304525
20221104,14:39:57,41459.60,50,304525
20221104,14:40:02,41456.95,25,304525
20221104,14:40:09,41468.45,25,304525
20221104,14:40:41,41471.30,25,304525
20221104,14:42:30,41485.75,50,304750
20221104,14:43:02,41478.55,25,304750
20221104,14:43:12,41481.70,25,304750
20221104,14:43:20,41481.55,25,304750
20221104,14:43:27,41485.20,75,304750
20221104,14:43:43,41485.25,25,304750
20221104,14:43:45,41485.25,25,304750
20221104,14:44:03,41485.75,25,304750
20221104,14:44:13,41490.00,50,304750
20221104,14:44:21,41490.00,25,304750
20221104,14:44:23,41494.40,25,304750
20221104,14:44:28,41485.75,25,304750
20221104,14:44:51,41492.25,25,304750
20221104,14:45:13,41495.00,25,304750
20221104,14:45:29,41501.75,25,304600
20221104,14:45:39,41500.90,25,304600
20221104,14:46:29,41494.95,100,304600
20221104,14:46:32,41490.00,25,304600
20221104,14:46:50,41490.50,50,304600
20221104,14:46:55,41500.00,75,304600
20221104,14:46:59,41496.35,25,304600
20221104,14:47:02,41500.00,25,304600
20221104,14:47:32,41500.90,25,304600
20221104,14:47:34,41493.00,250,304600
20221104,14:48:21,41502.35,25,304700
20221104,14:48:47,41498.00,50,304700
20221104,14:49:57,41489.15,50,304700
20221104,14:49:59,41490.00,25,304700
20221104,14:50:01,41490.00,50,304700
20221104,14:50:06,41500.00,25,304700
20221104,14:50:09,41500.00,75,304700
20221104,14:50:12,41502.15,25,304700
20221104,14:50:37,41500.00,25,304700
20221104,14:50:39,41496.00,25,304700
20221104,14:50:49,41495.90,75,304700
20221104,14:50:50,41500.00,25,304700
20221104,14:50:57,41503.80,25,304700
20221104,14:51:05,41501.35,50,304700
20221104,14:51:20,41496.00,25,305125
20221104,14:51:24,41496.00,25,305125
20221104,14:51:32,41496.00,25,305125
20221104,14:51:55,41496.00,50,305125
20221104,14:52:06,41493.30,50,305125
20221104,14:52:08,41490.05,25,305125
20221104,14:52:10,41486.00,50,305125
20221104,14:52:57,41497.30,25,305125
20221104,14:53:50,41501.45,25,305125
20221104,14:54:19,41495.80,25,305300
20221104,14:54:21,41498.30,25,305300
20221104,14:54:26,41495.00,25,305300
20221104,14:54:29,41492.00,25,305300
20221104,14:54:37,41490.60,25,305300
20221104,14:54:45,41491.70,50,305300
20221104,14:55:08,41490.30,50,305300
20221104,14:55:24,41496.55,25,305300
20221104,14:55:42,41496.25,25,305300
20221104,14:56:26,41477.30,600,305300
20221104,14:56:32,41489.00,25,305300
20221104,14:56:52,41489.65,25,305300
20221104,14:57:08,41490.00,25,305300
20221104,14:57:42,41495.00,25,305250
20221104,14:57:43,41497.55,125,305250
20221104,14:57:51,41495.00,50,305250
20221104,14:58:31,41495.55,25,305250
20221104,14:58:33,41500.00,25,305250
20221104,14:58:41,41498.20,25,305250
20221104,14:58:54,41505.00,25,305250
20221104,14:59:10,41504.20,50,305250
20221104,14:59:36,41502.10,25,305250
20221104,14:59:53,41504.20,25,305250
20221104,14:59:58,41505.00,25,305250
20221104,15:00:03,41504.20,25,305250
20221104,15:00:04,41510.00,75,305250
20221104,15:00:06,41510.00,75,305250
20221104,15:00:08,41524.00,225,305250
20221104,15:00:10,41524.15,25,305250
20221104,15:00:11,41525.00,25,305250
20221104,15:00:13,41525.00,50,305250
20221104,15:00:14,41529.95,25,305250
20221104,15:00:23,41524.75,25,305475
20221104,15:00:24,41530.00,25,305475
20221104,15:00:26,41530.00,50,305475
20221104,15:00:29,41533.00,25,305475
20221104,15:00:33,41536.00,75,305475
20221104,15:01:04,41535.80,25,305475
20221104,15:01:08,41540.00,100,305475
20221104,15:01:11,41545.35,75,305475
20221104,15:01:13,41545.10,25,305475
20221104,15:01:19,41543.85,25,305475
20221104,15:01:22,41538.80,25,305475
20221104,15:01:37,41531.95,100,305475
20221104,15:02:06,41525.15,50,305475
20221104,15:02:08,41525.00,75,305475
20221104,15:02:44,41535.00,25,305475
20221104,15:02:49,41536.00,75,305475
20221104,15:03:00,41540.00,25,305475
20221104,15:03:04,41540.05,25,305475
20221104,15:03:12,41537.15,25,305475
20221104,15:03:18,41534.85,25,305350
20221104,15:03:27,41532.80,25,305350
20221104,15:03:28,41532.75,50,305350
20221104,15:03:46,41535.00,25,305350
20221104,15:03:59,41540.00,25,305350
20221104,15:04:03,41545.00,25,305350
20221104,15:04:04,41549.00,25,305350
20221104,15:04:06,41553.00,275,305350
20221104,15:04:11,41553.00,25,305350
20221104,15:04:13,41548.05,25,305350
20221104,15:04:17,41553.95,75,305350
20221104,15:04:22,41553.15,25,305350
20221104,15:04:24,41549.05,25,305350
20221104,15:04:28,41551.45,50,305350
20221104,15:04:34,41539.10,25,305350
20221104,15:04:48,41542.30,25,305350
20221104,15:05:03,41533.05,25,305350
20221104,15:05:09,41546.85,75,305350
20221104,15:05:16,41544.30,50,305350
20221104,15:05:21,41553.10,25,305350
20221104,15:05:26,41557.90,200,305350
20221104,15:05:28,41553.35,25,305350
20221104,15:05:44,41560.00,150,305350
20221104,15:05:49,41566.00,100,305350
20221104,15:05:56,41563.95,25,305350
20221104,15:06:06,41567.40,150,305350
20221104,15:06:09,41566.15,100,305350
20221104,15:06:17,41563.65,50,305350
20221104,15:06:27,41556.05,400,305175
20221104,15:06:29,41566.00,25,305175
20221104,15:06:37,41568.95,75,305175
20221104,15:06:39,41563.10,50,305175
20221104,15:06:48,41561.10,25,305175
20221104,15:06:54,41560.35,100,305175
20221104,15:06:57,41563.00,25,305175
20221104,15:07:04,41568.95,25,305175
20221104,15:07:09,41569.80,25,305175
20221104,15:07:12,41569.80,100,305175
20221104,15:07:14,41570.00,200,305175
20221104,15:07:16,41579.25,125,305175
20221104,15:07:22,41579.95,25,305175
20221104,15:07:24,41580.00,100,305175
20221104,15:07:26,41580.00,325,305175
20221104,15:07:27,41580.00,225,305175
20221104,15:07:31,41582.75,25,305175
20221104,15:07:34,41588.00,75,305175
20221104,15:07:36,41589.80,25,305175
20221104,15:07:37,41581.45,25,305175
20221104,15:07:39,41581.20,25,305175
20221104,15:07:42,41584.00,225,305175
20221104,15:07:44,41581.20,25,305175
20221104,15:07:51,41586.55,25,305175
20221104,15:07:56,41586.55,25,305175
20221104,15:07:57,41589.75,50,305175
20221104,15:07:59,41582.10,25,305175
20221104,15:08:06,41585.70,50,305175
20221104,15:08:09,41586.00,50,305175
20221104,15:08:12,41581.20,25,305175
20221104,15:08:14,41576.05,100,305175
20221104,15:08:15,41580.00,50,305175
20221104,15:08:17,41572.20,25,305175
20221104,15:08:24,41576.45,125,305175
20221104,15:08:38,41573.25,25,305175
20221104,15:08:48,41587.00,25,305175
20221104,15:08:53,41588.95,25,305175
20221104,15:09:00,41590.00,50,305175
20221104,15:09:01,41590.00,25,305175
20221104,15:09:05,41593.00,100,305175
20221104,15:09:10,41595.00,25,305175
20221104,15:09:12,41591.25,25,305175
20221104,15:09:13,41591.25,25,305175
20221104,15:09:16,41595.00,25,305175
20221104,15:09:18,41591.25,50,305175
20221104,15:09:19,41594.55,25,305175
20221104,15:09:21,41593.80,25,305775
20221104,15:09:23,41594.25,25,305775
20221104,15:09:26,41594.40,25,305775
20221104,15:09:28,41594.40,50,305775
20221104,15:09:29,41595.25,50,305775
20221104,15:09:31,41599.00,25,305775
20221104,15:09:33,41599.00,25,305775
20221104,15:09:34,41592.05,25,305775
20221104,15:09:36,41600.00,250,305775
20221104,15:09:41,41599.00,25,305775
20221104,15:09:43,41593.25,25,305775
20221104,15:09:44,41600.00,250,305775
20221104,15:09:48,41602.95,75,305775
20221104,15:09:53,41600.00,25,305775
20221104,15:09:56,41596.10,25,305775
20221104,15:09:59,41605.20,25,305775
20221104,15:10:04,41603.85,50,305775
20221104,15:10:06,41610.00,50,305775
20221104,15:10:08,41612.95,50,305775
20221104,15:10:09,41617.65,25,305775
20221104,15:10:16,41620.00,25,305775
20221104,15:10:19,41620.00,50,305775
20221104,15:10:26,41615.75,25,305775
20221104,15:10:28,41616.25,25,305775
20221104,15:10:31,41610.00,75,305775
20221104,15:10:36,41609.20,25,305775
20221104,15:10:38,41610.00,25,305775
20221104,15:10:41,41617.85,25,305775
20221104,15:10:42,41612.95,25,305775
20221104,15:10:44,41610.70,25,305775
20221104,15:10:46,41613.00,50,305775
20221104,15:10:47,41604.90,50,305775
20221104,15:10:49,41611.45,25,305775
20221104,15:10:59,41605.55,75,305775
20221104,15:11:06,41599.45,125,305775
20221104,15:11:09,41604.35,50,305775
20221104,15:11:11,41600.05,50,305775
20221104,15:11:13,41600.10,25,305775
20221104,15:11:18,41600.50,25,305775
20221104,15:11:19,41611.60,100,305775
20221104,15:11:21,41603.05,25,305775
20221104,15:11:26,41608.70,50,305775
20221104,15:11:29,41609.50,50,305775
20221104,15:11:31,41610.00,25,305775
20221104,15:11:33,41615.35,25,305775
20221104,15:11:42,41610.15,25,305775
20221104,15:11:47,41612.05,25,305775
20221104,15:11:52,41608.30,25,305775
20221104,15:11:54,41611.00,275,305775
20221104,15:11:55,41608.35,75,305775
20221104,15:11:59,41613.35,25,305775
20221104,15:12:02,41615.00,25,305775
20221104,15:12:05,41613.30,25,305775
20221104,15:12:08,41607.65,100,305775
20221104,15:12:12,41608.30,25,305775
20221104,15:12:15,41602.00,225,305775
20221104,15:12:23,41604.00,25,307150
20221104,15:12:31,41605.30,25,307150
20221104,15:12:40,41600.00,125,307150
20221104,15:12:45,41596.25,50,307150
20221104,15:12:46,41601.00,25,307150
20221104,15:12:50,41600.30,25,307150
20221104,15:13:01,41591.30,50,307150
20221104,15:13:06,41586.70,25,307150
20221104,15:13:08,41584.60,250,307150
20221104,15:13:10,41590.35,25,307150
20221104,15:13:13,41598.15,100,307150
20221104,15:13:15,41598.40,50,307150
20221104,15:13:21,41596.65,25,307150
20221104,15:13:25,41594.75,25,307150
20221104,15:13:28,41594.85,75,307150
20221104,15:13:31,41595.15,25,307150
20221104,15:13:36,41590.35,75,307150
20221104,15:13:41,41590.35,50,307150
20221104,15:13:51,41600.00,25,307150
20221104,15:13:53,41600.30,25,307150
20221104,15:13:57,41593.95,50,307150
20221104,15:14:02,41600.20,25,307150
20221104,15:14:04,41600.00,25,307150
20221104,15:14:17,41601.40,25,307150
20221104,15:14:27,41600.00,25,307150
20221104,15:14:45,41610.00,25,307150
20221104,15:14:55,41605.00,25,307150
20221104,15:14:58,41612.00,25,307150
20221104,15:15:06,41613.35,75,307150
20221104,15:15:09,41613.10,225,307150
20221104,15:15:14,41607.05,100,307150
20221104,15:15:16,41612.80,25,307150
20221104,15:15:21,41608.60,25,308150
20221104,15:15:23,41612.70,75,308150
20221104,15:15:35,41600.05,50,308150
20221104,15:15:40,41602.70,25,308150
20221104,15:15:46,41606.25,25,308150
20221104,15:15:50,41595.25,50,308150
20221104,15:15:53,41593.25,25,308150
20221104,15:16:08,41598.00,25,308150
20221104,15:16:11,41600.00,25,308150
20221104,15:16:21,41603.30,25,308150
20221104,15:16:37,41607.00,25,308150
20221104,15:16:42,41605.35,50,308150
20221104,15:16:46,41596.25,25,308150
20221104,15:16:49,41602.25,25,308150
20221104,15:16:50,41603.80,25,308150
20221104,15:17:15,41593.25,25,308150
20221104,15:17:20,41593.45,50,308150
20221104,15:17:23,41591.85,25,308150
20221104,15:17:25,41590.00,50,308150
20221104,15:17:31,41589.05,50,308150
20221104,15:17:41,41597.00,25,308150
20221104,15:17:46,41599.65,25,308150
20221104,15:17:51,41590.85,200,308150
20221104,15:17:56,41588.95,25,308150
20221104,15:17:58,41588.05,50,308150
20221104,15:18:00,41595.50,25,308150
20221104,15:18:08,41599.00,25,308150
20221104,15:18:13,41600.00,150,308150
20221104,15:18:26,41600.00,25,308450
20221104,15:18:33,41600.00,50,308450
20221104,15:18:49,41592.85,50,308450
20221104,15:18:54,41599.90,25,308450
20221104,15:18:55,41600.00,100,308450
20221104,15:18:58,41593.20,25,308450
20221104,15:19:02,41599.00,25,308450
20221104,15:19:03,41594.95,25,308450
20221104,15:19:10,41595.85,25,308450
20221104,15:19:24,41594.90,50,308450
20221104,15:19:26,41599.00,50,308450
20221104,15:19:42,41599.00,25,308450
20221104,15:19:44,41600.00,25,308450
20221104,15:19:47,41599.65,25,308450
20221104,15:19:55,41600.00,50,308450
20221104,15:19:59,41600.00,25,308450
20221104,15:20:00,41600.00,50,308450
20221104,15:20:09,41600.00,50,308450
20221104,15:20:12,41607.10,25,308450
20221104,15:20:16,41605.60,50,308450
20221104,15:20:18,41605.60,50,308450
20221104,15:20:20,41605.60,25,308450
20221104,15:20:21,41609.90,500,308450
20221104,15:20:25,41600.00,25,308450
20221104,15:20:39,41607.40,75,308450
20221104,15:20:43,41607.05,150,308450
20221104,15:20:58,41600.05,25,308450
20221104,15:21:02,41607.05,25,308450
20221104,15:21:04,41602.05,25,308450
20221104,15:21:24,41602.00,50,309025
20221104,15:21:25,41606.10,50,309025
20221104,15:21:28,41602.05,25,309025
20221104,15:21:30,41605.05,25,309025
20221104,15:21:32,41602.05,25,309025
20221104,15:21:33,41606.10,25,309025
20221104,15:21:37,41602.00,50,309025
20221104,15:21:38,41605.00,25,309025
20221104,15:21:48,41607.00,25,309025
20221104,15:21:52,41605.00,25,309025
20221104,15:21:53,41607.00,50,309025
20221104,15:22:00,41607.00,25,309025
20221104,15:22:03,41610.00,100,309025
20221104,15:22:16,41608.00,25,309025
20221104,15:22:28,41596.40,225,309025
20221104,15:22:33,41601.65,25,309025
20221104,15:22:50,41605.50,25,309025
20221104,15:22:53,41603.10,25,309025
20221104,15:22:55,41602.25,75,309025
20221104,15:23:00,41600.05,25,309025
20221104,15:23:03,41605.00,25,309025
20221104,15:23:06,41605.00,50,309025
20221104,15:23:10,41606.00,25,309025
20221104,15:23:16,41606.00,25,309025
20221104,15:23:33,41610.00,50,309025
20221104,15:23:39,41610.00,25,309025
20221104,15:23:42,41604.85,50,309025
20221104,15:23:44,41610.00,50,309025
20221104,15:23:54,41608.65,25,309025
20221104,15:23:56,41610.00,25,309025
20221104,15:24:07,41615.00,25,309025
20221104,15:24:09,41615.00,50,309025
20221104,15:24:12,41610.05,50,309025
20221104,15:24:14,41616.00,225,309025
20221104,15:24:16,41616.00,25,309025
20221104,15:24:17,41616.00,225,309025
20221104,15:24:19,41616.00,25,309025
20221104,15:24:21,41617.95,100,309025
20221104,15:24:22,41610.85,25,309550
20221104,15:24:31,41618.55,25,309550
20221104,15:24:34,41618.00,200,309550
20221104,15:24:39,41618.80,75,309550
20221104,15:24:42,41618.00,25,309550
20221104,15:24:49,41618.90,125,309550
20221104,15:24:54,41619.00,25,309550
20221104,15:25:01,41612.90,25,309550
20221104,15:25:04,41616.00,75,309550
20221104,15:25:07,41618.00,50,309550
20221104,15:25:09,41618.00,25,309550
20221104,15:25:16,41618.00,25,309550
20221104,15:25:19,41619.00,25,309550
20221104,15:25:22,41619.00,50,309550
20221104,15:25:29,41619.00,50,309550
20221104,15:25:32,41619.00,100,309550
20221104,15:25:33,41619.00,25,309550
20221104,15:25:35,41619.00,100,309550
20221104,15:25:38,41620.00,225,309550
20221104,15:25:40,41619.70,75,309550
20221104,15:25:48,41620.00,100,309550
20221104,15:25:50,41620.00,25,309550
20221104,15:25:52,41625.00,225,309550
20221104,15:25:58,41625.00,50,309550
20221104,15:26:06,41625.00,50,309550
20221104,15:26:10,41625.70,125,309550
20221104,15:26:11,41625.00,50,309550
20221104,15:26:18,41625.95,25,309550
20221104,15:26:25,41624.20,50,309550
20221104,15:26:26,41625.95,25,309550
20221104,15:26:33,41628.45,75,309550
20221104,15:26:36,41629.00,25,309550
20221104,15:26:38,41629.95,150,309550
20221104,15:26:40,41630.00,125,309550
20221104,15:26:41,41629.95,75,309550
20221104,15:26:43,41630.00,25,309550
20221104,15:26:45,41634.00,125,309550
20221104,15:26:51,41635.05,25,309550
20221104,15:26:55,41635.05,50,309550
20221104,15:27:01,41640.00,50,309550
20221104,15:27:05,41640.00,25,309550
20221104,15:27:06,41643.00,100,309550
20221104,15:27:08,41641.75,25,309550
20221104,15:27:13,41641.30,25,309550
20221104,15:27:15,41641.75,25,309550
20221104,15:27:16,41636.10,25,309550
20221104,15:27:18,41636.10,25,309550
20221104,15:27:20,41636.10,75,309550
20221104,15:27:26,41641.75,200,310250
20221104,15:27:29,41641.85,50,310250
20221104,15:27:36,41640.20,25,310250
20221104,15:27:38,41643.00,75,310250
20221104,15:27:51,41644.00,25,310250
20221104,15:27:54,41644.55,225,310250
20221104,15:27:59,41643.00,175,310250
20221104,15:28:02,41643.35,200,310250
20221104,15:28:04,41643.35,25,310250
20221104,15:28:06,41644.00,275,310250
20221104,15:28:09,41644.05,25,310250
20221104,15:28:12,41644.80,50,310250
20221104,15:28:16,41644.05,25,310250
20221104,15:28:19,41644.00,75,310250
20221104,15:28:21,41644.00,25,310250
20221104,15:28:22,41643.05,25,310250
20221104,15:28:24,41640.00,200,310250
20221104,15:28:26,41645.80,75,310250
20221104,15:28:34,41641.00,125,310250
20221104,15:28:37,41642.00,25,310250
20221104,15:28:39,41647.20,50,310250
20221104,15:28:41,41647.05,75,310250
20221104,15:28:44,41645.90,25,310250
20221104,15:28:47,41640.45,75,310250
20221104,15:28:51,41642.25,50,310250
20221104,15:28:52,41647.00,25,310250
20221104,15:28:54,41642.25,50,310250
20221104,15:28:57,41646.95,25,310250
20221104,15:28:59,41643.00,25,310250
20221104,15:29:02,41647.00,50,310250
20221104,15:29:06,41647.00,50,310250
20221104,15:29:07,41640.00,225,310250
20221104,15:29:11,41642.25,50,310250
20221104,15:29:16,41648.95,125,310250
20221104,15:29:17,41641.05,100,310250
20221104,15:29:19,41640.60,100,310250
20221104,15:29:21,41642.25,50,310250
20221104,15:29:26,41640.00,125,310250
20221104,15:29:29,41644.95,75,310250
20221104,15:29:31,41645.00,50,310250
20221104,15:29:34,41644.35,25,310250
20221104,15:29:35,41648.35,50,310250
20221104,15:29:37,41645.00,225,310250
20221104,15:29:44,41643.50,100,310250
20221104,15:29:52,41646.45,100,310250
20221104,15:29:54,41647.05,75,310250
