20221104,09:15:00,18135.00,1,11605250
20221104,09:15:00,18108.15,1,11605250
20221104,09:15:00,18111.50,400,11605250
20221104,09:15:00,18108.00,1300,11605250
20221104,09:15:01,18105.20,1850,11605250
20221104,09:15:02,18105.20,6550,11605250
20221104,09:15:03,18118.40,2000,11605250
20221104,09:15:04,18137.05,18250,11605250
20221104,09:15:05,18137.85,2150,11605250
20221104,09:15:06,18140.60,6400,11605250
20221104,09:15:07,18142.95,4450,11605250
20221104,09:15:08,18140.85,850,11605250
20221104,09:15:09,18144.90,3400,11605250
20221104,09:15:10,18142.40,5350,11605250
20221104,09:15:11,18135.65,3050,11605250
20221104,09:15:12,18135.00,650,11605250
20221104,09:15:13,18130.75,3100,11605250
20221104,09:15:14,18127.80,5700,11605250
20221104,09:15:15,18130.00,3200,11605250
20221104,09:15:16,18132.90,3500,11605250
20221104,09:15:17,18139.95,3800,11605250
20221104,09:15:18,18140.00,900,11605250
20221104,09:15:19,18135.00,1750,11605250
20221104,09:15:20,18130.00,2300,11605250
20221104,09:15:21,18134.00,2550,11605250
20221104,09:15:22,18133.25,1900,11605250
20221104,09:15:23,18129.90,600,11605250
20221104,09:15:24,18131.10,1900,11605250
20221104,09:15:25,18130.05,2750,11605250
20221104,09:15:26,18129.00,2600,11605250
20221104,09:15:27,18127.90,500,11605250
20221104,09:15:28,18128.10,900,11605250
20221104,09:15:29,18127.45,1050,11605250
20221104,09:15:30,18126.20,150,11605250
20221104,09:15:31,18126.70,2200,11605250
20221104,09:15:32,18125.60,850,11605250
20221104,09:15:33,18127.20,550,11605250
20221104,09:15:34,18128.95,550,11605250
20221104,09:15:35,18128.00,600,11605250
20221104,09:15:36,18129.00,300,11605250
20221104,09:15:37,18130.00,800,11605250
20221104,09:15:38,18130.05,1050,11605250
20221104,09:15:39,18130.05,1950,11605250
20221104,09:15:40,18126.65,1750,11605250
20221104,09:15:41,18125.10,2450,11605250
20221104,09:15:42,18125.00,750,11605250
20221104,09:15:43,18118.80,8850,11605250
20221104,09:15:44,18117.90,900,11605250
20221104,09:15:45,18120.90,1150,11605250
20221104,09:15:46,18119.00,1400,11605250
20221104,09:15:47,18119.45,850,11605250
20221104,09:15:48,18127.05,1650,11605250
20221104,09:15:49,18127.55,650,11605250
20221104,09:15:50,18127.45,150,11605250
20221104,09:15:51,18124.05,950,11605250
20221104,09:15:52,18124.70,650,11605250
20221104,09:15:53,18125.35,100,11605250
20221104,09:15:54,18123.05,2800,11605250
20221104,09:15:55,18126.65,200,11605250
20221104,09:15:56,18123.55,400,11605250
20221104,09:15:57,18122.90,650,11605250
20221104,09:15:58,18122.05,750,11605250
20221104,09:15:59,18123.40,50,11605250
20221104,09:16:00,18120.30,14900,11605250
20221104,09:16:02,18120.00,2100,11605250
20221104,09:16:02,18120.00,2150,11605250
20221104,09:16:03,18125.00,3200,11605250
20221104,09:16:05,18126.80,850,11605250
20221104,09:16:05,18126.45,1000,11605250
20221104,09:16:07,18130.05,4600,11605250
20221104,09:16:08,18128.00,2300,11605250
20221104,09:16:10,18133.10,1100,11605250
20221104,09:16:10,18130.05,100,11605250
20221104,09:16:11,18130.00,1850,11605250
20221104,09:16:13,18129.65,800,11605250
20221104,09:16:13,18130.30,700,11605250
20221104,09:16:14,18129.50,2200,11605250
20221104,09:16:16,18129.30,5550,11605250
20221104,09:16:16,18128.50,2800,11605250
20221104,09:16:17,18127.25,3350,11605250
20221104,09:16:19,18124.70,7100,11605250
20221104,09:16:19,18125.00,3500,11605250
20221104,09:16:20,18131.20,6900,11605250
20221104,09:16:22,18128.50,350,11605250
20221104,09:16:22,18133.10,750,11605250
20221104,09:16:23,18132.00,2500,11605250
20221104,09:16:25,18137.65,2500,11605250
20221104,09:16:25,18133.95,50,11605250
20221104,09:16:26,18135.30,1100,11605250
20221104,09:16:28,18133.20,1000,11605250
20221104,09:16:28,18133.15,600,11605250
20221104,09:16:30,18133.85,500,11605250
20221104,09:16:30,18133.85,150,11605250
20221104,09:16:31,18133.20,650,11605250
20221104,09:16:33,18134.45,2200,11605250
20221104,09:16:33,18135.00,50,11605250
20221104,09:16:34,18135.70,1850,11605250
20221104,09:16:36,18138.70,3000,11605250
20221104,09:16:36,18139.00,300,11605250
20221104,09:16:37,18137.90,1050,11605250
20221104,09:16:39,18139.00,3500,11605250
20221104,09:16:39,18138.80,150,11605250
20221104,09:16:40,18139.05,1200,11605250
20221104,09:16:42,18138.10,300,11605250
20221104,09:16:42,18141.00,1050,11605250
20221104,09:16:43,18140.00,450,11605250
20221104,09:16:45,18139.80,600,11605250
20221104,09:16:45,18139.80,50,11605250
20221104,09:16:46,18140.15,950,11605250
20221104,09:16:48,18143.90,3400,11605250
20221104,09:16:48,18144.00,50,11605250
20221104,09:16:49,18144.95,1500,11605250
20221104,09:16:51,18144.95,450,11605250
20221104,09:16:51,18145.00,100,11605250
20221104,09:16:52,18146.10,4150,11605250
20221104,09:16:54,18143.90,950,11605250
20221104,09:16:54,18143.35,150,11605250
20221104,09:16:55,18144.30,1950,11605250
20221104,09:16:57,18144.10,300,11605250
20221104,09:16:57,18146.10,400,11605250
20221104,09:16:58,18144.10,1400,11605250
20221104,09:17:00,18145.00,1000,11605250
20221104,09:17:00,18144.95,1650,11605250
20221104,09:17:01,18144.10,2050,11605250
20221104,09:17:03,18149.00,4050,11605250
20221104,09:17:03,18149.85,2350,11605250
20221104,09:17:04,18149.00,350,11605250
20221104,09:17:06,18150.00,900,11605250
20221104,09:17:06,18147.80,600,11605250
20221104,09:17:07,18147.65,400,11605250
20221104,09:17:09,18149.70,300,11605250
20221104,09:17:09,18147.25,300,11605250
20221104,09:17:10,18149.70,2300,11605250
20221104,09:17:12,18146.10,800,11605250
20221104,09:17:12,18146.95,400,11605250
20221104,09:17:13,18145.75,2200,11605250
20221104,09:17:15,18144.00,450,11667600
20221104,09:17:15,18144.00,200,11667600
20221104,09:17:16,18142.95,1100,11667600
20221104,09:17:18,18143.00,550,11667600
20221104,09:17:18,18144.10,100,11667600
20221104,09:17:19,18144.20,450,11667600
20221104,09:17:21,18144.40,300,11667600
20221104,09:17:21,18147.00,400,11667600
20221104,09:17:22,18145.00,450,11667600
20221104,09:17:24,18145.00,1100,11667600
20221104,09:17:24,18145.00,600,11667600
20221104,09:17:25,18143.20,350,11667600
20221104,09:17:26,18145.00,400,11667600
20221104,09:17:28,18145.00,350,11667600
20221104,09:17:28,18145.00,50,11667600
20221104,09:17:30,18144.20,1600,11667600
20221104,09:17:30,18146.00,200,11667600
20221104,09:17:32,18145.80,450,11667600
20221104,09:17:34,18145.00,450,11667600
20221104,09:17:34,18145.75,250,11667600
20221104,09:17:35,18145.00,50,11667600
20221104,09:17:37,18144.75,800,11667600
20221104,09:17:37,18145.00,50,11667600
20221104,09:17:38,18145.00,50,11667600
20221104,09:17:40,18145.00,250,11667600
20221104,09:17:40,18144.65,50,11667600
20221104,09:17:41,18145.00,850,11667600
20221104,09:17:42,18145.00,1650,11667600
20221104,09:17:44,18142.00,3200,11667600
20221104,09:17:44,18142.55,200,11667600
20221104,09:17:45,18142.65,200,11667600
20221104,09:17:47,18142.35,800,11667600
20221104,09:17:47,18144.60,50,11667600
20221104,09:17:48,18141.70,150,11667600
20221104,09:17:50,18141.35,150,11667600
20221104,09:17:50,18141.90,100,11667600
20221104,09:17:51,18142.10,750,11667600
20221104,09:17:53,18143.55,250,11667600
20221104,09:17:53,18143.50,100,11667600
20221104,09:17:54,18143.50,400,11667600
20221104,09:17:56,18144.60,1200,11667600
20221104,09:17:56,18143.55,50,11667600
20221104,09:17:57,18143.05,500,11667600
20221104,09:17:58,18144.00,700,11667600
20221104,09:18:00,18144.85,200,11667600
20221104,09:18:00,18144.05,2050,11667600
20221104,09:18:01,18145.00,50,11667600
20221104,09:18:03,18145.00,700,11667600
20221104,09:18:04,18144.00,450,11667600
20221104,09:18:06,18143.15,450,11667600
20221104,09:18:06,18143.15,200,11667600
20221104,09:18:07,18141.00,250,11667600
20221104,09:18:08,18141.00,250,11667600
20221104,09:18:10,18141.05,1450,11667600
20221104,09:18:10,18141.00,200,11667600
20221104,09:18:11,18142.15,350,11667600
20221104,09:18:13,18141.45,1200,11667600
20221104,09:18:13,18141.00,100,11667600
20221104,09:18:14,18141.70,800,11667600
20221104,09:18:16,18140.75,150,11667600
20221104,09:18:17,18142.75,300,11667600
20221104,09:18:18,18142.55,450,11667600
20221104,09:18:19,18141.80,200,11667600
20221104,09:18:20,18144.05,800,11667600
20221104,09:18:21,18143.80,800,11667600
20221104,09:18:22,18143.80,450,11667600
20221104,09:18:23,18144.65,50,11667600
20221104,09:18:24,18142.95,50,11667600
20221104,09:18:25,18144.80,2800,11667600
20221104,09:18:26,18145.00,100,11667600
20221104,09:18:27,18145.15,200,11667600
20221104,09:18:28,18143.55,1700,11667600
20221104,09:18:29,18144.10,50,11667600
20221104,09:18:30,18145.20,600,11667600
20221104,09:18:31,18145.65,550,11667600
20221104,09:18:32,18145.45,150,11667600
20221104,09:18:33,18145.00,250,11667600
20221104,09:18:34,18145.25,100,11667600
20221104,09:18:35,18145.00,1600,11667600
20221104,09:18:36,18145.25,3050,11667600
20221104,09:18:37,18145.25,650,11667600
20221104,09:18:38,18145.00,600,11667600
20221104,09:18:39,18145.00,150,11667600
20221104,09:18:40,18145.00,150,11667600
20221104,09:18:41,18145.00,1550,11667600
20221104,09:18:42,18145.90,4600,11667600
20221104,09:18:43,18145.90,4000,11667600
20221104,09:18:44,18145.10,50,11667600
20221104,09:18:46,18145.10,2200,11667600
20221104,09:18:47,18145.25,3250,11667600
20221104,09:18:48,18145.40,200,11667600
20221104,09:18:49,18144.80,500,11667600
20221104,09:18:50,18143.80,300,11667600
20221104,09:18:52,18143.55,1400,11667600
20221104,09:18:53,18142.95,550,11667600
20221104,09:18:54,18143.10,1100,11667600
20221104,09:18:54,18143.10,500,11667600
20221104,09:18:55,18143.95,350,11667600
20221104,09:18:57,18143.95,100,11667600
20221104,09:18:58,18143.55,150,11667600
20221104,09:18:59,18143.15,200,11667600
20221104,09:19:00,18142.30,1250,11667600
20221104,09:19:00,18142.25,100,11667600
20221104,09:19:01,18141.70,2800,11667600
20221104,09:19:03,18142.30,750,11667600
20221104,09:19:04,18141.25,150,11667600
20221104,09:19:05,18141.50,850,11667600
20221104,09:19:06,18140.10,800,11667600
20221104,09:19:08,18138.70,2850,11667600
20221104,09:19:09,18139.80,250,11667600
20221104,09:19:10,18140.10,150,11667600
20221104,09:19:11,18139.80,350,11667600
20221104,09:19:13,18139.30,1600,11667600
20221104,09:19:14,18140.00,150,11667600
20221104,09:19:15,18139.40,100,11667600
20221104,09:19:16,18139.40,300,11667600
20221104,09:19:17,18138.35,150,11667600
20221104,09:19:18,18138.00,400,11667600
20221104,09:19:19,18139.10,2700,11667600
20221104,09:19:20,18139.40,250,11667600
20221104,09:19:21,18137.90,1650,11667600
20221104,09:19:23,18139.10,50,11667600
20221104,09:19:24,18137.05,250,11667600
20221104,09:19:25,18138.60,700,11667600
20221104,09:19:26,18137.00,250,11667600
20221104,09:19:27,18138.00,1200,11667600
20221104,09:19:28,18138.15,150,11667600
20221104,09:19:29,18136.20,300,11667600
20221104,09:19:30,18139.00,950,11667600
20221104,09:19:31,18140.05,3950,11667600
20221104,09:19:32,18138.70,550,11667600
20221104,09:19:33,18140.00,50,11667600
20221104,09:19:34,18139.20,500,11667600
20221104,09:19:35,18139.20,150,11667600
20221104,09:19:37,18139.20,100,11667600
20221104,09:19:38,18140.00,100,11667600
20221104,09:19:39,18138.30,250,11667600
20221104,09:19:40,18135.95,700,11667600
20221104,09:19:41,18137.30,50,11667600
20221104,09:19:43,18134.00,500,11667600
20221104,09:19:44,18133.25,50,11667600
20221104,09:19:45,18132.90,250,11667600
20221104,09:19:46,18132.90,50,11667600
20221104,09:19:47,18133.00,250,11667600
20221104,09:19:48,18136.75,1700,11667600
20221104,09:19:49,18138.10,150,11667600
20221104,09:19:50,18138.35,2950,11667600
20221104,09:19:51,18140.00,150,11667600
20221104,09:19:52,18139.35,550,11667600
20221104,09:19:53,18136.95,200,11667600
20221104,09:19:54,18137.60,200,11667600
20221104,09:19:55,18138.50,100,11667600
20221104,09:19:56,18138.45,100,11667600
20221104,09:19:57,18137.70,50,11667600
20221104,09:19:58,18134.20,750,11667600
20221104,09:19:59,18133.20,350,11667600
20221104,09:20:00,18137.50,7700,11667600
20221104,09:20:01,18135.40,2850,11667600
20221104,09:20:02,18134.20,600,11667600
20221104,09:20:03,18137.70,4050,11667600
20221104,09:20:04,18134.90,800,11667600
20221104,09:20:04,18137.05,100,11667600
20221104,09:20:05,18133.40,1250,11667600
20221104,09:20:07,18136.65,500,11667600
20221104,09:20:08,18136.75,400,11667600
20221104,09:20:09,18136.90,150,11667600
20221104,09:20:09,18134.95,50,11667600
20221104,09:20:10,18137.50,200,11667600
20221104,09:20:12,18140.00,2900,11667600
20221104,09:20:13,18139.65,250,11667600
20221104,09:20:14,18137.90,400,11667600
20221104,09:20:15,18139.85,350,11678800
20221104,09:20:16,18136.55,250,11678800
20221104,09:20:17,18137.00,50,11678800
20221104,09:20:18,18137.05,100,11678800
20221104,09:20:19,18137.10,350,11678800
20221104,09:20:20,18134.05,350,11678800
20221104,09:20:23,18135.70,200,11678800
20221104,09:20:24,18135.00,100,11678800
20221104,09:20:25,18136.15,250,11678800
20221104,09:20:26,18137.55,550,11678800
20221104,09:20:28,18134.30,200,11678800
20221104,09:20:29,18137.20,150,11678800
20221104,09:20:30,18137.40,350,11678800
20221104,09:20:31,18138.20,50,11678800
20221104,09:20:32,18138.45,850,11678800
20221104,09:20:34,18138.00,400,11678800
20221104,09:20:35,18137.50,100,11678800
20221104,09:20:36,18136.30,500,11678800
20221104,09:20:37,18137.50,100,11678800
20221104,09:20:40,18137.10,1150,11678800
20221104,09:20:41,18137.50,300,11678800
20221104,09:20:42,18138.85,300,11678800
20221104,09:20:44,18136.90,250,11678800
20221104,09:20:45,18137.05,50,11678800
20221104,09:20:45,18137.00,250,11678800
20221104,09:20:47,18135.00,100,11678800
20221104,09:20:48,18134.00,700,11678800
20221104,09:20:49,18133.45,50,11678800
20221104,09:20:50,18134.00,150,11678800
20221104,09:20:52,18133.80,550,11678800
20221104,09:20:53,18135.00,100,11678800
20221104,09:20:54,18134.00,700,11678800
20221104,09:20:55,18135.75,50,11678800
20221104,09:20:58,18134.25,1150,11678800
20221104,09:20:59,18136.20,200,11678800
20221104,09:21:00,18133.15,1000,11678800
20221104,09:21:01,18137.85,400,11678800
20221104,09:21:02,18134.70,150,11678800
20221104,09:21:04,18135.35,350,11678800
20221104,09:21:05,18130.85,900,11678800
20221104,09:21:06,18130.50,200,11678800
20221104,09:21:07,18130.50,50,11678800
20221104,09:21:07,18128.25,4300,11678800
20221104,09:21:10,18126.10,650,11678800
20221104,09:21:11,18127.00,2000,11678800
20221104,09:21:12,18126.15,1550,11678800
20221104,09:21:13,18123.40,450,11678800
20221104,09:21:14,18122.75,200,11678800
20221104,09:21:16,18122.95,550,11678800
20221104,09:21:16,18123.60,350,11678800
20221104,09:21:18,18125.00,300,11678800
20221104,09:21:19,18122.90,1500,11678800
20221104,09:21:20,18122.90,150,11678800
20221104,09:21:21,18122.90,1300,11678800
20221104,09:21:22,18122.05,350,11678800
20221104,09:21:23,18122.10,300,11678800
20221104,09:21:24,18122.90,200,11678800
20221104,09:21:25,18121.00,300,11678800
20221104,09:21:26,18120.15,2000,11678800
20221104,09:21:27,18123.35,650,11678800
20221104,09:21:28,18123.40,400,11678800
20221104,09:21:29,18121.25,50,11678800
20221104,09:21:30,18121.15,250,11678800
20221104,09:21:31,18122.00,200,11678800
20221104,09:21:32,18120.00,500,11678800
20221104,09:21:33,18121.60,200,11678800
20221104,09:21:34,18118.75,1500,11678800
20221104,09:21:35,18119.80,300,11678800
20221104,09:21:36,18121.95,450,11678800
20221104,09:21:37,18120.00,200,11678800
20221104,09:21:38,18120.00,100,11678800
20221104,09:21:39,18118.75,250,11678800
20221104,09:21:40,18121.20,600,11678800
20221104,09:21:41,18119.15,1100,11678800
20221104,09:21:42,18120.00,200,11678800
20221104,09:21:43,18118.10,1200,11678800
20221104,09:21:44,18120.55,300,11678800
20221104,09:21:45,18118.15,300,11678800
20221104,09:21:46,18120.00,1250,11678800
20221104,09:21:47,18120.95,100,11678800
20221104,09:21:48,18120.00,1200,11678800
20221104,09:21:49,18119.20,50,11678800
20221104,09:21:49,18119.20,100,11678800
20221104,09:21:51,18119.95,750,11678800
20221104,09:21:52,18120.00,450,11678800
20221104,09:21:53,18116.00,1900,11678800
20221104,09:21:54,18116.80,50,11678800
20221104,09:21:55,18115.15,100,11678800
20221104,09:21:56,18115.00,1500,11678800
20221104,09:21:57,18112.05,450,11678800
20221104,09:21:58,18110.55,1250,11678800
20221104,09:21:59,18113.00,150,11678800
20221104,09:22:00,18108.50,1750,11678800
20221104,09:22:01,18109.40,1900,11678800
20221104,09:22:02,18110.00,850,11678800
20221104,09:22:03,18106.00,1300,11678800
20221104,09:22:04,18105.60,1950,11678800
20221104,09:22:05,18102.00,2450,11678800
20221104,09:22:06,18106.65,2300,11678800
20221104,09:22:07,18107.25,850,11678800
20221104,09:22:08,18106.10,500,11678800
20221104,09:22:09,18110.00,1750,11678800
20221104,09:22:10,18105.60,600,11678800
20221104,09:22:11,18107.70,150,11678800
20221104,09:22:12,18105.60,800,11678800
20221104,09:22:12,18106.65,150,11678800
20221104,09:22:14,18106.15,350,11678800
20221104,09:22:15,18105.60,1550,11678800
20221104,09:22:16,18106.35,1400,11678800
20221104,09:22:17,18106.60,1650,11678800
20221104,09:22:18,18105.75,200,11678800
20221104,09:22:19,18105.75,650,11678800
20221104,09:22:20,18106.15,550,11678800
20221104,09:22:21,18108.05,250,11678800
20221104,09:22:22,18108.00,250,11678800
20221104,09:22:23,18106.30,450,11678800
20221104,09:22:24,18108.35,2050,11678800
20221104,09:22:25,18105.75,3650,11678800
20221104,09:22:26,18106.15,2000,11678800
20221104,09:22:27,18108.00,600,11678800
20221104,09:22:28,18106.25,2000,11678800
20221104,09:22:29,18108.00,1250,11678800
20221104,09:22:30,18109.95,1250,11678800
20221104,09:22:31,18108.00,650,11678800
20221104,09:22:32,18108.00,200,11678800
20221104,09:22:33,18106.15,350,11678800
20221104,09:22:34,18106.00,1100,11678800
20221104,09:22:35,18105.20,200,11678800
20221104,09:22:36,18105.20,1400,11678800
20221104,09:22:37,18107.95,450,11678800
20221104,09:22:38,18107.00,300,11678800
20221104,09:22:39,18107.95,650,11678800
20221104,09:22:40,18107.95,100,11678800
20221104,09:22:41,18108.55,350,11678800
20221104,09:22:42,18112.10,1450,11678800
20221104,09:22:43,18110.25,100,11678800
20221104,09:22:44,18109.30,150,11678800
20221104,09:22:45,18110.00,550,11678800
20221104,09:22:46,18109.30,450,11678800
20221104,09:22:47,18110.40,150,11678800
20221104,09:22:48,18109.95,1600,11678800
20221104,09:22:49,18110.00,1950,11678800
20221104,09:22:50,18110.65,850,11678800
20221104,09:22:51,18108.50,1350,11678800
20221104,09:22:52,18108.90,450,11678800
20221104,09:22:54,18108.35,350,11678800
20221104,09:22:55,18107.15,800,11678800
20221104,09:22:56,18107.00,500,11678800
20221104,09:22:57,18108.25,450,11678800
20221104,09:22:58,18107.85,800,11678800
20221104,09:22:59,18108.35,1800,11678800
20221104,09:23:00,18105.80,250,11678800
20221104,09:23:01,18105.20,250,11678800
20221104,09:23:02,18105.00,1400,11678800
20221104,09:23:03,18105.30,3900,11678800
20221104,09:23:04,18105.00,550,11678800
20221104,09:23:05,18104.35,150,11678800
20221104,09:23:06,18103.00,150,11678800
20221104,09:23:07,18104.55,150,11678800
20221104,09:23:08,18103.65,550,11678800
20221104,09:23:09,18103.05,1100,11678800
20221104,09:23:10,18103.00,100,11678800
20221104,09:23:11,18103.00,100,11678800
20221104,09:23:12,18101.55,1300,11678800
20221104,09:23:13,18102.00,150,11678800
20221104,09:23:14,18101.00,3450,11678800
20221104,09:23:15,18103.80,550,11678800
20221104,09:23:16,18102.00,100,11662150
20221104,09:23:17,18102.55,100,11662150
20221104,09:23:18,18103.05,350,11662150
20221104,09:23:19,18103.00,700,11662150
20221104,09:23:20,18103.00,150,11662150
20221104,09:23:21,18103.45,1900,11662150
20221104,09:23:22,18103.60,3200,11662150
20221104,09:23:23,18102.55,400,11662150
20221104,09:23:24,18100.50,2150,11662150
20221104,09:23:25,18100.15,650,11662150
20221104,09:23:26,18103.10,450,11662150
20221104,09:23:27,18103.00,50,11662150
20221104,09:23:28,18103.05,450,11662150
20221104,09:23:29,18104.60,100,11662150
20221104,09:23:30,18104.60,300,11662150
20221104,09:23:31,18105.25,2100,11662150
20221104,09:23:32,18105.00,1050,11662150
20221104,09:23:33,18108.15,300,11662150
20221104,09:23:34,18106.75,100,11662150
20221104,09:23:35,18105.25,50,11662150
20221104,09:23:36,18104.90,200,11662150
20221104,09:23:37,18105.00,150,11662150
20221104,09:23:38,18104.85,800,11662150
20221104,09:23:39,18104.90,1900,11662150
20221104,09:23:40,18107.75,1850,11662150
20221104,09:23:41,18104.85,100,11662150
20221104,09:23:42,18106.45,2050,11662150
20221104,09:23:43,18106.15,600,11662150
20221104,09:23:44,18103.00,150,11662150
20221104,09:23:45,18105.40,150,11662150
20221104,09:23:46,18103.00,400,11662150
20221104,09:23:47,18104.90,2300,11662150
20221104,09:23:48,18105.00,1500,11662150
20221104,09:23:49,18105.00,400,11662150
20221104,09:23:50,18105.50,400,11662150
20221104,09:23:52,18104.40,50,11662150
20221104,09:23:53,18103.40,1350,11662150
20221104,09:23:54,18104.35,2500,11662150
20221104,09:23:55,18102.00,650,11662150
20221104,09:23:56,18103.00,100,11662150
20221104,09:23:57,18101.00,600,11662150
20221104,09:23:58,18101.00,2100,11662150
20221104,09:23:59,18101.00,1900,11662150
20221104,09:24:00,18101.05,350,11662150
20221104,09:24:01,18100.00,1400,11662150
20221104,09:24:02,18099.10,5100,11662150
20221104,09:24:03,18097.00,600,11662150
20221104,09:24:04,18096.50,950,11662150
20221104,09:24:05,18096.00,950,11662150
20221104,09:24:06,18096.00,550,11662150
20221104,09:24:07,18097.30,200,11662150
20221104,09:24:08,18095.35,200,11662150
20221104,09:24:09,18097.00,900,11662150
20221104,09:24:10,18098.60,1200,11662150
20221104,09:24:11,18095.30,300,11662150
20221104,09:24:12,18097.60,350,11662150
20221104,09:24:13,18096.40,300,11662150
20221104,09:24:14,18097.05,450,11662150
20221104,09:24:15,18096.60,200,11662150
20221104,09:24:16,18097.00,50,11662150
20221104,09:24:17,18097.00,400,11662150
20221104,09:24:18,18098.10,2050,11662150
20221104,09:24:19,18098.15,200,11662150
20221104,09:24:20,18100.35,2850,11662150
20221104,09:24:21,18102.75,350,11662150
20221104,09:24:22,18099.90,3350,11662150
20221104,09:24:23,18100.35,250,11662150
20221104,09:24:25,18099.05,50,11662150
20221104,09:24:26,18100.35,350,11662150
20221104,09:24:27,18101.75,250,11662150
20221104,09:24:28,18099.05,3900,11662150
20221104,09:24:29,18100.00,300,11662150
20221104,09:24:30,18100.00,200,11662150
20221104,09:24:31,18102.10,200,11662150
20221104,09:24:32,18103.50,450,11662150
20221104,09:24:33,18105.25,2300,11662150
20221104,09:24:34,18103.40,150,11662150
20221104,09:24:35,18103.15,200,11662150
20221104,09:24:36,18103.40,150,11662150
20221104,09:24:37,18106.25,450,11662150
20221104,09:24:38,18102.95,1950,11662150
20221104,09:24:39,18102.05,1050,11662150
20221104,09:24:40,18106.35,1500,11662150
20221104,09:24:41,18104.90,200,11662150
20221104,09:24:42,18105.00,350,11662150
20221104,09:24:43,18105.65,50,11662150
20221104,09:24:44,18105.00,700,11662150
20221104,09:24:45,18103.00,350,11662150
20221104,09:24:46,18103.00,150,11662150
20221104,09:24:47,18103.50,100,11662150
20221104,09:24:48,18101.55,1000,11662150
20221104,09:24:49,18104.60,150,11662150
20221104,09:24:50,18103.00,100,11662150
20221104,09:24:51,18103.00,100,11662150
20221104,09:24:52,18105.95,1850,11662150
20221104,09:24:53,18105.30,1050,11662150
20221104,09:24:54,18103.05,250,11662150
20221104,09:24:55,18105.85,600,11662150
20221104,09:24:56,18104.00,250,11662150
20221104,09:24:58,18105.30,200,11662150
20221104,09:24:59,18103.95,1100,11662150
20221104,09:25:00,18101.00,200,11662150
20221104,09:25:01,18103.05,1200,11662150
20221104,09:25:02,18101.95,50,11662150
20221104,09:25:03,18103.15,550,11662150
20221104,09:25:04,18101.95,350,11662150
20221104,09:25:07,18103.15,350,11662150
20221104,09:25:07,18104.00,100,11662150
20221104,09:25:08,18101.60,1450,11662150
20221104,09:25:09,18101.75,1850,11662150
20221104,09:25:10,18103.00,350,11662150
20221104,09:25:11,18101.00,2000,11662150
20221104,09:25:12,18105.45,4550,11662150
20221104,09:25:13,18101.75,50,11662150
20221104,09:25:14,18102.90,150,11662150
20221104,09:25:15,18106.00,150,11662150
20221104,09:25:16,18103.30,250,11662150
20221104,09:25:18,18106.95,500,11662150
20221104,09:25:18,18106.05,50,11662150
20221104,09:25:19,18106.30,200,11662150
20221104,09:25:20,18103.75,1700,11662150
20221104,09:25:21,18103.75,450,11662150
20221104,09:25:22,18103.75,2050,11662150
20221104,09:25:24,18105.60,150,11662150
20221104,09:25:24,18105.80,2500,11662150
20221104,09:25:25,18101.00,1200,11662150
20221104,09:25:26,18101.00,50,11662150
20221104,09:25:27,18101.80,200,11662150
20221104,09:25:28,18101.00,700,11662150
20221104,09:25:30,18100.65,450,11662150
20221104,09:25:31,18101.60,50,11662150
20221104,09:25:32,18105.00,200,11662150
20221104,09:25:33,18103.05,500,11662150
20221104,09:25:35,18104.00,150,11662150
20221104,09:25:36,18103.80,2000,11662150
20221104,09:25:38,18103.70,800,11662150
20221104,09:25:40,18101.80,200,11662150
20221104,09:25:40,18101.80,100,11662150
20221104,09:25:41,18102.05,1950,11662150
20221104,09:25:43,18103.00,100,11662150
20221104,09:25:45,18100.10,550,11662150
20221104,09:25:46,18103.75,100,11662150
20221104,09:25:47,18103.65,650,11662150
20221104,09:25:48,18102.00,50,11662150
20221104,09:25:50,18103.00,100,11662150
20221104,09:25:51,18103.20,1350,11662150
20221104,09:25:52,18103.20,1850,11662150
20221104,09:25:53,18102.00,100,11662150
20221104,09:25:55,18100.00,250,11662150
20221104,09:25:56,18103.10,100,11662150
20221104,09:25:57,18101.15,400,11662150
20221104,09:25:58,18101.15,850,11662150
20221104,09:25:59,18101.75,400,11662150
20221104,09:26:01,18101.75,2150,11662150
20221104,09:26:01,18102.60,250,11662150
20221104,09:26:02,18102.15,750,11662150
20221104,09:26:03,18098.05,2800,11662150
20221104,09:26:04,18099.95,650,11662150
20221104,09:26:05,18098.00,150,11662150
20221104,09:26:07,18098.05,900,11662150
20221104,09:26:08,18098.05,100,11662150
20221104,09:26:09,18099.50,1750,11662150
20221104,09:26:10,18099.75,50,11662150
20221104,09:26:12,18101.30,350,11662150
20221104,09:26:13,18100.00,100,11662150
20221104,09:26:14,18099.00,50,11662150
20221104,09:26:15,18099.20,1900,11669550
20221104,09:26:17,18098.25,200,11669550
20221104,09:26:18,18098.25,850,11669550
20221104,09:26:19,18101.25,200,11669550
20221104,09:26:20,18100.65,450,11669550
20221104,09:26:21,18101.25,100,11669550
20221104,09:26:22,18102.90,50,11669550
20221104,09:26:23,18102.00,700,11669550
20221104,09:26:24,18102.25,250,11669550
20221104,09:26:24,18104.00,50,11669550
20221104,09:26:25,18103.55,50,11669550
20221104,09:26:26,18101.45,250,11669550
20221104,09:26:27,18103.80,550,11669550
20221104,09:26:28,18104.40,100,11669550
20221104,09:26:29,18104.35,100,11669550
20221104,09:26:30,18102.95,2150,11669550
20221104,09:26:31,18102.90,250,11669550
20221104,09:26:32,18102.90,100,11669550
20221104,09:26:33,18102.90,100,11669550
20221104,09:26:34,18104.85,200,11669550
20221104,09:26:35,18105.00,50,11669550
20221104,09:26:36,18102.90,150,11669550
20221104,09:26:37,18104.85,100,11669550
20221104,09:26:39,18102.45,250,11669550
20221104,09:26:41,18103.95,850,11669550
20221104,09:26:42,18103.95,50,11669550
20221104,09:26:42,18104.00,100,11669550
20221104,09:26:44,18103.70,600,11669550
20221104,09:26:45,18104.00,50,11669550
20221104,09:26:46,18103.80,50,11669550
20221104,09:26:47,18102.00,650,11669550
20221104,09:26:48,18102.90,100,11669550
20221104,09:26:49,18101.50,200,11669550
20221104,09:26:50,18102.00,300,11669550
20221104,09:26:51,18101.25,200,11669550
20221104,09:26:52,18102.20,200,11669550
20221104,09:26:53,18100.55,1200,11669550
20221104,09:26:54,18100.00,100,11669550
20221104,09:26:55,18099.40,2550,11669550
20221104,09:26:56,18098.20,550,11669550
20221104,09:26:57,18101.85,1900,11669550
20221104,09:26:58,18099.50,1550,11669550
20221104,09:26:59,18103.50,2100,11669550
20221104,09:27:00,18100.00,250,11669550
20221104,09:27:01,18103.30,2000,11669550
20221104,09:27:02,18098.80,650,11669550
20221104,09:27:03,18103.45,1950,11669550
20221104,09:27:04,18100.30,400,11669550
20221104,09:27:05,18104.00,250,11669550
20221104,09:27:06,18104.00,150,11669550
20221104,09:27:07,18104.00,600,11669550
20221104,09:27:08,18101.95,200,11669550
20221104,09:27:09,18101.70,2150,11669550
20221104,09:27:10,18108.15,1550,11669550
20221104,09:27:11,18107.10,1100,11669550
20221104,09:27:12,18105.90,250,11669550
20221104,09:27:14,18109.10,450,11669550
20221104,09:27:15,18109.80,200,11669550
20221104,09:27:16,18112.00,1950,11669550
20221104,09:27:17,18110.05,2600,11669550
20221104,09:27:18,18113.15,100,11669550
20221104,09:27:19,18111.00,300,11669550
20221104,09:27:20,18111.50,250,11669550
20221104,09:27:22,18112.00,50,11669550
20221104,09:27:23,18110.00,850,11669550
20221104,09:27:24,18110.05,100,11669550
20221104,09:27:25,18111.20,200,11669550
20221104,09:27:25,18112.60,700,11669550
20221104,09:27:26,18111.50,300,11669550
20221104,09:27:27,18112.20,450,11669550
20221104,09:27:29,18113.60,150,11669550
20221104,09:27:30,18114.00,350,11669550
20221104,09:27:31,18113.65,1200,11669550
20221104,09:27:32,18114.90,150,11669550
20221104,09:27:33,18114.85,550,11669550
20221104,09:27:34,18114.90,150,11669550
20221104,09:27:35,18114.90,200,11669550
20221104,09:27:36,18112.45,500,11669550
20221104,09:27:37,18112.75,100,11669550
20221104,09:27:38,18111.75,150,11669550
20221104,09:27:40,18112.30,100,11669550
20221104,09:27:41,18110.00,550,11669550
20221104,09:27:42,18111.40,200,11669550
20221104,09:27:43,18108.55,100,11669550
20221104,09:27:44,18111.40,2000,11669550
20221104,09:27:45,18110.00,50,11669550
20221104,09:27:46,18111.95,50,11669550
20221104,09:27:47,18110.05,100,11669550
20221104,09:27:48,18110.25,50,11669550
20221104,09:27:49,18111.95,650,11669550
20221104,09:27:50,18111.95,350,11669550
20221104,09:27:51,18113.50,50,11669550
20221104,09:27:52,18112.45,50,11669550
20221104,09:27:53,18113.60,50,11669550
20221104,09:27:54,18114.00,200,11669550
20221104,09:27:55,18113.35,100,11669550
20221104,09:27:56,18114.00,50,11669550
20221104,09:27:57,18114.10,500,11669550
20221104,09:27:58,18114.45,50,11669550
20221104,09:27:59,18113.00,150,11669550
20221104,09:28:00,18112.90,200,11669550
20221104,09:28:01,18112.85,100,11669550
20221104,09:28:03,18111.95,600,11669550
20221104,09:28:04,18112.20,200,11669550
20221104,09:28:06,18114.05,1500,11669550
20221104,09:28:07,18113.15,200,11669550
20221104,09:28:08,18112.30,200,11669550
20221104,09:28:09,18112.50,50,11669550
20221104,09:28:10,18114.30,350,11669550
20221104,09:28:13,18114.50,50,11669550
20221104,09:28:14,18115.90,1300,11669550
20221104,09:28:15,18115.90,200,11669550
20221104,09:28:16,18114.30,50,11669550
20221104,09:28:16,18113.40,100,11669550
20221104,09:28:17,18114.90,150,11669550
20221104,09:28:19,18112.60,450,11669550
20221104,09:28:20,18115.90,200,11669550
20221104,09:28:21,18114.05,350,11669550
20221104,09:28:22,18115.55,3800,11669550
20221104,09:28:23,18117.30,150,11669550
20221104,09:28:25,18118.00,250,11669550
20221104,09:28:26,18117.20,250,11669550
20221104,09:28:27,18117.00,50,11669550
20221104,09:28:29,18115.00,250,11669550
20221104,09:28:30,18115.70,350,11669550
20221104,09:28:31,18115.00,100,11669550
20221104,09:28:32,18119.25,1250,11669550
20221104,09:28:33,18117.00,50,11669550
20221104,09:28:35,18116.80,100,11669550
20221104,09:28:36,18115.00,100,11669550
20221104,09:28:37,18115.35,300,11669550
20221104,09:28:38,18117.80,250,11669550
20221104,09:28:39,18115.00,400,11669550
20221104,09:28:40,18118.20,150,11669550
20221104,09:28:41,18117.65,100,11669550
20221104,09:28:42,18118.50,550,11669550
20221104,09:28:43,18117.90,150,11669550
20221104,09:28:44,18115.05,200,11669550
20221104,09:28:46,18115.05,100,11669550
20221104,09:28:47,18117.80,200,11669550
20221104,09:28:48,18117.80,150,11669550
20221104,09:28:49,18117.80,150,11669550
20221104,09:28:50,18115.10,200,11669550
20221104,09:28:51,18118.65,800,11669550
20221104,09:28:52,18116.40,300,11669550
20221104,09:28:53,18116.40,600,11669550
20221104,09:28:54,18117.80,300,11669550
20221104,09:28:55,18119.85,350,11669550
20221104,09:28:58,18118.90,150,11669550
20221104,09:28:59,18118.45,450,11669550
20221104,09:29:00,18118.45,350,11669550
20221104,09:29:02,18119.95,450,11669550
20221104,09:29:03,18118.15,150,11669550
20221104,09:29:04,18119.05,50,11669550
20221104,09:29:05,18119.55,500,11669550
20221104,09:29:06,18118.00,400,11669550
20221104,09:29:07,18116.90,100,11669550
20221104,09:29:08,18116.80,450,11669550
20221104,09:29:09,18119.25,450,11669550
20221104,09:29:10,18119.90,200,11669550
20221104,09:29:11,18120.00,650,11669550
20221104,09:29:12,18120.00,450,11669550
20221104,09:29:13,18122.00,150,11669550
20221104,09:29:15,18119.90,200,11669550
20221104,09:29:15,18122.20,450,11669550
20221104,09:29:16,18119.50,450,11680050
20221104,09:29:17,18122.00,50,11680050
20221104,09:29:18,18119.20,250,11680050
20221104,09:29:19,18121.90,300,11680050
20221104,09:29:20,18121.85,250,11680050
20221104,09:29:21,18121.00,150,11680050
20221104,09:29:22,18120.00,50,11680050
20221104,09:29:23,18122.30,250,11680050
20221104,09:29:24,18122.00,50,11680050
20221104,09:29:25,18122.50,100,11680050
20221104,09:29:26,18120.00,250,11680050
20221104,09:29:27,18120.00,350,11680050
20221104,09:29:28,18121.00,1650,11680050
20221104,09:29:29,18124.00,150,11680050
20221104,09:29:30,18124.50,350,11680050
20221104,09:29:31,18125.55,3000,11680050
20221104,09:29:32,18126.40,200,11680050
20221104,09:29:33,18126.95,50,11680050
20221104,09:29:35,18127.60,400,11680050
20221104,09:29:36,18128.20,1000,11680050
20221104,09:29:37,18126.00,600,11680050
20221104,09:29:38,18128.25,150,11680050
20221104,09:29:40,18129.35,1150,11680050
20221104,09:29:41,18130.90,1100,11680050
20221104,09:29:42,18128.05,900,11680050
20221104,09:29:43,18130.40,500,11680050
20221104,09:29:44,18130.00,350,11680050
20221104,09:29:45,18129.00,150,11680050
20221104,09:29:46,18130.00,500,11680050
20221104,09:29:48,18130.95,2900,11680050
20221104,09:29:49,18128.05,1600,11680050
20221104,09:29:50,18128.95,550,11680050
20221104,09:29:51,18128.30,200,11680050
20221104,09:29:52,18128.30,350,11680050
20221104,09:29:53,18128.90,250,11680050
20221104,09:29:55,18129.60,700,11680050
20221104,09:29:56,18130.00,200,11680050
20221104,09:29:57,18128.35,400,11680050
20221104,09:29:58,18127.40,2800,11680050
20221104,09:29:59,18129.60,950,11680050
20221104,09:30:01,18128.80,400,11680050
20221104,09:30:02,18130.00,2150,11680050
20221104,09:30:03,18133.00,1900,11680050
20221104,09:30:03,18133.90,250,11680050
20221104,09:30:04,18132.00,1000,11680050
20221104,09:30:06,18134.60,200,11680050
20221104,09:30:07,18134.80,550,11680050
20221104,09:30:08,18133.00,650,11680050
20221104,09:30:08,18133.00,50,11680050
20221104,09:30:09,18131.80,250,11680050
20221104,09:30:10,18131.05,400,11680050
20221104,09:30:11,18134.25,1850,11680050
20221104,09:30:12,18132.70,2600,11680050
20221104,09:30:13,18136.00,450,11680050
20221104,09:30:14,18135.00,1450,11680050
20221104,09:30:15,18137.30,300,11680050
20221104,09:30:16,18137.40,400,11680050
20221104,09:30:17,18137.25,550,11680050
20221104,09:30:18,18135.50,200,11680050
20221104,09:30:19,18137.30,850,11680050
20221104,09:30:20,18138.00,1250,11680050
20221104,09:30:21,18139.00,750,11680050
20221104,09:30:22,18136.80,400,11680050
20221104,09:30:23,18139.15,250,11680050
20221104,09:30:24,18137.45,800,11680050
20221104,09:30:25,18138.60,650,11680050
20221104,09:30:26,18138.85,150,11680050
20221104,09:30:27,18136.90,100,11680050
20221104,09:30:28,18137.45,150,11680050
20221104,09:30:29,18138.30,550,11680050
20221104,09:30:30,18137.20,950,11680050
20221104,09:30:31,18135.70,550,11680050
20221104,09:30:32,18138.60,900,11680050
20221104,09:30:33,18137.40,350,11680050
20221104,09:30:34,18136.90,2100,11680050
20221104,09:30:35,18135.00,700,11680050
20221104,09:30:36,18137.30,400,11680050
20221104,09:30:37,18134.05,350,11680050
20221104,09:30:38,18136.65,650,11680050
20221104,09:30:39,18135.40,300,11680050
20221104,09:30:40,18134.45,1750,11680050
20221104,09:30:41,18131.55,350,11680050
20221104,09:30:42,18134.75,200,11680050
20221104,09:30:43,18132.35,700,11680050
20221104,09:30:44,18133.05,850,11680050
20221104,09:30:45,18133.80,200,11680050
20221104,09:30:46,18134.60,250,11680050
20221104,09:30:47,18134.45,200,11680050
20221104,09:30:48,18135.00,200,11680050
20221104,09:30:49,18133.00,300,11680050
20221104,09:30:50,18132.40,150,11680050
20221104,09:30:51,18134.30,50,11680050
20221104,09:30:52,18133.00,900,11680050
20221104,09:30:53,18135.90,500,11680050
20221104,09:30:54,18133.80,100,11680050
20221104,09:30:55,18134.95,50,11680050
20221104,09:30:56,18136.05,1200,11680050
20221104,09:30:57,18135.65,200,11680050
20221104,09:30:58,18134.80,150,11680050
20221104,09:30:59,18132.00,2100,11680050
20221104,09:31:00,18132.80,500,11680050
20221104,09:31:01,18131.45,200,11680050
20221104,09:31:02,18132.30,200,11680050
20221104,09:31:03,18132.85,400,11680050
20221104,09:31:04,18135.70,200,11680050
20221104,09:31:05,18135.90,50,11680050
20221104,09:31:06,18134.80,250,11680050
20221104,09:31:08,18134.45,250,11680050
20221104,09:31:09,18132.85,1350,11680050
20221104,09:31:10,18135.00,50,11680050
20221104,09:31:11,18133.90,800,11680050
20221104,09:31:12,18132.80,250,11680050
20221104,09:31:13,18132.80,100,11680050
20221104,09:31:14,18131.45,50,11680050
20221104,09:31:15,18132.95,150,11680050
20221104,09:31:16,18132.95,150,11680050
20221104,09:31:17,18134.00,150,11680050
20221104,09:31:18,18134.45,650,11680050
20221104,09:31:19,18134.50,100,11680050
20221104,09:31:20,18133.30,2050,11680050
20221104,09:31:21,18132.75,2150,11680050
20221104,09:31:22,18133.55,1900,11680050
20221104,09:31:23,18136.00,1700,11680050
20221104,09:31:24,18134.45,100,11680050
20221104,09:31:25,18134.10,250,11680050
20221104,09:31:26,18134.00,1550,11680050
20221104,09:31:27,18136.00,150,11680050
20221104,09:31:28,18136.00,150,11680050
20221104,09:31:29,18136.45,350,11680050
20221104,09:31:30,18137.70,200,11680050
20221104,09:31:31,18138.00,600,11680050
20221104,09:31:33,18136.45,3250,11680050
20221104,09:31:34,18136.95,350,11680050
20221104,09:31:35,18136.85,100,11680050
20221104,09:31:36,18138.00,150,11680050
20221104,09:31:37,18136.65,1100,11680050
20221104,09:31:38,18136.00,150,11680050
20221104,09:31:40,18134.90,650,11680050
20221104,09:31:41,18134.40,250,11680050
20221104,09:31:42,18134.30,200,11680050
20221104,09:31:43,18132.90,350,11680050
20221104,09:31:45,18134.00,150,11680050
20221104,09:31:46,18133.95,500,11680050
20221104,09:31:47,18133.95,100,11680050
20221104,09:31:48,18132.30,100,11680050
20221104,09:31:49,18132.00,550,11680050
20221104,09:31:51,18133.30,500,11680050
20221104,09:31:52,18130.00,500,11680050
20221104,09:31:53,18130.00,50,11680050
20221104,09:31:54,18130.00,450,11680050
20221104,09:31:56,18130.00,100,11680050
20221104,09:31:57,18130.00,200,11680050
20221104,09:31:58,18130.90,50,11680050
20221104,09:32:00,18132.00,100,11680050
20221104,09:32:01,18130.00,300,11680050
20221104,09:32:02,18129.50,1400,11680050
20221104,09:32:03,18127.90,100,11680050
20221104,09:32:04,18127.65,300,11680050
20221104,09:32:05,18125.10,600,11680050
20221104,09:32:06,18125.25,50,11680050
20221104,09:32:07,18125.50,150,11680050
20221104,09:32:08,18126.25,150,11680050
20221104,09:32:09,18125.10,100,11680050
20221104,09:32:10,18123.35,1050,11680050
20221104,09:32:11,18123.00,2350,11680050
20221104,09:32:12,18123.45,100,11680050
20221104,09:32:13,18123.35,50,11680050
20221104,09:32:14,18122.00,400,11680050
20221104,09:32:15,18122.40,550,11680050
20221104,09:32:16,18121.30,200,11680050
20221104,09:32:17,18120.95,550,11680050
20221104,09:32:18,18120.95,200,11671300
20221104,09:32:19,18120.05,1750,11671300
20221104,09:32:20,18120.05,600,11671300
20221104,09:32:21,18120.95,150,11671300
20221104,09:32:22,18120.95,200,11671300
20221104,09:32:23,18120.35,1150,11671300
20221104,09:32:24,18120.35,100,11671300
20221104,09:32:25,18121.55,300,11671300
20221104,09:32:26,18120.35,50,11671300
20221104,09:32:27,18120.00,100,11671300
20221104,09:32:28,18118.95,2100,11671300
20221104,09:32:30,18118.05,250,11671300
20221104,09:32:31,18119.95,50,11671300
20221104,09:32:32,18118.00,250,11671300
20221104,09:32:33,18118.00,100,11671300
20221104,09:32:34,18118.00,150,11671300
20221104,09:32:35,18117.05,150,11671300
20221104,09:32:36,18117.85,250,11671300
20221104,09:32:37,18116.15,100,11671300
20221104,09:32:38,18115.85,200,11671300
20221104,09:32:39,18115.05,200,11671300
20221104,09:32:40,18115.00,350,11671300
20221104,09:32:41,18115.05,50,11671300
20221104,09:32:42,18115.00,50,11671300
20221104,09:32:43,18115.50,50,11671300
20221104,09:32:44,18116.20,100,11671300
20221104,09:32:45,18115.00,200,11671300
20221104,09:32:45,18120.35,1450,11671300
20221104,09:32:46,18118.95,5050,11671300
20221104,09:32:47,18117.05,400,11671300
20221104,09:32:48,18120.35,150,11671300
20221104,09:32:50,18118.10,50,11671300
20221104,09:32:51,18119.80,100,11671300
20221104,09:32:52,18117.55,100,11671300
20221104,09:32:53,18118.10,50,11671300
20221104,09:32:54,18118.95,250,11671300
20221104,09:32:55,18116.95,100,11671300
20221104,09:32:56,18116.55,150,11671300
20221104,09:32:57,18117.35,50,11671300
20221104,09:32:58,18117.25,100,11671300
20221104,09:32:59,18116.95,50,11671300
20221104,09:33:00,18116.95,150,11671300
20221104,09:33:01,18116.35,200,11671300
20221104,09:33:02,18115.00,850,11671300
20221104,09:33:03,18114.00,550,11671300
20221104,09:33:04,18115.05,100,11671300
20221104,09:33:05,18113.00,650,11671300
20221104,09:33:06,18114.25,50,11671300
20221104,09:33:07,18116.35,200,11671300
20221104,09:33:08,18115.20,150,11671300
20221104,09:33:09,18116.35,900,11671300
20221104,09:33:10,18115.40,200,11671300
20221104,09:33:11,18117.05,1400,11671300
20221104,09:33:12,18120.00,400,11671300
20221104,09:33:13,18118.15,100,11671300
20221104,09:33:14,18119.35,400,11671300
20221104,09:33:15,18119.35,100,11671300
20221104,09:33:16,18120.65,100,11671300
20221104,09:33:17,18121.85,50,11671300
20221104,09:33:19,18121.85,250,11671300
20221104,09:33:20,18120.15,300,11671300
20221104,09:33:21,18122.60,550,11671300
20221104,09:33:22,18121.25,650,11671300
20221104,09:33:24,18118.40,50,11671300
20221104,09:33:25,18119.80,50,11671300
20221104,09:33:26,18117.00,600,11671300
20221104,09:33:27,18120.30,100,11671300
20221104,09:33:28,18119.30,50,11671300
20221104,09:33:29,18118.90,450,11671300
20221104,09:33:30,18119.00,1700,11671300
20221104,09:33:32,18118.25,50,11671300
20221104,09:33:34,18121.00,250,11671300
20221104,09:33:35,18120.00,50,11671300
20221104,09:33:36,18120.00,1550,11671300
20221104,09:33:37,18120.00,350,11671300
20221104,09:33:38,18120.45,2050,11671300
20221104,09:33:39,18120.85,100,11671300
20221104,09:33:40,18121.05,300,11671300
20221104,09:33:42,18120.40,400,11671300
20221104,09:33:43,18122.00,100,11671300
20221104,09:33:44,18122.90,100,11671300
20221104,09:33:45,18123.30,100,11671300
20221104,09:33:46,18123.30,50,11671300
20221104,09:33:46,18122.55,50,11671300
20221104,09:33:47,18120.40,400,11671300
20221104,09:33:48,18121.40,50,11671300
20221104,09:33:49,18121.90,600,11671300
20221104,09:33:52,18122.00,300,11671300
20221104,09:33:53,18119.75,500,11671300
20221104,09:33:55,18121.40,300,11671300
20221104,09:33:56,18119.90,150,11671300
20221104,09:33:57,18119.05,350,11671300
20221104,09:33:58,18120.90,100,11671300
20221104,09:33:59,18119.90,100,11671300
20221104,09:34:00,18120.20,50,11671300
20221104,09:34:01,18119.50,250,11671300
20221104,09:34:02,18119.40,200,11671300
20221104,09:34:03,18119.65,650,11671300
20221104,09:34:04,18121.40,50,11671300
20221104,09:34:06,18120.45,350,11671300
20221104,09:34:07,18120.90,50,11671300
20221104,09:34:08,18120.40,100,11671300
20221104,09:34:09,18121.35,150,11671300
20221104,09:34:10,18121.20,200,11671300
20221104,09:34:11,18121.25,150,11671300
20221104,09:34:12,18119.05,50,11671300
20221104,09:34:15,18118.95,450,11671300
20221104,09:34:16,18118.25,250,11671300
20221104,09:34:17,18117.90,200,11671300
20221104,09:34:18,18118.75,150,11671300
20221104,09:34:19,18117.80,100,11671300
20221104,09:34:20,18117.80,300,11671300
20221104,09:34:23,18121.40,4900,11671300
20221104,09:34:24,18122.20,2500,11671300
20221104,09:34:25,18119.60,150,11671300
20221104,09:34:26,18118.80,50,11671300
20221104,09:34:27,18119.35,500,11671300
20221104,09:34:28,18118.55,250,11671300
20221104,09:34:29,18120.00,250,11671300
20221104,09:34:30,18120.60,200,11671300
20221104,09:34:32,18119.75,1150,11671300
20221104,09:34:33,18119.90,650,11671300
20221104,09:34:34,18119.65,250,11671300
20221104,09:34:35,18120.25,350,11671300
20221104,09:34:36,18119.90,100,11671300
20221104,09:34:37,18118.45,200,11671300
20221104,09:34:38,18120.25,350,11671300
20221104,09:34:39,18120.40,250,11671300
20221104,09:34:40,18120.15,500,11671300
20221104,09:34:41,18120.00,50,11671300
20221104,09:34:42,18117.05,350,11671300
20221104,09:34:43,18117.05,200,11671300
20221104,09:34:44,18117.75,700,11671300
20221104,09:34:45,18116.00,100,11671300
20221104,09:34:46,18116.80,100,11671300
20221104,09:34:47,18116.00,4550,11671300
20221104,09:34:48,18116.80,650,11671300
20221104,09:34:49,18116.00,3850,11671300
20221104,09:34:50,18116.55,3350,11671300
20221104,09:34:51,18116.70,150,11671300
20221104,09:34:53,18116.70,200,11671300
20221104,09:34:54,18116.35,200,11671300
20221104,09:34:55,18119.40,1100,11671300
20221104,09:34:57,18118.70,100,11671300
20221104,09:34:58,18118.95,50,11671300
20221104,09:34:59,18119.00,150,11671300
20221104,09:35:00,18118.20,100,11671300
20221104,09:35:01,18118.05,50,11671300
20221104,09:35:02,18118.05,200,11671300
20221104,09:35:03,18118.45,100,11671300
20221104,09:35:04,18118.35,200,11671300
20221104,09:35:05,18118.40,100,11671300
20221104,09:35:06,18118.65,50,11671300
20221104,09:35:07,18118.60,50,11671300
20221104,09:35:08,18118.00,150,11671300
20221104,09:35:09,18116.10,50,11671300
20221104,09:35:10,18117.15,250,11671300
20221104,09:35:11,18116.00,350,11671300
20221104,09:35:12,18116.60,150,11671300
20221104,09:35:13,18116.15,150,11671300
20221104,09:35:14,18116.40,250,11671300
20221104,09:35:15,18116.00,400,11671300
20221104,09:35:19,18118.00,300,11692700
20221104,09:35:20,18117.00,150,11692700
20221104,09:35:21,18118.05,50,11692700
20221104,09:35:22,18117.00,250,11692700
20221104,09:35:24,18117.00,150,11692700
20221104,09:35:27,18117.45,50,11692700
20221104,09:35:29,18118.00,150,11692700
20221104,09:35:31,18117.90,2000,11692700
20221104,09:35:32,18116.75,350,11692700
20221104,09:35:33,18116.75,50,11692700
20221104,09:35:34,18116.00,150,11692700
20221104,09:35:35,18118.05,650,11692700
20221104,09:35:36,18117.00,100,11692700
20221104,09:35:37,18118.05,4450,11692700
20221104,09:35:38,18119.45,3350,11692700
20221104,09:35:39,18116.60,100,11692700
20221104,09:35:40,18116.00,1550,11692700
20221104,09:35:41,18116.00,800,11692700
20221104,09:35:42,18115.40,50,11692700
20221104,09:35:43,18114.95,2300,11692700
20221104,09:35:44,18114.10,150,11692700
20221104,09:35:46,18114.00,50,11692700
20221104,09:35:47,18113.10,200,11692700
20221104,09:35:49,18112.10,350,11692700
20221104,09:35:50,18111.15,200,11692700
20221104,09:35:51,18112.55,2500,11692700
20221104,09:35:52,18111.55,200,11692700
20221104,09:35:53,18113.15,100,11692700
20221104,09:35:54,18111.85,100,11692700
20221104,09:35:55,18115.35,350,11692700
20221104,09:35:56,18114.75,450,11692700
20221104,09:35:57,18112.50,100,11692700
20221104,09:35:59,18112.20,200,11692700
20221104,09:36:00,18112.05,1050,11692700
20221104,09:36:02,18112.45,100,11692700
20221104,09:36:03,18112.45,100,11692700
20221104,09:36:04,18112.45,50,11692700
20221104,09:36:05,18112.60,200,11692700
20221104,09:36:06,18115.20,600,11692700
20221104,09:36:07,18113.00,150,11692700
20221104,09:36:08,18112.15,450,11692700
20221104,09:36:09,18113.90,50,11692700
20221104,09:36:12,18112.10,450,11692700
20221104,09:36:14,18114.15,1000,11692700
20221104,09:36:15,18114.70,100,11692700
20221104,09:36:17,18113.90,450,11692700
20221104,09:36:18,18111.60,200,11692700
20221104,09:36:20,18111.80,50,11692700
20221104,09:36:23,18110.20,300,11692700
20221104,09:36:24,18112.70,100,11692700
20221104,09:36:25,18111.80,150,11692700
20221104,09:36:27,18114.00,150,11692700
20221104,09:36:28,18114.75,100,11692700
20221104,09:36:29,18113.95,450,11692700
20221104,09:36:31,18114.25,100,11692700
20221104,09:36:33,18112.90,200,11692700
20221104,09:36:34,18112.90,200,11692700
20221104,09:36:35,18113.15,200,11692700
20221104,09:36:36,18115.00,150,11692700
20221104,09:36:39,18112.90,50,11692700
20221104,09:36:39,18115.00,50,11692700
20221104,09:36:40,18113.95,100,11692700
20221104,09:36:41,18111.55,1000,11692700
20221104,09:36:42,18110.30,1500,11692700
20221104,09:36:44,18110.40,50,11692700
20221104,09:36:45,18110.10,200,11692700
20221104,09:36:46,18112.10,100,11692700
20221104,09:36:47,18112.40,350,11692700
20221104,09:36:48,18112.55,100,11692700
20221104,09:36:50,18114.60,3650,11692700
20221104,09:36:50,18114.70,50,11692700
20221104,09:36:51,18112.40,100,11692700
20221104,09:36:52,18111.30,100,11692700
20221104,09:36:53,18113.45,100,11692700
20221104,09:36:56,18110.25,350,11692700
20221104,09:36:57,18111.00,2200,11692700
20221104,09:36:58,18111.00,200,11692700
20221104,09:36:59,18110.00,1200,11692700
20221104,09:37:00,18110.35,150,11692700
20221104,09:37:02,18110.05,2150,11692700
20221104,09:37:02,18110.05,550,11692700
20221104,09:37:03,18110.00,3600,11692700
20221104,09:37:04,18111.90,350,11692700
20221104,09:37:05,18110.90,200,11692700
20221104,09:37:07,18111.10,600,11692700
20221104,09:37:08,18110.05,550,11692700
20221104,09:37:09,18111.75,300,11692700
20221104,09:37:10,18111.00,50,11692700
20221104,09:37:11,18111.00,300,11692700
20221104,09:37:13,18111.10,150,11692700
20221104,09:37:13,18111.00,50,11692700
20221104,09:37:14,18110.95,100,11692700
20221104,09:37:15,18110.95,300,11692700
20221104,09:37:17,18110.00,600,11692700
20221104,09:37:17,18110.80,50,11692700
20221104,09:37:19,18110.80,150,11692700
20221104,09:37:20,18111.00,350,11692700
20221104,09:37:22,18111.00,200,11692700
20221104,09:37:22,18110.60,100,11692700
20221104,09:37:23,18110.00,50,11692700
20221104,09:37:24,18110.00,100,11692700
20221104,09:37:25,18110.00,300,11692700
20221104,09:37:27,18110.00,400,11692700
20221104,09:37:29,18110.10,400,11692700
20221104,09:37:30,18110.00,1200,11692700
20221104,09:37:31,18110.00,1250,11692700
20221104,09:37:33,18109.45,400,11692700
20221104,09:37:34,18109.30,150,11692700
20221104,09:37:35,18107.00,1400,11692700
20221104,09:37:36,18109.55,50,11692700
20221104,09:37:38,18109.90,150,11692700
20221104,09:37:39,18109.45,50,11692700
20221104,09:37:40,18107.70,400,11692700
20221104,09:37:41,18107.10,250,11692700
20221104,09:37:42,18106.70,150,11692700
20221104,09:37:44,18107.30,950,11692700
20221104,09:37:45,18107.30,400,11692700
20221104,09:37:47,18109.45,50,11692700
20221104,09:37:49,18107.05,400,11692700
20221104,09:37:49,18106.35,50,11692700
20221104,09:37:50,18110.00,100,11692700
20221104,09:37:51,18109.15,50,11692700
20221104,09:37:52,18109.30,200,11692700
20221104,09:37:53,18109.25,100,11692700
20221104,09:37:54,18109.15,50,11692700
20221104,09:37:55,18109.20,400,11692700
20221104,09:37:56,18108.90,50,11692700
20221104,09:37:57,18110.10,700,11692700
20221104,09:37:59,18109.70,50,11692700
20221104,09:38:00,18107.00,300,11692700
20221104,09:38:01,18107.00,100,11692700
20221104,09:38:02,18107.00,350,11692700
20221104,09:38:03,18107.50,300,11692700
20221104,09:38:04,18106.55,50,11692700
20221104,09:38:05,18105.95,1850,11692700
20221104,09:38:07,18104.00,2400,11692700
20221104,09:38:08,18104.00,150,11692700
20221104,09:38:09,18103.50,250,11692700
20221104,09:38:10,18104.25,50,11692700
20221104,09:38:11,18105.00,100,11692700
20221104,09:38:12,18104.00,400,11692700
20221104,09:38:13,18102.60,550,11692700
20221104,09:38:14,18103.55,50,11692700
20221104,09:38:15,18103.00,1050,11692700
20221104,09:38:16,18104.00,200,11692700
20221104,09:38:17,18104.00,100,11692700
20221104,09:38:18,18102.50,1050,11695450
20221104,09:38:19,18103.40,850,11695450
20221104,09:38:20,18100.45,1900,11695450
20221104,09:38:21,18101.05,200,11695450
20221104,09:38:22,18099.00,5100,11695450
20221104,09:38:23,18099.00,350,11695450
20221104,09:38:24,18099.35,50,11695450
20221104,09:38:25,18098.90,550,11695450
20221104,09:38:26,18099.40,100,11695450
20221104,09:38:27,18098.00,450,11695450
20221104,09:38:28,18099.50,400,11695450
20221104,09:38:29,18100.00,1900,11695450
20221104,09:38:30,18099.55,250,11695450
20221104,09:38:32,18098.25,1700,11695450
20221104,09:38:33,18098.95,400,11695450
20221104,09:38:34,18100.00,950,11695450
20221104,09:38:35,18101.00,50,11695450
20221104,09:38:36,18100.00,400,11695450
20221104,09:38:37,18098.05,550,11695450
20221104,09:38:38,18102.50,250,11695450
20221104,09:38:39,18100.55,150,11695450
20221104,09:38:40,18100.50,200,11695450
20221104,09:38:41,18100.50,50,11695450
20221104,09:38:42,18100.00,2350,11695450
20221104,09:38:43,18103.80,700,11695450
20221104,09:38:44,18103.15,1250,11695450
20221104,09:38:45,18103.80,2050,11695450
20221104,09:38:46,18102.20,100,11695450
20221104,09:38:47,18102.40,100,11695450
20221104,09:38:48,18102.00,1450,11695450
20221104,09:38:49,18101.55,100,11695450
20221104,09:38:50,18103.85,200,11695450
20221104,09:38:51,18102.00,200,11695450
20221104,09:38:53,18103.00,200,11695450
20221104,09:38:54,18101.35,400,11695450
20221104,09:38:55,18101.00,700,11695450
20221104,09:38:56,18102.00,100,11695450
20221104,09:38:59,18101.00,400,11695450
20221104,09:39:00,18100.15,700,11695450
20221104,09:39:01,18100.75,550,11695450
20221104,09:39:02,18099.00,650,11695450
20221104,09:39:03,18097.10,2150,11695450
20221104,09:39:04,18098.90,2000,11695450
20221104,09:39:05,18097.10,450,11695450
20221104,09:39:06,18096.65,450,11695450
20221104,09:39:09,18098.50,200,11695450
20221104,09:39:10,18098.70,100,11695450
20221104,09:39:11,18096.55,700,11695450
20221104,09:39:13,18096.50,350,11695450
20221104,09:39:14,18097.10,450,11695450
20221104,09:39:15,18097.85,550,11695450
20221104,09:39:16,18096.50,250,11695450
20221104,09:39:17,18096.50,800,11695450
20221104,09:39:18,18096.40,350,11695450
20221104,09:39:19,18097.00,1000,11695450
20221104,09:39:20,18097.00,250,11695450
20221104,09:39:21,18095.75,300,11695450
20221104,09:39:22,18093.45,5450,11695450
20221104,09:39:23,18096.00,1700,11695450
20221104,09:39:24,18093.15,100,11695450
20221104,09:39:25,18093.10,100,11695450
20221104,09:39:26,18093.10,100,11695450
20221104,09:39:27,18092.10,3500,11695450
20221104,09:39:28,18093.20,200,11695450
20221104,09:39:29,18093.45,250,11695450
20221104,09:39:30,18091.00,1800,11695450
20221104,09:39:31,18093.55,300,11695450
20221104,09:39:32,18093.95,400,11695450
20221104,09:39:33,18092.05,1200,11695450
20221104,09:39:34,18092.95,900,11695450
20221104,09:39:35,18092.10,150,11695450
20221104,09:39:36,18093.95,50,11695450
20221104,09:39:37,18094.60,300,11695450
20221104,09:39:38,18095.90,550,11695450
20221104,09:39:39,18096.55,150,11695450
20221104,09:39:40,18094.00,200,11695450
20221104,09:39:41,18095.00,300,11695450
20221104,09:39:42,18097.00,100,11695450
20221104,09:39:43,18094.35,250,11695450
20221104,09:39:44,18094.55,200,11695450
20221104,09:39:45,18098.70,750,11695450
20221104,09:39:46,18097.15,200,11695450
20221104,09:39:47,18099.10,150,11695450
20221104,09:39:48,18100.00,300,11695450
20221104,09:39:49,18099.10,150,11695450
20221104,09:39:50,18097.60,50,11695450
20221104,09:39:51,18097.00,700,11695450
20221104,09:39:52,18097.00,1050,11695450
20221104,09:39:53,18098.30,150,11695450
20221104,09:39:54,18099.55,350,11695450
20221104,09:39:55,18099.00,200,11695450
20221104,09:39:56,18098.65,50,11695450
20221104,09:39:57,18099.90,200,11695450
20221104,09:39:58,18098.00,300,11695450
20221104,09:39:59,18098.00,300,11695450
20221104,09:40:00,18099.65,50,11695450
20221104,09:40:01,18097.45,200,11695450
20221104,09:40:02,18097.00,1200,11695450
20221104,09:40:03,18099.30,450,11695450
20221104,09:40:04,18099.30,1450,11695450
20221104,09:40:05,18099.10,650,11695450
20221104,09:40:06,18099.10,150,11695450
20221104,09:40:07,18097.65,950,11695450
20221104,09:40:08,18099.95,150,11695450
20221104,09:40:09,18098.65,100,11695450
20221104,09:40:10,18101.00,1050,11695450
20221104,09:40:11,18099.90,550,11695450
20221104,09:40:12,18099.85,50,11695450
20221104,09:40:13,18100.75,400,11695450
20221104,09:40:14,18100.00,50,11695450
20221104,09:40:15,18099.00,300,11695450
20221104,09:40:17,18099.60,200,11695450
20221104,09:40:18,18101.60,250,11695450
20221104,09:40:19,18100.45,900,11695450
20221104,09:40:20,18100.95,600,11695450
20221104,09:40:21,18100.50,200,11695450
20221104,09:40:22,18099.30,200,11695450
20221104,09:40:25,18099.00,600,11695450
20221104,09:40:26,18097.20,11650,11695450
20221104,09:40:27,18096.10,8150,11695450
20221104,09:40:28,18096.00,1600,11695450
20221104,09:40:29,18092.60,700,11695450
20221104,09:40:30,18095.30,50,11695450
20221104,09:40:31,18093.55,300,11695450
20221104,09:40:32,18096.75,250,11695450
20221104,09:40:33,18096.80,150,11695450
20221104,09:40:34,18098.70,450,11695450
20221104,09:40:35,18099.40,150,11695450
20221104,09:40:36,18100.45,700,11695450
20221104,09:40:37,18099.20,150,11695450
20221104,09:40:38,18096.20,200,11695450
20221104,09:40:39,18099.40,100,11695450
20221104,09:40:40,18097.20,50,11695450
20221104,09:40:41,18099.80,50,11695450
20221104,09:40:42,18099.45,100,11695450
20221104,09:40:43,18099.00,100,11695450
20221104,09:40:44,18098.05,100,11695450
20221104,09:40:46,18100.00,200,11695450
20221104,09:40:48,18100.00,200,11695450
20221104,09:40:49,18098.00,50,11695450
20221104,09:40:50,18097.10,100,11695450
20221104,09:40:52,18098.65,100,11695450
20221104,09:40:53,18100.00,200,11695450
20221104,09:40:54,18097.30,5050,11695450
20221104,09:40:55,18100.55,150,11695450
20221104,09:40:56,18101.90,200,11695450
20221104,09:40:57,18099.15,50,11695450
20221104,09:40:58,18100.45,50,11695450
20221104,09:40:59,18101.25,150,11695450
20221104,09:41:02,18098.75,350,11695450
20221104,09:41:05,18098.70,100,11695450
20221104,09:41:06,18099.15,50,11695450
20221104,09:41:07,18099.90,250,11695450
20221104,09:41:08,18100.55,800,11695450
20221104,09:41:09,18101.25,500,11695450
20221104,09:41:10,18102.50,250,11695450
20221104,09:41:11,18103.00,450,11695450
20221104,09:41:12,18101.85,800,11695450
20221104,09:41:13,18105.05,150,11695450
20221104,09:41:14,18106.35,400,11695450
20221104,09:41:16,18105.65,850,11695450
20221104,09:41:17,18106.20,150,11695450
20221104,09:41:18,18105.85,50,11680400
20221104,09:41:19,18106.20,500,11680400
20221104,09:41:20,18106.40,50,11680400
20221104,09:41:21,18106.40,300,11680400
20221104,09:41:22,18106.95,100,11680400
20221104,09:41:23,18107.00,200,11680400
20221104,09:41:24,18107.00,200,11680400
20221104,09:41:25,18107.00,1550,11680400
20221104,09:41:26,18103.15,800,11680400
20221104,09:41:27,18106.20,2000,11680400
20221104,09:41:28,18102.50,500,11680400
20221104,09:41:29,18105.00,300,11680400
20221104,09:41:30,18107.00,150,11680400
20221104,09:41:32,18106.60,700,11680400
20221104,09:41:33,18107.00,200,11680400
20221104,09:41:34,18103.10,50,11680400
20221104,09:41:35,18102.50,450,11680400
20221104,09:41:36,18102.10,50,11680400
20221104,09:41:37,18102.00,50,11680400
20221104,09:41:38,18103.50,100,11680400
20221104,09:41:40,18102.50,100,11680400
20221104,09:41:42,18101.00,150,11680400
20221104,09:41:43,18100.55,50,11680400
20221104,09:41:44,18100.05,200,11680400
20221104,09:41:45,18100.05,1300,11680400
20221104,09:41:46,18100.90,1000,11680400
20221104,09:41:47,18098.70,250,11680400
20221104,09:41:48,18098.90,50,11680400
20221104,09:41:50,18098.00,150,11680400
20221104,09:41:51,18097.30,900,11680400
20221104,09:41:52,18098.45,300,11680400
20221104,09:41:53,18096.90,200,11680400
20221104,09:41:54,18095.30,50,11680400
20221104,09:41:55,18096.95,50,11680400
20221104,09:41:56,18097.70,250,11680400
20221104,09:41:57,18099.00,150,11680400
20221104,09:41:58,18097.70,100,11680400
20221104,09:41:59,18096.75,500,11680400
20221104,09:42:00,18097.55,100,11680400
20221104,09:42:01,18100.00,400,11680400
20221104,09:42:02,18099.30,550,11680400
20221104,09:42:03,18098.70,100,11680400
20221104,09:42:04,18099.30,50,11680400
20221104,09:42:05,18099.95,650,11680400
20221104,09:42:06,18100.00,150,11680400
20221104,09:42:07,18100.60,50,11680400
20221104,09:42:08,18103.15,350,11680400
20221104,09:42:09,18101.00,100,11680400
20221104,09:42:10,18101.10,150,11680400
20221104,09:42:11,18101.95,800,11680400
20221104,09:42:12,18098.30,250,11680400
20221104,09:42:16,18101.40,250,11680400
20221104,09:42:17,18099.90,300,11680400
20221104,09:42:18,18101.00,250,11680400
20221104,09:42:21,18097.30,100,11680400
20221104,09:42:22,18100.40,1000,11680400
20221104,09:42:24,18097.30,300,11680400
20221104,09:42:25,18097.50,50,11680400
20221104,09:42:26,18100.00,50,11680400
20221104,09:42:28,18099.90,150,11680400
20221104,09:42:29,18097.30,100,11680400
20221104,09:42:30,18097.80,150,11680400
20221104,09:42:31,18097.40,100,11680400
20221104,09:42:33,18098.00,100,11680400
20221104,09:42:34,18099.90,200,11680400
20221104,09:42:35,18099.70,300,11680400
20221104,09:42:37,18097.50,100,11680400
20221104,09:42:38,18099.90,50,11680400
20221104,09:42:39,18097.80,100,11680400
20221104,09:42:40,18100.00,50,11680400
20221104,09:42:41,18099.30,1350,11680400
20221104,09:42:42,18101.30,100,11680400
20221104,09:42:42,18101.45,50,11680400
20221104,09:42:43,18098.25,200,11680400
20221104,09:42:46,18098.60,50,11680400
20221104,09:42:47,18100.00,100,11680400
20221104,09:42:49,18100.40,350,11680400
20221104,09:42:50,18102.00,150,11680400
20221104,09:42:51,18101.20,650,11680400
20221104,09:42:53,18101.15,50,11680400
20221104,09:42:54,18101.80,1250,11680400
20221104,09:42:54,18101.20,200,11680400
20221104,09:42:55,18101.80,450,11680400
20221104,09:42:56,18101.80,150,11680400
20221104,09:42:57,18101.30,100,11680400
20221104,09:43:00,18100.00,100,11680400
20221104,09:43:01,18103.00,50,11680400
20221104,09:43:02,18102.65,150,11680400
20221104,09:43:04,18101.75,2550,11680400
20221104,09:43:05,18104.95,200,11680400
20221104,09:43:05,18105.00,50,11680400
20221104,09:43:06,18105.10,500,11680400
20221104,09:43:07,18105.10,350,11680400
20221104,09:43:08,18105.90,600,11680400
20221104,09:43:09,18106.10,250,11680400
20221104,09:43:11,18106.95,250,11680400
20221104,09:43:12,18104.80,200,11680400
20221104,09:43:13,18106.00,300,11680400
20221104,09:43:14,18107.50,250,11680400
20221104,09:43:15,18105.80,300,11680400
20221104,09:43:18,18106.30,450,11680400
20221104,09:43:19,18107.10,400,11680400
20221104,09:43:20,18106.75,150,11680400
20221104,09:43:21,18104.05,550,11680400
20221104,09:43:22,18105.80,300,11680400
20221104,09:43:24,18105.80,100,11680400
20221104,09:43:25,18106.80,900,11680400
20221104,09:43:26,18106.30,1150,11680400
20221104,09:43:27,18105.90,450,11680400
20221104,09:43:28,18107.35,200,11680400
20221104,09:43:29,18106.00,50,11680400
20221104,09:43:30,18104.45,50,11680400
20221104,09:43:31,18104.90,350,11680400
20221104,09:43:32,18104.65,500,11680400
20221104,09:43:33,18104.90,400,11680400
20221104,09:43:35,18103.80,450,11680400
20221104,09:43:36,18105.40,600,11680400
20221104,09:43:37,18105.40,750,11680400
20221104,09:43:38,18105.40,150,11680400
20221104,09:43:39,18105.40,700,11680400
20221104,09:43:40,18103.00,750,11680400
20221104,09:43:41,18103.00,300,11680400
20221104,09:43:42,18102.95,450,11680400
20221104,09:43:43,18100.45,150,11680400
20221104,09:43:44,18104.25,100,11680400
20221104,09:43:45,18103.40,400,11680400
20221104,09:43:46,18103.70,1050,11680400
20221104,09:43:47,18102.15,100,11680400
20221104,09:43:48,18101.75,950,11680400
20221104,09:43:49,18102.30,1100,11680400
20221104,09:43:50,18103.15,1100,11680400
20221104,09:43:51,18102.70,1150,11680400
20221104,09:43:52,18102.60,1450,11680400
20221104,09:43:53,18101.35,1450,11680400
20221104,09:43:54,18102.55,1450,11680400
20221104,09:43:55,18101.80,150,11680400
20221104,09:43:56,18103.80,50,11680400
20221104,09:43:57,18102.25,100,11680400
20221104,09:43:58,18104.55,850,11680400
20221104,09:43:59,18101.45,900,11680400
20221104,09:44:02,18100.50,50,11680400
20221104,09:44:04,18102.15,100,11680400
20221104,09:44:05,18102.80,250,11680400
20221104,09:44:06,18102.90,50,11680400
20221104,09:44:07,18104.80,200,11680400
20221104,09:44:07,18104.70,50,11680400
20221104,09:44:09,18102.25,150,11680400
20221104,09:44:10,18101.50,50,11680400
20221104,09:44:11,18100.80,950,11680400
20221104,09:44:12,18104.00,50,11680400
20221104,09:44:14,18101.50,150,11680400
20221104,09:44:15,18103.00,500,11680400
20221104,09:44:16,18103.70,50,11680400
20221104,09:44:17,18103.15,2000,11680400
20221104,09:44:19,18102.00,100,11683600
20221104,09:44:20,18102.70,50,11683600
20221104,09:44:21,18101.00,850,11683600
20221104,09:44:22,18101.85,100,11683600
20221104,09:44:23,18103.40,1000,11683600
20221104,09:44:24,18101.30,400,11683600
20221104,09:44:25,18101.40,350,11683600
20221104,09:44:26,18103.15,200,11683600
20221104,09:44:27,18102.10,150,11683600
20221104,09:44:28,18104.15,500,11683600
20221104,09:44:29,18104.85,150,11683600
20221104,09:44:30,18104.65,300,11683600
20221104,09:44:31,18103.00,750,11683600
20221104,09:44:32,18104.90,50,11683600
20221104,09:44:33,18103.05,1050,11683600
20221104,09:44:34,18104.15,50,11683600
20221104,09:44:36,18103.95,50,11683600
20221104,09:44:37,18103.00,50,11683600
20221104,09:44:38,18103.85,550,11683600
20221104,09:44:39,18102.75,1350,11683600
20221104,09:44:40,18106.95,1750,11683600
20221104,09:44:41,18105.90,500,11683600
20221104,09:44:42,18106.40,1350,11683600
20221104,09:44:43,18106.20,250,11683600
20221104,09:44:43,18106.90,300,11683600
20221104,09:44:44,18106.55,250,11683600
20221104,09:44:45,18106.90,100,11683600
20221104,09:44:46,18107.00,250,11683600
20221104,09:44:47,18107.00,400,11683600
20221104,09:44:48,18105.85,150,11683600
20221104,09:44:49,18106.60,200,11683600
20221104,09:44:51,18106.85,50,11683600
20221104,09:44:52,18105.00,150,11683600
20221104,09:44:55,18107.10,100,11683600
20221104,09:44:56,18108.00,150,11683600
20221104,09:44:57,18108.95,200,11683600
20221104,09:44:58,18108.00,250,11683600
20221104,09:45:00,18107.10,100,11683600
20221104,09:45:00,18107.10,2900,11683600
20221104,09:45:02,18106.40,350,11683600
20221104,09:45:03,18105.00,1200,11683600
20221104,09:45:04,18105.50,1000,11683600
20221104,09:45:05,18107.10,350,11683600
20221104,09:45:06,18104.60,150,11683600
20221104,09:45:08,18103.10,100,11683600
20221104,09:45:09,18103.15,100,11683600
20221104,09:45:10,18103.00,150,11683600
20221104,09:45:11,18103.00,1000,11683600
20221104,09:45:12,18102.20,200,11683600
20221104,09:45:13,18103.00,50,11683600
20221104,09:45:14,18102.60,350,11683600
20221104,09:45:15,18102.70,2900,11683600
20221104,09:45:16,18101.00,200,11683600
20221104,09:45:17,18100.00,350,11683600
20221104,09:45:19,18100.95,1550,11683600
20221104,09:45:20,18100.00,750,11683600
20221104,09:45:20,18099.10,200,11683600
20221104,09:45:21,18098.45,300,11683600
20221104,09:45:22,18097.60,750,11683600
20221104,09:45:23,18097.00,250,11683600
20221104,09:45:25,18095.30,450,11683600
20221104,09:45:26,18096.95,50,11683600
20221104,09:45:27,18095.30,150,11683600
20221104,09:45:28,18096.80,100,11683600
20221104,09:45:29,18095.00,50,11683600
20221104,09:45:30,18095.70,250,11683600
20221104,09:45:31,18095.80,300,11683600
20221104,09:45:33,18097.10,150,11683600
20221104,09:45:34,18097.75,150,11683600
20221104,09:45:35,18098.30,1450,11683600
20221104,09:45:36,18098.20,50,11683600
20221104,09:45:38,18098.95,50,11683600
20221104,09:45:39,18101.80,800,11683600
20221104,09:45:40,18099.30,50,11683600
20221104,09:45:41,18099.45,350,11683600
20221104,09:45:42,18101.10,150,11683600
20221104,09:45:43,18103.00,750,11683600
20221104,09:45:44,18103.80,200,11683600
20221104,09:45:45,18103.55,50,11683600
20221104,09:45:46,18101.85,750,11683600
20221104,09:45:47,18101.55,50,11683600
20221104,09:45:48,18101.90,200,11683600
20221104,09:45:49,18102.70,50,11683600
20221104,09:45:52,18104.15,150,11683600
20221104,09:45:53,18106.00,250,11683600
20221104,09:45:54,18104.55,100,11683600
20221104,09:45:55,18104.15,50,11683600
20221104,09:45:56,18105.55,200,11683600
20221104,09:45:57,18108.80,500,11683600
20221104,09:45:58,18108.95,100,11683600
20221104,09:45:59,18107.55,350,11683600
20221104,09:46:00,18106.60,50,11683600
20221104,09:46:01,18106.00,250,11683600
20221104,09:46:02,18105.70,1000,11683600
20221104,09:46:04,18108.85,400,11683600
20221104,09:46:06,18109.00,100,11683600
20221104,09:46:07,18109.00,1350,11683600
20221104,09:46:08,18110.10,2850,11683600
20221104,09:46:09,18113.85,1150,11683600
20221104,09:46:10,18110.10,200,11683600
20221104,09:46:11,18111.20,450,11683600
20221104,09:46:12,18114.95,500,11683600
20221104,09:46:13,18115.00,400,11683600
20221104,09:46:14,18114.45,250,11683600
20221104,09:46:15,18115.00,400,11683600
20221104,09:46:16,18114.30,300,11683600
20221104,09:46:17,18114.50,100,11683600
20221104,09:46:18,18115.00,350,11683600
20221104,09:46:20,18112.05,150,11683600
20221104,09:46:21,18114.50,100,11683600
20221104,09:46:22,18114.25,50,11683600
20221104,09:46:23,18114.55,100,11683600
20221104,09:46:24,18112.05,100,11683600
20221104,09:46:26,18112.10,200,11683600
20221104,09:46:27,18114.00,800,11683600
20221104,09:46:28,18111.00,350,11683600
20221104,09:46:29,18111.50,100,11683600
20221104,09:46:30,18110.30,600,11683600
20221104,09:46:31,18113.40,100,11683600
20221104,09:46:32,18112.40,50,11683600
20221104,09:46:33,18112.00,100,11683600
20221104,09:46:35,18112.00,100,11683600
20221104,09:46:37,18112.15,100,11683600
20221104,09:46:38,18112.00,100,11683600
20221104,09:46:39,18109.15,800,11683600
20221104,09:46:40,18109.10,50,11683600
20221104,09:46:41,18109.15,400,11683600
20221104,09:46:43,18107.10,50,11683600
20221104,09:46:44,18108.00,150,11683600
20221104,09:46:45,18108.00,50,11683600
20221104,09:46:46,18106.20,150,11683600
20221104,09:46:50,18106.55,400,11683600
20221104,09:46:51,18108.00,200,11683600
20221104,09:46:52,18108.05,500,11683600
20221104,09:46:54,18108.10,50,11683600
20221104,09:46:55,18109.05,100,11683600
20221104,09:46:58,18110.00,100,11683600
20221104,09:47:00,18109.20,50,11683600
20221104,09:47:01,18109.75,50,11683600
20221104,09:47:02,18109.35,750,11683600
20221104,09:47:03,18110.00,150,11683600
20221104,09:47:04,18107.00,900,11683600
20221104,09:47:05,18107.60,50,11683600
20221104,09:47:09,18108.70,150,11683600
20221104,09:47:10,18108.05,100,11683600
20221104,09:47:11,18109.35,50,11683600
20221104,09:47:12,18109.05,100,11683600
20221104,09:47:13,18106.30,400,11683600
20221104,09:47:14,18106.20,300,11683600
20221104,09:47:15,18104.00,250,11683600
20221104,09:47:16,18102.00,650,11683600
20221104,09:47:18,18102.00,50,11683600
20221104,09:47:20,18102.00,50,11686850
20221104,09:47:21,18102.00,100,11686850
20221104,09:47:22,18102.00,450,11686850
20221104,09:47:23,18103.65,50,11686850
20221104,09:47:24,18103.00,50,11686850
20221104,09:47:25,18102.00,150,11686850
20221104,09:47:26,18101.60,400,11686850
20221104,09:47:27,18101.35,300,11686850
20221104,09:47:28,18101.00,50,11686850
20221104,09:47:29,18101.85,200,11686850
20221104,09:47:30,18101.00,100,11686850
20221104,09:47:31,18099.10,2800,11686850
20221104,09:47:32,18097.00,250,11686850
20221104,09:47:33,18098.00,550,11686850
20221104,09:47:35,18096.00,200,11686850
20221104,09:47:37,18095.00,1200,11686850
20221104,09:47:38,18092.40,950,11686850
20221104,09:47:39,18092.40,300,11686850
20221104,09:47:40,18092.30,200,11686850
20221104,09:47:41,18092.40,350,11686850
20221104,09:47:42,18094.95,100,11686850
20221104,09:47:43,18092.25,300,11686850
20221104,09:47:44,18092.00,750,11686850
20221104,09:47:45,18092.70,250,11686850
20221104,09:47:46,18092.20,400,11686850
20221104,09:47:47,18092.05,100,11686850
20221104,09:47:48,18094.00,300,11686850
20221104,09:47:49,18092.95,150,11686850
20221104,09:47:50,18091.50,650,11686850
20221104,09:47:51,18092.85,400,11686850
20221104,09:47:52,18093.60,100,11686850
20221104,09:47:54,18093.20,50,11686850
20221104,09:47:55,18092.90,50,11686850
20221104,09:47:56,18095.00,50,11686850
20221104,09:47:57,18092.05,100,11686850
20221104,09:47:58,18095.00,600,11686850
20221104,09:47:59,18095.40,150,11686850
20221104,09:48:00,18093.20,50,11686850
20221104,09:48:01,18096.60,250,11686850
20221104,09:48:02,18094.75,100,11686850
20221104,09:48:03,18095.20,150,11686850
20221104,09:48:05,18096.80,350,11686850
20221104,09:48:06,18093.95,150,11686850
20221104,09:48:07,18094.80,100,11686850
20221104,09:48:08,18094.70,100,11686850
20221104,09:48:09,18093.70,200,11686850
20221104,09:48:10,18094.00,150,11686850
20221104,09:48:11,18094.10,100,11686850
20221104,09:48:13,18094.00,50,11686850
20221104,09:48:14,18094.10,250,11686850
20221104,09:48:15,18094.80,900,11686850
20221104,09:48:16,18094.10,200,11686850
20221104,09:48:17,18094.10,150,11686850
20221104,09:48:18,18093.20,750,11686850
20221104,09:48:20,18093.00,150,11686850
20221104,09:48:21,18091.10,1400,11686850
20221104,09:48:22,18092.90,300,11686850
20221104,09:48:23,18090.80,450,11686850
20221104,09:48:24,18090.00,3500,11686850
20221104,09:48:25,18088.50,1400,11686850
20221104,09:48:26,18091.10,250,11686850
20221104,09:48:27,18090.80,100,11686850
20221104,09:48:28,18090.25,400,11686850
20221104,09:48:29,18090.25,50,11686850
20221104,09:48:30,18090.00,200,11686850
20221104,09:48:31,18090.60,250,11686850
20221104,09:48:32,18090.35,100,11686850
20221104,09:48:33,18089.85,100,11686850
20221104,09:48:34,18088.50,150,11686850
20221104,09:48:35,18088.30,400,11686850
20221104,09:48:36,18088.05,750,11686850
20221104,09:48:37,18086.95,4050,11686850
20221104,09:48:38,18087.85,300,11686850
20221104,09:48:39,18087.75,350,11686850
20221104,09:48:40,18090.00,150,11686850
20221104,09:48:41,18090.25,350,11686850
20221104,09:48:42,18087.35,500,11686850
20221104,09:48:43,18089.80,200,11686850
20221104,09:48:44,18088.00,150,11686850
20221104,09:48:45,18087.60,300,11686850
20221104,09:48:47,18086.75,200,11686850
20221104,09:48:48,18086.65,200,11686850
20221104,09:48:49,18086.65,100,11686850
20221104,09:48:50,18089.35,600,11686850
20221104,09:48:51,18087.30,200,11686850
20221104,09:48:52,18086.30,1600,11686850
20221104,09:48:53,18086.30,400,11686850
20221104,09:48:54,18086.00,450,11686850
20221104,09:48:55,18086.00,2000,11686850
20221104,09:48:56,18084.45,4050,11686850
20221104,09:48:57,18088.80,450,11686850
20221104,09:48:58,18084.75,250,11686850
20221104,09:48:59,18084.55,150,11686850
20221104,09:49:00,18087.25,450,11686850
20221104,09:49:01,18086.65,500,11686850
20221104,09:49:02,18084.15,1250,11686850
20221104,09:49:03,18083.35,1300,11686850
20221104,09:49:04,18085.00,450,11686850
20221104,09:49:05,18084.45,500,11686850
20221104,09:49:06,18087.25,550,11686850
20221104,09:49:10,18083.95,250,11686850
20221104,09:49:11,18085.25,100,11686850
20221104,09:49:12,18085.15,200,11686850
20221104,09:49:13,18086.75,200,11686850
20221104,09:49:14,18085.00,150,11686850
20221104,09:49:15,18085.00,700,11686850
20221104,09:49:16,18085.20,1400,11686850
20221104,09:49:17,18085.55,100,11686850
20221104,09:49:18,18085.10,400,11686850
20221104,09:49:19,18087.25,500,11686850
20221104,09:49:20,18087.25,150,11686850
20221104,09:49:22,18086.85,50,11686850
20221104,09:49:23,18084.50,550,11686850
20221104,09:49:25,18086.30,100,11686850
20221104,09:49:26,18085.00,150,11686850
20221104,09:49:27,18084.50,1150,11686850
20221104,09:49:28,18084.40,50,11686850
20221104,09:49:29,18087.00,1100,11686850
20221104,09:49:30,18085.00,50,11686850
20221104,09:49:31,18087.45,250,11686850
20221104,09:49:32,18090.00,500,11686850
20221104,09:49:33,18090.00,50,11686850
20221104,09:49:34,18090.00,200,11686850
20221104,09:49:35,18090.00,150,11686850
20221104,09:49:36,18090.00,200,11686850
20221104,09:49:37,18089.45,50,11686850
20221104,09:49:38,18088.15,200,11686850
20221104,09:49:40,18089.00,400,11686850
20221104,09:49:42,18087.40,1150,11686850
20221104,09:49:43,18090.30,100,11686850
20221104,09:49:45,18090.00,150,11686850
20221104,09:49:46,18091.00,350,11686850
20221104,09:49:47,18091.65,300,11686850
20221104,09:49:48,18093.70,350,11686850
20221104,09:49:49,18094.20,350,11686850
20221104,09:49:50,18092.90,50,11686850
20221104,09:49:51,18093.80,100,11686850
20221104,09:49:52,18091.25,300,11686850
20221104,09:49:54,18090.10,100,11686850
20221104,09:49:55,18089.05,200,11686850
20221104,09:49:58,18090.10,100,11686850
20221104,09:49:59,18090.00,100,11686850
20221104,09:50:01,18087.65,1900,11686850
20221104,09:50:02,18087.75,450,11686850
20221104,09:50:02,18087.80,150,11686850
20221104,09:50:03,18088.25,1600,11686850
20221104,09:50:04,18088.65,750,11686850
20221104,09:50:06,18091.15,900,11686850
20221104,09:50:07,18092.00,300,11686850
20221104,09:50:07,18090.00,50,11686850
20221104,09:50:08,18089.40,250,11686850
20221104,09:50:09,18089.60,300,11686850
20221104,09:50:10,18089.65,100,11686850
20221104,09:50:11,18093.55,100,11686850
20221104,09:50:12,18090.40,150,11686850
20221104,09:50:13,18092.00,100,11686850
20221104,09:50:15,18090.65,550,11686850
20221104,09:50:16,18090.05,100,11686850
20221104,09:50:17,18090.00,200,11686850
20221104,09:50:18,18091.55,100,11686850
20221104,09:50:19,18091.35,100,11686850
20221104,09:50:20,18093.95,100,11688450
20221104,09:50:22,18091.35,150,11688450
20221104,09:50:24,18091.35,400,11688450
20221104,09:50:26,18090.15,200,11688450
20221104,09:50:27,18090.10,50,11688450
20221104,09:50:28,18091.35,1100,11688450
20221104,09:50:29,18091.00,200,11688450
20221104,09:50:30,18090.00,450,11688450
20221104,09:50:32,18091.95,100,11688450
20221104,09:50:33,18092.00,150,11688450
20221104,09:50:34,18090.00,300,11688450
20221104,09:50:35,18090.95,150,11688450
20221104,09:50:38,18089.00,150,11688450
20221104,09:50:41,18089.30,300,11688450
20221104,09:50:42,18089.00,800,11688450
20221104,09:50:46,18090.75,200,11688450
20221104,09:50:48,18090.00,250,11688450
20221104,09:50:49,18090.95,50,11688450
20221104,09:50:50,18090.95,500,11688450
20221104,09:50:51,18090.05,100,11688450
20221104,09:50:54,18090.60,150,11688450
20221104,09:50:55,18090.00,100,11688450
20221104,09:50:58,18090.00,50,11688450
20221104,09:50:59,18090.00,100,11688450
20221104,09:51:00,18090.00,100,11688450
20221104,09:51:01,18089.40,750,11688450
20221104,09:51:02,18090.00,800,11688450
20221104,09:51:03,18087.65,950,11688450
20221104,09:51:04,18088.50,200,11688450
20221104,09:51:05,18087.65,350,11688450
20221104,09:51:06,18087.65,50,11688450
20221104,09:51:07,18087.50,400,11688450
20221104,09:51:08,18087.50,100,11688450
20221104,09:51:11,18087.65,250,11688450
20221104,09:51:12,18087.65,50,11688450
20221104,09:51:13,18088.50,100,11688450
20221104,09:51:14,18090.00,100,11688450
20221104,09:51:15,18090.00,350,11688450
20221104,09:51:17,18090.75,250,11688450
20221104,09:51:19,18094.00,700,11688450
20221104,09:51:20,18092.55,50,11688450
20221104,09:51:21,18094.00,50,11688450
20221104,09:51:22,18094.00,150,11688450
20221104,09:51:23,18095.00,350,11688450
20221104,09:51:24,18095.00,250,11688450
20221104,09:51:25,18097.10,250,11688450
20221104,09:51:26,18097.55,650,11688450
20221104,09:51:27,18099.50,150,11688450
20221104,09:51:28,18096.60,50,11688450
20221104,09:51:30,18098.00,50,11688450
20221104,09:51:31,18096.10,450,11688450
20221104,09:51:32,18097.95,200,11688450
20221104,09:51:33,18098.00,50,11688450
20221104,09:51:34,18095.00,250,11688450
20221104,09:51:35,18096.60,600,11688450
20221104,09:51:36,18097.15,400,11688450
20221104,09:51:37,18096.35,200,11688450
20221104,09:51:38,18096.55,200,11688450
20221104,09:51:39,18097.55,150,11688450
20221104,09:51:40,18095.00,300,11688450
20221104,09:51:42,18096.75,100,11688450
20221104,09:51:43,18094.00,100,11688450
20221104,09:51:44,18096.40,250,11688450
20221104,09:51:45,18095.40,50,11688450
20221104,09:51:47,18094.40,150,11688450
20221104,09:51:49,18094.00,50,11688450
20221104,09:51:50,18092.75,50,11688450
20221104,09:51:52,18094.30,50,11688450
20221104,09:51:53,18092.30,1250,11688450
20221104,09:51:54,18092.10,200,11688450
20221104,09:51:58,18092.30,2250,11688450
20221104,09:51:59,18090.95,50,11688450
20221104,09:52:00,18090.05,200,11688450
20221104,09:52:03,18090.75,50,11688450
20221104,09:52:04,18091.00,100,11688450
20221104,09:52:05,18090.80,150,11688450
20221104,09:52:06,18090.95,100,11688450
20221104,09:52:07,18090.95,100,11688450
20221104,09:52:08,18091.05,50,11688450
20221104,09:52:10,18091.90,150,11688450
20221104,09:52:11,18092.70,50,11688450
20221104,09:52:12,18093.25,1050,11688450
20221104,09:52:13,18091.90,200,11688450
20221104,09:52:16,18090.95,500,11688450
20221104,09:52:17,18091.90,100,11688450
20221104,09:52:17,18091.40,50,11688450
20221104,09:52:19,18090.10,50,11688450
20221104,09:52:20,18090.10,50,11688450
20221104,09:52:28,18090.60,250,11688450
20221104,09:52:29,18089.65,850,11688450
20221104,09:52:30,18087.95,650,11688450
20221104,09:52:31,18088.50,50,11688450
20221104,09:52:32,18088.95,50,11688450
20221104,09:52:33,18090.00,550,11688450
20221104,09:52:35,18090.00,150,11688450
20221104,09:52:36,18090.10,250,11688450
20221104,09:52:37,18090.10,50,11688450
20221104,09:52:38,18091.95,200,11688450
20221104,09:52:39,18090.00,50,11688450
20221104,09:52:42,18088.20,200,11688450
20221104,09:52:42,18089.75,150,11688450
20221104,09:52:43,18088.00,250,11688450
20221104,09:52:44,18088.00,250,11688450
20221104,09:52:45,18088.20,400,11688450
20221104,09:52:47,18087.30,400,11688450
20221104,09:52:48,18087.90,250,11688450
20221104,09:52:49,18088.90,200,11688450
20221104,09:52:50,18087.00,50,11688450
20221104,09:52:52,18087.45,250,11688450
20221104,09:52:53,18088.90,500,11688450
20221104,09:52:54,18088.00,50,11688450
20221104,09:52:55,18087.10,100,11688450
20221104,09:52:59,18088.00,100,11688450
20221104,09:53:00,18087.50,50,11688450
20221104,09:53:01,18087.50,350,11688450
20221104,09:53:02,18085.95,350,11688450
20221104,09:53:03,18087.50,50,11688450
20221104,09:53:04,18088.40,1000,11688450
20221104,09:53:05,18090.00,50,11688450
20221104,09:53:06,18089.25,250,11688450
20221104,09:53:07,18089.20,300,11688450
20221104,09:53:08,18089.20,50,11688450
20221104,09:53:09,18087.50,150,11688450
20221104,09:53:10,18087.65,150,11688450
20221104,09:53:12,18086.75,150,11688450
20221104,09:53:13,18088.95,150,11688450
20221104,09:53:14,18089.80,250,11688450
20221104,09:53:14,18088.45,50,11688450
20221104,09:53:15,18089.10,900,11688450
20221104,09:53:17,18091.45,550,11688450
20221104,09:53:18,18089.95,50,11688450
20221104,09:53:19,18089.75,50,11688450
20221104,09:53:20,18086.85,1850,11688450
20221104,09:53:21,18087.35,150,11686550
20221104,09:53:22,18089.10,50,11686550
20221104,09:53:23,18089.10,500,11686550
20221104,09:53:25,18087.50,300,11686550
20221104,09:53:30,18092.10,50,11686550
20221104,09:53:34,18091.20,350,11686550
20221104,09:53:35,18091.30,50,11686550
20221104,09:53:37,18091.35,200,11686550
20221104,09:53:38,18092.05,50,11686550
20221104,09:53:39,18092.30,700,11686550
20221104,09:53:40,18093.00,200,11686550
20221104,09:53:42,18094.25,50,11686550
20221104,09:53:43,18094.95,50,11686550
20221104,09:53:44,18094.95,50,11686550
20221104,09:53:45,18095.30,250,11686550
20221104,09:53:46,18094.95,50,11686550
20221104,09:53:47,18096.00,50,11686550
20221104,09:53:48,18096.05,50,11686550
20221104,09:53:49,18096.00,50,11686550
20221104,09:53:51,18096.05,50,11686550
20221104,09:53:51,18097.50,300,11686550
20221104,09:53:52,18096.00,1350,11686550
20221104,09:53:53,18097.25,100,11686550
20221104,09:53:56,18095.00,150,11686550
20221104,09:53:57,18094.05,50,11686550
20221104,09:53:58,18094.20,50,11686550
20221104,09:53:59,18096.50,100,11686550
20221104,09:54:01,18097.95,850,11686550
20221104,09:54:02,18095.80,1150,11686550
20221104,09:54:03,18095.30,300,11686550
20221104,09:54:04,18094.00,50,11686550
20221104,09:54:05,18093.50,100,11686550
20221104,09:54:06,18091.25,2150,11686550
20221104,09:54:07,18092.05,50,11686550
20221104,09:54:08,18093.85,200,11686550
20221104,09:54:09,18092.05,100,11686550
20221104,09:54:10,18093.85,250,11686550
20221104,09:54:11,18095.55,300,11686550
20221104,09:54:12,18093.85,200,11686550
20221104,09:54:13,18095.50,450,11686550
20221104,09:54:14,18096.00,350,11686550
20221104,09:54:15,18095.55,50,11686550
20221104,09:54:18,18093.35,100,11686550
20221104,09:54:19,18093.35,50,11686550
20221104,09:54:20,18095.65,100,11686550
20221104,09:54:21,18092.40,100,11686550
20221104,09:54:24,18092.25,550,11686550
20221104,09:54:27,18092.15,250,11686550
20221104,09:54:28,18092.20,100,11686550
20221104,09:54:29,18093.65,250,11686550
20221104,09:54:30,18092.20,350,11686550
20221104,09:54:31,18093.90,100,11686550
20221104,09:54:32,18093.40,300,11686550
20221104,09:54:33,18091.10,500,11686550
20221104,09:54:34,18091.10,50,11686550
20221104,09:54:35,18090.05,250,11686550
20221104,09:54:36,18093.35,450,11686550
20221104,09:54:39,18091.40,50,11686550
20221104,09:54:42,18090.00,150,11686550
20221104,09:54:43,18089.90,150,11686550
20221104,09:54:44,18090.00,50,11686550
20221104,09:54:45,18088.40,600,11686550
20221104,09:54:47,18088.00,250,11686550
20221104,09:54:49,18088.75,300,11686550
20221104,09:54:50,18085.70,700,11686550
20221104,09:54:51,18085.55,100,11686550
20221104,09:54:52,18088.00,250,11686550
20221104,09:54:53,18085.40,150,11686550
20221104,09:54:55,18087.35,150,11686550
20221104,09:54:56,18087.35,150,11686550
20221104,09:54:57,18086.40,200,11686550
20221104,09:54:59,18086.00,200,11686550
20221104,09:55:00,18089.10,250,11686550
20221104,09:55:01,18085.45,300,11686550
20221104,09:55:02,18085.90,150,11686550
20221104,09:55:03,18085.20,150,11686550
20221104,09:55:05,18087.75,400,11686550
20221104,09:55:06,18085.90,150,11686550
20221104,09:55:07,18085.25,100,11686550
20221104,09:55:08,18086.05,100,11686550
20221104,09:55:09,18085.95,150,11686550
20221104,09:55:10,18085.95,150,11686550
20221104,09:55:11,18085.95,650,11686550
20221104,09:55:12,18085.95,550,11686550
20221104,09:55:13,18086.05,250,11686550
20221104,09:55:14,18085.20,150,11686550
20221104,09:55:15,18085.10,200,11686550
20221104,09:55:16,18085.10,300,11686550
20221104,09:55:17,18084.10,2650,11686550
20221104,09:55:18,18084.35,100,11686550
20221104,09:55:19,18085.75,450,11686550
20221104,09:55:21,18084.00,50,11686550
20221104,09:55:22,18084.00,150,11686550
20221104,09:55:23,18084.90,100,11686550
20221104,09:55:24,18084.90,500,11686550
20221104,09:55:25,18084.90,50,11686550
20221104,09:55:26,18084.90,550,11686550
20221104,09:55:27,18084.00,150,11686550
20221104,09:55:28,18084.65,100,11686550
20221104,09:55:29,18084.90,300,11686550
20221104,09:55:30,18085.35,50,11686550
20221104,09:55:32,18084.65,50,11686550
20221104,09:55:33,18084.65,50,11686550
20221104,09:55:34,18084.65,50,11686550
20221104,09:55:35,18086.90,150,11686550
20221104,09:55:38,18085.55,150,11686550
20221104,09:55:40,18084.10,150,11686550
20221104,09:55:42,18085.35,50,11686550
20221104,09:55:44,18084.00,100,11686550
20221104,09:55:45,18083.50,550,11686550
20221104,09:55:46,18082.30,1750,11686550
20221104,09:55:47,18082.00,900,11686550
20221104,09:55:48,18082.00,350,11686550
20221104,09:55:49,18082.00,100,11686550
20221104,09:55:50,18082.00,50,11686550
20221104,09:55:51,18082.30,350,11686550
20221104,09:55:52,18083.20,250,11686550
20221104,09:55:54,18082.50,400,11686550
20221104,09:55:55,18081.95,200,11686550
20221104,09:55:56,18081.80,100,11686550
20221104,09:55:57,18081.80,50,11686550
20221104,09:55:57,18081.10,150,11686550
20221104,09:55:59,18080.10,3400,11686550
20221104,09:56:00,18080.00,3050,11686550
20221104,09:56:01,18080.00,1050,11686550
20221104,09:56:02,18080.00,150,11686550
20221104,09:56:03,18080.00,450,11686550
20221104,09:56:04,18079.45,1250,11686550
20221104,09:56:05,18079.45,150,11686550
20221104,09:56:06,18080.25,550,11686550
20221104,09:56:07,18082.00,1100,11686550
20221104,09:56:08,18081.15,250,11686550
20221104,09:56:09,18082.00,100,11686550
20221104,09:56:10,18080.25,200,11686550
20221104,09:56:11,18080.00,50,11686550
20221104,09:56:12,18081.00,100,11686550
20221104,09:56:13,18080.00,100,11686550
20221104,09:56:15,18080.80,50,11686550
20221104,09:56:16,18080.80,50,11686550
20221104,09:56:17,18082.05,250,11686550
20221104,09:56:17,18083.00,150,11686550
20221104,09:56:18,18081.80,100,11686550
20221104,09:56:19,18082.85,750,11686550
20221104,09:56:22,18082.65,200,11691750
20221104,09:56:23,18083.20,150,11691750
20221104,09:56:24,18084.70,50,11691750
20221104,09:56:25,18083.30,50,11691750
20221104,09:56:26,18084.90,1650,11691750
20221104,09:56:27,18083.50,50,11691750
20221104,09:56:28,18084.40,150,11691750
20221104,09:56:30,18083.45,1600,11691750
20221104,09:56:31,18086.00,100,11691750
20221104,09:56:31,18086.00,50,11691750
20221104,09:56:34,18086.85,100,11691750
20221104,09:56:35,18084.15,500,11691750
20221104,09:56:35,18085.90,150,11691750
20221104,09:56:37,18083.45,200,11691750
20221104,09:56:38,18085.95,100,11691750
20221104,09:56:39,18083.20,300,11691750
20221104,09:56:41,18086.05,100,11691750
20221104,09:56:43,18085.00,50,11691750
20221104,09:56:45,18086.00,100,11691750
20221104,09:56:46,18084.90,100,11691750
20221104,09:56:46,18087.10,450,11691750
20221104,09:56:48,18087.00,50,11691750
20221104,09:56:48,18088.60,150,11691750
20221104,09:56:49,18088.90,50,11691750
20221104,09:56:51,18087.05,100,11691750
20221104,09:56:51,18087.00,300,11691750
20221104,09:56:52,18086.05,50,11691750
20221104,09:56:55,18085.90,50,11691750
20221104,09:56:56,18085.80,300,11691750
20221104,09:56:57,18085.00,50,11691750
20221104,09:56:58,18082.25,350,11691750
20221104,09:56:59,18082.65,50,11691750
20221104,09:57:02,18082.10,50,11691750
20221104,09:57:03,18083.10,200,11691750
20221104,09:57:05,18081.20,100,11691750
20221104,09:57:06,18081.10,100,11691750
20221104,09:57:08,18080.00,1500,11691750
20221104,09:57:09,18080.00,950,11691750
20221104,09:57:10,18081.45,350,11691750
20221104,09:57:11,18080.45,50,11691750
20221104,09:57:12,18079.00,350,11691750
20221104,09:57:13,18078.60,450,11691750
20221104,09:57:14,18078.60,150,11691750
20221104,09:57:15,18078.15,300,11691750
20221104,09:57:16,18078.15,300,11691750
20221104,09:57:17,18078.15,400,11691750
20221104,09:57:18,18078.10,250,11691750
20221104,09:57:19,18078.10,250,11691750
20221104,09:57:20,18078.80,50,11691750
20221104,09:57:21,18080.45,250,11691750
20221104,09:57:22,18079.40,150,11691750
20221104,09:57:23,18080.00,100,11691750
20221104,09:57:25,18078.90,700,11691750
20221104,09:57:26,18078.80,250,11691750
20221104,09:57:27,18078.65,100,11691750
20221104,09:57:29,18078.70,200,11691750
20221104,09:57:30,18079.15,50,11691750
20221104,09:57:31,18080.00,1000,11691750
20221104,09:57:32,18079.30,500,11691750
20221104,09:57:33,18078.90,1750,11691750
20221104,09:57:35,18080.00,50,11691750
20221104,09:57:37,18082.05,150,11691750
20221104,09:57:38,18082.05,100,11691750
20221104,09:57:39,18082.10,300,11691750
20221104,09:57:40,18081.00,150,11691750
20221104,09:57:41,18080.75,250,11691750
20221104,09:57:42,18081.00,150,11691750
20221104,09:57:43,18081.75,300,11691750
20221104,09:57:44,18080.00,1000,11691750
20221104,09:57:46,18079.45,100,11691750
20221104,09:57:47,18079.45,200,11691750
20221104,09:57:48,18084.15,950,11691750
20221104,09:57:49,18081.10,100,11691750
20221104,09:57:50,18082.00,250,11691750
20221104,09:57:51,18082.05,150,11691750
20221104,09:57:52,18081.25,1150,11691750
20221104,09:57:53,18084.40,100,11691750
20221104,09:57:54,18082.05,100,11691750
20221104,09:57:55,18084.40,150,11691750
20221104,09:57:56,18083.30,400,11691750
20221104,09:57:57,18085.00,1450,11691750
20221104,09:57:58,18084.10,100,11691750
20221104,09:58:00,18084.40,700,11691750
20221104,09:58:01,18085.00,50,11691750
20221104,09:58:02,18085.00,50,11691750
20221104,09:58:03,18083.35,50,11691750
20221104,09:58:04,18084.30,350,11691750
20221104,09:58:05,18084.05,100,11691750
20221104,09:58:06,18085.00,200,11691750
20221104,09:58:07,18085.05,150,11691750
20221104,09:58:09,18084.00,200,11691750
20221104,09:58:10,18084.55,50,11691750
20221104,09:58:11,18085.80,50,11691750
20221104,09:58:13,18085.80,50,11691750
20221104,09:58:14,18085.80,100,11691750
20221104,09:58:15,18086.05,100,11691750
20221104,09:58:17,18085.05,200,11691750
20221104,09:58:19,18086.00,250,11691750
20221104,09:58:20,18088.00,550,11691750
20221104,09:58:22,18089.00,550,11691750
20221104,09:58:24,18088.00,50,11691750
20221104,09:58:25,18089.95,150,11691750
20221104,09:58:26,18090.00,300,11691750
20221104,09:58:28,18090.00,1550,11691750
20221104,09:58:29,18090.00,1400,11691750
20221104,09:58:31,18090.05,200,11691750
20221104,09:58:32,18090.20,150,11691750
20221104,09:58:33,18090.65,100,11691750
20221104,09:58:34,18089.75,350,11691750
20221104,09:58:35,18090.00,250,11691750
20221104,09:58:36,18091.00,250,11691750
20221104,09:58:37,18091.50,100,11691750
20221104,09:58:38,18092.00,50,11691750
20221104,09:58:39,18092.00,650,11691750
20221104,09:58:40,18092.00,50,11691750
20221104,09:58:41,18092.10,200,11691750
20221104,09:58:42,18092.00,100,11691750
20221104,09:58:43,18092.10,100,11691750
20221104,09:58:44,18091.65,150,11691750
20221104,09:58:46,18091.00,200,11691750
20221104,09:58:47,18092.70,50,11691750
20221104,09:58:48,18089.20,1100,11691750
20221104,09:58:49,18091.85,450,11691750
20221104,09:58:51,18090.45,50,11691750
20221104,09:58:52,18091.45,50,11691750
20221104,09:58:53,18089.20,50,11691750
20221104,09:58:54,18091.10,100,11691750
20221104,09:58:55,18089.20,350,11691750
20221104,09:58:56,18089.15,250,11691750
20221104,09:58:57,18088.00,2150,11691750
20221104,09:58:59,18089.35,100,11691750
20221104,09:59:01,18089.35,300,11691750
20221104,09:59:03,18087.10,100,11691750
20221104,09:59:04,18088.00,200,11691750
20221104,09:59:05,18086.00,700,11691750
20221104,09:59:06,18087.65,50,11691750
20221104,09:59:07,18085.70,150,11691750
20221104,09:59:09,18085.65,150,11691750
20221104,09:59:11,18086.00,50,11691750
20221104,09:59:12,18088.00,150,11691750
20221104,09:59:14,18086.00,150,11691750
20221104,09:59:15,18088.00,100,11691750
20221104,09:59:19,18087.60,100,11691750
20221104,09:59:21,18087.60,50,11691750
20221104,09:59:22,18087.30,1050,11697200
20221104,09:59:23,18085.80,50,11697200
20221104,09:59:25,18085.65,50,11697200
20221104,09:59:26,18087.65,500,11697200
20221104,09:59:27,18087.35,50,11697200
20221104,09:59:32,18086.20,50,11697200
20221104,09:59:33,18086.70,600,11697200
20221104,09:59:34,18085.65,150,11697200
20221104,09:59:35,18086.20,700,11697200
20221104,09:59:36,18083.00,1550,11697200
20221104,09:59:39,18083.00,50,11697200
20221104,09:59:40,18081.45,900,11697200
20221104,09:59:41,18083.00,50,11697200
20221104,09:59:45,18082.20,50,11697200
20221104,09:59:45,18084.40,50,11697200
20221104,09:59:46,18083.35,100,11697200
20221104,09:59:48,18082.05,1000,11697200
20221104,09:59:50,18082.15,50,11697200
20221104,09:59:51,18081.95,100,11697200
20221104,09:59:53,18084.30,300,11697200
20221104,09:59:55,18083.00,250,11697200
20221104,09:59:56,18084.35,100,11697200
20221104,09:59:57,18084.45,300,11697200
20221104,09:59:58,18082.15,50,11697200
20221104,09:59:59,18082.60,150,11697200
20221104,10:00:00,18082.10,50,11697200
20221104,10:00:01,18082.00,450,11697200
20221104,10:00:02,18082.00,900,11697200
20221104,10:00:03,18083.05,550,11697200
20221104,10:00:04,18080.85,750,11697200
20221104,10:00:06,18080.10,250,11697200
20221104,10:00:07,18077.70,3100,11697200
20221104,10:00:08,18076.00,2600,11697200
20221104,10:00:09,18078.95,850,11697200
20221104,10:00:10,18076.15,450,11697200
20221104,10:00:11,18076.00,600,11697200
20221104,10:00:12,18076.00,200,11697200
20221104,10:00:13,18076.00,350,11697200
20221104,10:00:14,18079.05,350,11697200
20221104,10:00:15,18077.35,100,11697200
20221104,10:00:16,18077.70,50,11697200
20221104,10:00:17,18080.00,50,11697200
20221104,10:00:18,18079.90,200,11697200
20221104,10:00:19,18079.70,600,11697200
20221104,10:00:20,18079.20,550,11697200
20221104,10:00:21,18080.00,100,11697200
20221104,10:00:22,18080.00,50,11697200
20221104,10:00:23,18080.05,200,11697200
20221104,10:00:24,18080.75,150,11697200
20221104,10:00:25,18080.40,50,11697200
20221104,10:00:27,18082.10,150,11697200
20221104,10:00:28,18080.40,50,11697200
20221104,10:00:29,18080.40,50,11697200
20221104,10:00:31,18082.00,150,11697200
20221104,10:00:32,18080.15,900,11697200
20221104,10:00:33,18080.10,600,11697200
20221104,10:00:35,18080.40,50,11697200
20221104,10:00:36,18080.05,200,11697200
20221104,10:00:37,18080.00,200,11697200
20221104,10:00:38,18080.75,100,11697200
20221104,10:00:39,18080.15,250,11697200
20221104,10:00:40,18081.50,950,11697200
20221104,10:00:41,18081.50,850,11697200
20221104,10:00:43,18081.20,50,11697200
20221104,10:00:46,18080.30,500,11697200
20221104,10:00:49,18080.30,200,11697200
20221104,10:00:51,18080.30,50,11697200
20221104,10:00:52,18082.45,350,11697200
20221104,10:00:53,18083.40,100,11697200
20221104,10:00:54,18082.45,50,11697200
20221104,10:00:55,18082.00,1600,11697200
20221104,10:00:56,18081.20,200,11697200
20221104,10:00:59,18080.30,750,11697200
20221104,10:01:00,18080.30,2100,11697200
20221104,10:01:02,18080.00,3200,11697200
20221104,10:01:04,18080.30,200,11697200
20221104,10:01:05,18081.80,50,11697200
20221104,10:01:07,18080.60,150,11697200
20221104,10:01:08,18081.05,50,11697200
20221104,10:01:09,18084.80,450,11697200
20221104,10:01:10,18083.00,250,11697200
20221104,10:01:11,18084.55,250,11697200
20221104,10:01:12,18083.00,50,11697200
20221104,10:01:13,18083.00,100,11697200
20221104,10:01:15,18084.10,50,11697200
20221104,10:01:16,18083.60,100,11697200
20221104,10:01:17,18083.00,450,11697200
20221104,10:01:18,18083.00,1050,11697200
20221104,10:01:20,18080.55,50,11697200
20221104,10:01:22,18083.25,150,11697200
20221104,10:01:24,18081.10,1950,11697200
20221104,10:01:25,18083.40,200,11697200
20221104,10:01:26,18083.00,50,11697200
20221104,10:01:28,18082.90,100,11697200
20221104,10:01:29,18080.30,950,11697200
20221104,10:01:30,18082.05,150,11697200
20221104,10:01:31,18081.15,100,11697200
20221104,10:01:32,18081.05,300,11697200
20221104,10:01:33,18080.20,50,11697200
20221104,10:01:34,18081.60,50,11697200
20221104,10:01:36,18083.35,100,11697200
20221104,10:01:37,18081.60,50,11697200
20221104,10:01:38,18082.35,50,11697200
20221104,10:01:39,18082.25,50,11697200
20221104,10:01:40,18081.60,100,11697200
