20221104,09:15:02,18185.00,1,1313900
20221104,09:15:02,18185.00,50,1313900
20221104,09:15:03,18186.10,350,1313900
20221104,09:15:04,18200.00,100,1313900
20221104,09:15:05,18202.20,100,1313900
20221104,09:15:06,18205.15,250,1313900
20221104,09:15:09,18210.00,150,1313900
20221104,09:15:10,18210.05,1300,1313900
20221104,09:15:11,18201.30,1300,1313900
20221104,09:15:12,18207.55,150,1313900
20221104,09:15:13,18197.30,200,1313900
20221104,09:15:14,18196.65,400,1313900
20221104,09:15:16,18198.85,250,1313900
20221104,09:15:17,18201.85,50,1313900
20221104,09:15:19,18207.75,50,1313900
20221104,09:15:20,18203.55,200,1313900
20221104,09:15:21,18196.20,100,1313900
20221104,09:15:22,18198.80,100,1313900
20221104,09:15:25,18202.35,50,1313900
20221104,09:15:26,18199.90,100,1313900
20221104,09:15:28,18198.15,50,1313900
20221104,09:15:30,18190.80,1300,1313900
20221104,09:15:31,18193.40,950,1313900
20221104,09:15:32,18192.65,700,1313900
20221104,09:15:34,18192.80,300,1313900
20221104,09:15:35,18193.35,100,1313900
20221104,09:15:38,18195.85,50,1313900
20221104,09:15:39,18198.05,300,1313900
20221104,09:15:40,18195.05,650,1313900
20221104,09:15:42,18195.25,500,1313900
20221104,09:15:43,18189.90,250,1313900
20221104,09:15:44,18184.15,100,1313900
20221104,09:15:46,18184.15,100,1313900
20221104,09:15:48,18191.90,100,1313900
20221104,09:15:49,18193.70,350,1313900
20221104,09:15:50,18193.60,50,1313900
20221104,09:15:51,18191.15,50,1313900
20221104,09:15:53,18191.50,50,1313900
20221104,09:15:54,18191.55,100,1313900
20221104,09:15:55,18194.50,100,1313900
20221104,09:15:56,18191.20,50,1313900
20221104,09:15:57,18192.85,50,1313900
20221104,09:15:59,18190.00,200,1313900
20221104,09:16:00,18191.30,300,1313900
20221104,09:16:01,18190.60,50,1313900
20221104,09:16:02,18188.60,50,1313900
20221104,09:16:04,18194.50,250,1313900
20221104,09:16:04,18194.50,50,1313900
20221104,09:16:05,18195.10,400,1313900
20221104,09:16:07,18196.00,100,1313900
20221104,09:16:07,18200.00,200,1313900
20221104,09:16:08,18196.60,350,1313900
20221104,09:16:10,18196.60,50,1313900
20221104,09:16:17,18195.00,50,1313900
20221104,09:16:19,18198.80,1500,1313900
20221104,09:16:20,18199.05,100,1313900
20221104,09:16:24,18203.75,200,1313900
20221104,09:16:24,18201.45,100,1313900
20221104,09:16:25,18203.80,50,1313900
20221104,09:16:27,18204.00,50,1313900
20221104,09:16:31,18204.30,600,1313900
20221104,09:16:34,18204.00,50,1313900
20221104,09:16:36,18205.00,50,1313900
20221104,09:16:39,18208.00,50,1313900
20221104,09:16:42,18208.60,250,1313900
20221104,09:16:43,18208.00,150,1313900
20221104,09:16:46,18207.05,50,1313900
20221104,09:16:48,18210.00,350,1313900
20221104,09:16:49,18210.20,600,1313900
20221104,09:16:51,18213.95,150,1313900
20221104,09:16:54,18213.95,50,1313900
20221104,09:16:55,18211.00,100,1313900
20221104,09:17:00,18214.95,50,1313900
20221104,09:17:01,18214.95,50,1313900
20221104,09:17:03,18215.00,200,1313900
20221104,09:17:03,18215.00,50,1313900
20221104,09:17:05,18218.45,50,1313900
20221104,09:17:06,18218.45,50,1313900
20221104,09:17:12,18214.90,50,1313900
20221104,09:17:12,18216.30,50,1313900
20221104,09:17:13,18211.35,50,1313900
20221104,09:17:18,18211.35,100,1312950
20221104,09:17:19,18214.95,50,1312950
20221104,09:17:25,18211.45,150,1312950
20221104,09:17:27,18211.45,350,1312950
20221104,09:17:27,18209.50,100,1312950
20221104,09:17:30,18214.05,500,1312950
20221104,09:17:40,18211.55,50,1312950
20221104,09:17:41,18214.05,200,1312950
20221104,09:17:59,18211.20,50,1312950
20221104,09:18:03,18213.65,50,1312950
20221104,09:18:09,18211.00,50,1312950
20221104,09:18:10,18211.00,450,1312950
20221104,09:18:13,18206.95,150,1312950
20221104,09:18:16,18207.15,50,1312950
20221104,09:18:17,18210.00,50,1312950
20221104,09:18:19,18210.00,200,1312950
20221104,09:18:20,18213.40,900,1312950
20221104,09:18:21,18212.30,50,1312950
20221104,09:18:22,18210.10,50,1312950
20221104,09:18:26,18210.95,150,1312950
20221104,09:18:28,18213.65,50,1312950
20221104,09:18:31,18214.00,50,1312950
20221104,09:18:33,18211.85,50,1312950
20221104,09:18:43,18214.05,50,1312950
20221104,09:18:47,18211.30,50,1312950
20221104,09:18:53,18208.95,50,1312950
20221104,09:18:57,18209.65,50,1312950
20221104,09:18:59,18210.80,50,1312950
20221104,09:19:04,18208.30,50,1312950
20221104,09:19:08,18206.95,50,1312950
20221104,09:19:10,18205.60,50,1312950
20221104,09:19:18,18205.00,100,1312950
20221104,09:19:19,18205.00,50,1312950
20221104,09:19:20,18208.35,50,1312950
20221104,09:19:25,18205.15,50,1312950
20221104,09:19:31,18207.00,50,1312950
20221104,09:19:32,18205.15,50,1312950
20221104,09:19:33,18209.35,50,1312950
20221104,09:19:40,18205.15,100,1312950
20221104,09:19:50,18208.35,100,1312950
20221104,09:19:51,18208.90,100,1312950
20221104,09:19:54,18204.15,50,1312950
20221104,09:20:00,18204.25,100,1312950
20221104,09:20:01,18201.90,200,1312950
20221104,09:20:02,18202.15,150,1312950
20221104,09:20:03,18204.75,50,1312950
20221104,09:20:07,18201.00,50,1312950
20221104,09:20:09,18201.60,50,1312950
20221104,09:20:11,18203.15,50,1312950
20221104,09:20:15,18203.85,50,1312950
20221104,09:20:18,18203.90,50,1312950
20221104,09:20:27,18201.05,50,1313700
20221104,09:20:33,18205.00,50,1313700
20221104,09:20:34,18204.95,100,1313700
20221104,09:20:35,18204.95,100,1313700
20221104,09:20:36,18205.00,50,1313700
20221104,09:20:41,18205.00,50,1313700
20221104,09:20:44,18205.00,100,1313700
20221104,09:20:46,18204.95,100,1313700
20221104,09:20:47,18201.15,50,1313700
20221104,09:20:52,18201.00,50,1313700
20221104,09:20:57,18202.00,500,1313700
20221104,09:21:04,18202.00,50,1313700
20221104,09:21:05,18200.00,50,1313700
20221104,09:21:06,18200.35,150,1313700
20221104,09:21:08,18199.00,50,1313700
20221104,09:21:12,18190.45,100,1313700
20221104,09:21:15,18190.00,50,1313700
20221104,09:21:27,18190.00,50,1313700
20221104,09:21:34,18190.00,250,1313700
20221104,09:21:42,18188.40,100,1313700
20221104,09:21:43,18187.00,50,1313700
20221104,09:21:45,18185.60,50,1313700
20221104,09:21:49,18189.00,50,1313700
20221104,09:21:51,18185.55,50,1313700
20221104,09:21:54,18182.10,600,1313700
20221104,09:21:57,18181.35,200,1313700
20221104,09:21:58,18180.50,50,1313700
20221104,09:21:59,18180.00,650,1313700
20221104,09:22:00,18179.80,50,1313700
20221104,09:22:01,18177.00,100,1313700
20221104,09:22:03,18175.95,50,1313700
20221104,09:22:08,18175.95,50,1313700
20221104,09:22:13,18176.95,300,1313700
20221104,09:22:16,18175.00,50,1313700
20221104,09:22:17,18175.00,50,1313700
20221104,09:22:18,18175.95,50,1313700
20221104,09:22:25,18175.00,200,1313700
20221104,09:22:26,18171.95,50,1313700
20221104,09:22:29,18171.95,400,1313700
20221104,09:22:35,18172.50,100,1313700
20221104,09:22:36,18172.30,50,1313700
20221104,09:22:48,18179.40,100,1313700
20221104,09:22:54,18178.35,250,1313700
20221104,09:22:58,18174.15,100,1313700
20221104,09:23:04,18171.95,450,1313700
20221104,09:23:06,18171.95,50,1313700
20221104,09:23:07,18172.30,150,1313700
20221104,09:23:16,18170.00,100,1313700
20221104,09:23:24,18170.00,250,1313800
20221104,09:23:25,18167.95,50,1313800
20221104,09:23:29,18167.95,50,1313800
20221104,09:23:31,18174.15,50,1313800
20221104,09:23:45,18172.90,50,1313800
20221104,09:23:46,18171.00,50,1313800
20221104,09:23:53,18171.00,50,1313800
20221104,09:23:55,18171.65,50,1313800
20221104,09:23:56,18171.95,50,1313800
20221104,09:23:58,18170.00,100,1313800
20221104,09:23:59,18171.00,250,1313800
20221104,09:24:01,18170.00,100,1313800
20221104,09:24:02,18168.15,250,1313800
20221104,09:24:03,18166.35,150,1313800
20221104,09:24:04,18166.35,50,1313800
20221104,09:24:05,18165.00,50,1313800
20221104,09:24:06,18164.40,50,1313800
20221104,09:24:12,18164.40,50,1313800
20221104,09:24:16,18164.00,50,1313800
20221104,09:24:18,18164.00,50,1313800
20221104,09:24:22,18171.00,50,1313800
20221104,09:24:28,18166.80,50,1313800
20221104,09:24:33,18171.60,50,1313800
20221104,09:24:39,18172.95,50,1313800
20221104,09:24:40,18172.95,750,1313800
20221104,09:24:42,18171.00,150,1313800
20221104,09:24:44,18172.70,50,1313800
20221104,09:24:46,18172.90,50,1313800
20221104,09:24:49,18170.00,50,1313800
20221104,09:24:52,18172.35,50,1313800
20221104,09:24:55,18173.60,50,1313800
20221104,09:24:59,18171.90,300,1313800
20221104,09:25:04,18171.10,100,1313800
20221104,09:25:09,18172.55,50,1313800
20221104,09:25:12,18172.95,50,1313800
20221104,09:25:14,18172.45,50,1313800
20221104,09:25:16,18172.00,50,1313800
20221104,09:25:19,18175.00,100,1313800
20221104,09:25:20,18175.00,50,1313800
20221104,09:25:25,18171.05,250,1313800
20221104,09:25:26,18170.00,100,1313800
20221104,09:25:29,18170.20,200,1313800
20221104,09:25:29,18170.20,50,1313800
20221104,09:25:41,18172.45,150,1313800
20221104,09:25:44,18171.65,50,1313800
20221104,09:25:44,18168.85,50,1313800
20221104,09:25:52,18170.00,50,1313800
20221104,09:25:55,18170.70,50,1313800
20221104,09:26:13,18170.60,50,1313800
20221104,09:26:22,18170.45,50,1315550
20221104,09:26:30,18172.75,50,1315550
20221104,09:26:40,18170.20,50,1315550
20221104,09:26:52,18170.25,50,1315550
20221104,09:26:53,18170.00,600,1315550
20221104,09:26:54,18168.00,50,1315550
20221104,09:26:56,18168.25,50,1315550
20221104,09:26:57,18168.60,50,1315550
20221104,09:26:59,18170.15,50,1315550
20221104,09:27:01,18170.10,50,1315550
20221104,09:27:03,18170.25,50,1315550
20221104,09:27:09,18172.65,50,1315550
20221104,09:27:10,18173.00,350,1315550
20221104,09:27:11,18173.00,450,1315550
20221104,09:27:13,18175.00,100,1315550
20221104,09:27:19,18178.25,100,1315550
20221104,09:27:25,18180.20,100,1315550
20221104,09:27:37,18180.20,50,1315550
20221104,09:27:43,18179.45,50,1315550
20221104,09:27:49,18177.55,50,1315550
20221104,09:27:54,18180.60,50,1315550
20221104,09:27:59,18182.45,50,1315550
20221104,09:28:03,18177.30,250,1315550
20221104,09:28:04,18180.00,100,1315550
20221104,09:28:09,18182.45,50,1315550
20221104,09:28:11,18182.45,100,1315550
20221104,09:28:13,18182.45,50,1315550
20221104,09:28:15,18184.45,50,1315550
20221104,09:28:16,18183.30,50,1315550
20221104,09:28:18,18183.85,100,1315550
20221104,09:28:23,18183.55,50,1315550
20221104,09:28:25,18185.05,50,1315550
20221104,09:28:30,18183.85,50,1315550
20221104,09:28:32,18186.00,50,1315550
20221104,09:28:33,18185.20,50,1315550
20221104,09:28:37,18182.55,50,1315550
20221104,09:28:43,18186.60,100,1315550
20221104,09:28:44,18186.30,50,1315550
20221104,09:28:47,18186.25,50,1315550
20221104,09:28:50,18186.35,250,1315550
20221104,09:28:56,18186.60,50,1315550
20221104,09:29:02,18186.60,50,1315550
20221104,09:29:05,18186.60,100,1315550
20221104,09:29:13,18188.00,50,1315550
20221104,09:29:19,18189.70,50,1317400
20221104,09:29:29,18190.00,50,1317400
20221104,09:29:32,18194.00,50,1317400
20221104,09:29:34,18194.00,50,1317400
20221104,09:29:36,18195.00,50,1317400
20221104,09:29:46,18195.10,200,1317400
20221104,09:29:49,18199.60,50,1317400
20221104,09:30:04,18200.00,200,1317400
20221104,09:30:05,18200.00,50,1317400
20221104,09:30:06,18200.00,1000,1317400
20221104,09:30:08,18203.00,50,1317400
20221104,09:30:10,18201.70,50,1317400
20221104,09:30:12,18200.05,50,1317400
20221104,09:30:21,18207.10,50,1317400
20221104,09:30:24,18207.10,100,1317400
20221104,09:30:27,18206.90,50,1317400
20221104,09:30:29,18206.00,150,1317400
20221104,09:30:31,18206.25,50,1317400
20221104,09:30:32,18207.30,50,1317400
20221104,09:30:33,18206.00,300,1317400
20221104,09:30:38,18205.65,50,1317400
20221104,09:30:40,18204.05,50,1317400
20221104,09:30:41,18202.95,50,1317400
20221104,09:30:42,18202.75,100,1317400
20221104,09:30:51,18203.00,50,1317400
20221104,09:31:04,18200.35,50,1317400
20221104,09:31:05,18204.00,50,1317400
20221104,09:31:06,18204.05,50,1317400
20221104,09:31:10,18203.00,50,1317400
20221104,09:31:12,18200.50,100,1317400
20221104,09:31:14,18203.20,150,1317400
20221104,09:31:15,18202.70,50,1317400
20221104,09:31:17,18200.30,50,1317400
20221104,09:31:21,18203.00,50,1317400
20221104,09:31:23,18201.05,50,1317400
20221104,09:31:26,18200.70,450,1317400
20221104,09:31:26,18204.45,150,1317400
20221104,09:31:31,18205.00,50,1317400
20221104,09:31:33,18205.00,50,1317400
20221104,09:31:34,18203.20,100,1317400
20221104,09:31:37,18205.00,50,1317400
20221104,09:31:38,18206.70,150,1317400
20221104,09:31:39,18203.75,100,1317400
20221104,09:31:47,18203.45,550,1317400
20221104,09:31:51,18203.05,50,1317400
20221104,09:31:55,18200.00,200,1317400
20221104,09:32:05,18195.00,50,1317400
20221104,09:32:06,18192.30,100,1317400
20221104,09:32:07,18196.90,50,1317400
20221104,09:32:13,18191.60,50,1317400
20221104,09:32:15,18191.35,50,1317400
20221104,09:32:18,18189.50,400,1317400
20221104,09:32:28,18188.00,50,1316700
20221104,09:32:32,18189.00,50,1316700
20221104,09:32:33,18188.00,50,1316700
20221104,09:32:49,18186.30,50,1316700
20221104,09:32:52,18189.30,150,1316700
20221104,09:33:01,18185.00,50,1316700
20221104,09:33:07,18183.15,50,1316700
20221104,09:33:09,18185.00,100,1316700
20221104,09:33:14,18187.10,100,1316700
20221104,09:33:15,18187.10,400,1316700
20221104,09:33:18,18189.30,50,1316700
20221104,09:33:24,18189.30,50,1316700
20221104,09:33:25,18188.15,50,1316700
20221104,09:33:26,18185.35,50,1316700
20221104,09:33:31,18186.30,50,1316700
20221104,09:33:40,18190.00,50,1316700
20221104,09:33:42,18188.05,100,1316700
20221104,09:33:44,18193.15,50,1316700
20221104,09:33:49,18191.60,50,1316700
20221104,09:33:55,18190.00,50,1316700
20221104,09:33:57,18190.00,400,1316700
20221104,09:33:58,18187.95,100,1316700
20221104,09:34:24,18190.05,150,1316700
20221104,09:34:29,18190.05,50,1316700
20221104,09:34:37,18185.45,400,1316700
20221104,09:34:45,18185.00,100,1316700
20221104,09:34:47,18185.00,50,1316700
20221104,09:34:54,18185.00,100,1316700
20221104,09:34:55,18188.75,550,1316700
20221104,09:34:56,18187.50,50,1316700
20221104,09:35:12,18185.00,50,1316700
20221104,09:35:13,18185.00,50,1316700
20221104,09:35:14,18185.00,50,1316700
20221104,09:35:28,18185.60,50,1317800
20221104,09:35:31,18185.00,50,1317800
20221104,09:35:34,18185.00,100,1317800
20221104,09:35:38,18185.00,100,1317800
20221104,09:35:42,18185.00,50,1317800
20221104,09:35:44,18183.15,50,1317800
20221104,09:35:45,18183.00,50,1317800
20221104,09:36:05,18181.00,50,1317800
20221104,09:36:06,18183.00,50,1317800
20221104,09:36:23,18181.90,50,1317800
20221104,09:36:25,18181.15,50,1317800
20221104,09:36:34,18183.60,50,1317800
20221104,09:36:42,18181.15,50,1317800
20221104,09:36:45,18182.55,2100,1317800
20221104,09:36:48,18181.55,100,1317800
20221104,09:36:49,18181.55,600,1317800
20221104,09:36:54,18180.00,500,1317800
20221104,09:36:57,18180.00,300,1317800
20221104,09:37:07,18181.60,50,1317800
20221104,09:37:28,18178.90,50,1317800
20221104,09:37:31,18178.45,600,1317800
20221104,09:37:40,18176.00,50,1317800
20221104,09:37:50,18176.05,50,1317800
20221104,09:37:57,18175.50,500,1317800
20221104,09:38:06,18175.00,150,1317800
20221104,09:38:08,18174.75,150,1317800
20221104,09:38:12,18173.20,50,1317800
20221104,09:38:14,18173.15,150,1317800
20221104,09:38:19,18172.25,50,1317800
20221104,09:38:20,18170.95,50,1319800
20221104,09:38:21,18168.25,250,1319800
20221104,09:38:22,18168.75,500,1319800
20221104,09:38:25,18167.85,50,1319800
20221104,09:38:38,18170.00,50,1319800
20221104,09:38:54,18170.10,50,1319800
20221104,09:38:55,18170.10,500,1319800
20221104,09:39:03,18170.00,50,1319800
20221104,09:39:04,18167.00,150,1319800
20221104,09:39:10,18168.55,100,1319800
20221104,09:39:12,18167.70,50,1319800
20221104,09:39:13,18165.05,100,1319800
20221104,09:39:14,18167.10,50,1319800
20221104,09:39:18,18166.65,800,1319800
20221104,09:39:21,18167.50,100,1319800
20221104,09:39:23,18163.90,450,1319800
20221104,09:39:25,18166.30,100,1319800
20221104,09:39:27,18165.75,50,1319800
20221104,09:39:28,18164.85,150,1319800
20221104,09:39:29,18164.40,350,1319800
20221104,09:39:30,18163.00,50,1319800
20221104,09:39:32,18163.00,500,1319800
20221104,09:39:33,18162.50,50,1319800
20221104,09:39:35,18162.50,50,1319800
20221104,09:39:36,18161.90,300,1319800
20221104,09:39:37,18161.90,450,1319800
20221104,09:39:39,18162.60,100,1319800
20221104,09:39:46,18169.00,100,1319800
20221104,09:39:49,18166.10,150,1319800
20221104,09:39:54,18168.90,50,1319800
20221104,09:39:57,18168.90,50,1319800
20221104,09:39:58,18169.95,100,1319800
20221104,09:40:00,18166.15,50,1319800
20221104,09:40:04,18166.85,50,1319800
20221104,09:40:05,18167.95,50,1319800
20221104,09:40:07,18167.95,500,1319800
20221104,09:40:14,18170.00,100,1319800
20221104,09:40:19,18170.00,150,1319800
20221104,09:40:26,18166.50,100,1319800
20221104,09:40:28,18162.70,500,1319800
20221104,09:40:41,18170.65,50,1319800
20221104,09:40:48,18169.80,50,1319800
20221104,09:40:53,18169.95,50,1319800
20221104,09:41:08,18169.95,250,1319800
20221104,09:41:09,18170.65,50,1319800
20221104,09:41:10,18170.65,50,1319800
20221104,09:41:11,18173.10,100,1319800
20221104,09:41:16,18173.10,500,1319800
20221104,09:41:17,18174.00,50,1319800
20221104,09:41:22,18174.00,50,1322250
20221104,09:41:27,18174.00,50,1322250
20221104,09:41:30,18175.00,100,1322250
20221104,09:41:31,18175.00,50,1322250
20221104,09:41:33,18175.00,50,1322250
20221104,09:41:39,18173.00,100,1322250
20221104,09:41:41,18170.75,100,1322250
20221104,09:41:47,18166.80,50,1322250
20221104,09:41:53,18166.00,50,1322250
20221104,09:41:55,18164.25,100,1322250
20221104,09:42:01,18166.50,50,1322250
20221104,09:42:09,18169.05,100,1322250
20221104,09:42:20,18166.00,50,1322250
20221104,09:42:22,18165.95,50,1322250
20221104,09:42:37,18169.05,150,1322250
20221104,09:42:39,18170.00,50,1322250
20221104,09:42:47,18169.05,50,1322250
20221104,09:42:50,18169.05,600,1322250
20221104,09:42:53,18169.05,750,1322250
20221104,09:42:55,18171.85,50,1322250
20221104,09:43:06,18173.00,50,1322250
20221104,09:43:12,18175.00,50,1322250
20221104,09:43:15,18175.00,100,1322250
20221104,09:43:17,18175.00,50,1322250
20221104,09:43:18,18173.60,50,1322250
20221104,09:43:19,18175.00,200,1322250
20221104,09:43:20,18175.00,500,1322250
20221104,09:43:38,18175.00,50,1322250
20221104,09:43:43,18173.00,250,1322250
20221104,09:43:46,18173.00,50,1322250
20221104,09:43:47,18173.00,300,1322250
20221104,09:43:49,18170.00,100,1322250
20221104,09:44:00,18170.30,250,1322250
20221104,09:44:14,18170.00,50,1322250
20221104,09:44:16,18170.30,50,1322250
20221104,09:44:17,18172.60,100,1322250
20221104,09:44:23,18169.35,50,1325650
20221104,09:44:31,18170.95,50,1325650
20221104,09:44:35,18170.00,50,1325650
20221104,09:44:40,18175.00,50,1325650
20221104,09:44:41,18175.00,50,1325650
20221104,09:44:44,18175.15,50,1325650
20221104,09:45:02,18175.15,50,1325650
20221104,09:45:04,18174.80,100,1325650
20221104,09:45:10,18174.80,1000,1325650
20221104,09:45:16,18170.00,100,1325650
20221104,09:45:21,18168.00,100,1325650
20221104,09:45:24,18166.00,50,1325650
20221104,09:45:27,18165.80,50,1325650
20221104,09:45:31,18165.05,50,1325650
20221104,09:45:37,18166.65,400,1325650
20221104,09:45:46,18170.05,50,1325650
20221104,09:46:02,18177.75,50,1325650
20221104,09:46:09,18180.00,600,1325650
20221104,09:46:19,18184.45,50,1325650
20221104,09:46:39,18180.00,100,1325650
20221104,09:46:57,18179.80,250,1325650
20221104,09:47:04,18177.55,250,1325650
20221104,09:47:16,18173.25,150,1325650
20221104,09:47:30,18170.00,50,1327100
20221104,09:47:37,18166.65,150,1327100
20221104,09:47:39,18162.90,50,1327100
20221104,09:47:50,18163.00,50,1327100
20221104,09:47:51,18162.00,100,1327100
20221104,09:47:52,18162.75,100,1327100
20221104,09:47:54,18162.15,300,1327100
20221104,09:47:59,18163.00,150,1327100
20221104,09:48:07,18165.25,50,1327100
20221104,09:48:22,18162.60,150,1327100
20221104,09:48:23,18162.60,100,1327100
20221104,09:48:24,18162.00,1300,1327100
20221104,09:48:29,18162.00,100,1327100
20221104,09:48:30,18161.55,600,1327100
20221104,09:48:31,18161.55,400,1327100
20221104,09:48:32,18161.55,350,1327100
20221104,09:48:33,18161.55,650,1327100
20221104,09:48:35,18161.55,150,1327100
20221104,09:48:36,18161.00,250,1327100
20221104,09:48:43,18161.00,400,1327100
20221104,09:48:44,18161.00,100,1327100
20221104,09:48:45,18161.00,500,1327100
20221104,09:48:46,18161.00,50,1327100
20221104,09:48:47,18161.00,100,1327100
20221104,09:48:48,18160.00,100,1327100
20221104,09:48:50,18160.00,50,1327100
20221104,09:48:52,18160.00,1800,1327100
20221104,09:48:53,18159.55,1550,1327100
20221104,09:48:54,18159.55,100,1327100
20221104,09:48:55,18159.55,250,1327100
20221104,09:48:56,18159.00,750,1327100
20221104,09:48:58,18159.00,50,1327100
20221104,09:48:59,18159.00,50,1327100
20221104,09:49:00,18159.00,100,1327100
20221104,09:49:01,18159.00,500,1327100
20221104,09:49:02,18158.75,1000,1327100
20221104,09:49:03,18158.75,700,1327100
20221104,09:49:04,18158.75,50,1327100
20221104,09:49:06,18158.75,300,1327100
20221104,09:49:08,18158.75,200,1327100
20221104,09:49:11,18158.75,350,1327100
20221104,09:49:22,18158.75,100,1327100
20221104,09:49:23,18158.50,100,1327100
20221104,09:49:27,18158.50,50,1327100
20221104,09:49:28,18158.40,50,1327100
20221104,09:49:31,18158.40,50,1327100
20221104,09:49:32,18158.40,200,1327100
20221104,09:49:33,18159.85,100,1327100
20221104,09:49:34,18159.60,200,1327100
20221104,09:49:35,18158.40,500,1327100
20221104,09:49:41,18159.95,50,1327100
20221104,09:49:42,18162.00,700,1327100
20221104,09:49:43,18162.00,50,1327100
20221104,09:49:46,18162.00,400,1327100
20221104,09:49:46,18162.20,50,1327100
20221104,09:49:48,18163.00,200,1327100
20221104,09:49:52,18162.05,50,1327100
20221104,09:49:59,18162.00,50,1327100
20221104,09:50:01,18162.00,50,1327100
20221104,09:50:02,18162.00,50,1327100
20221104,09:50:03,18162.00,100,1327100
20221104,09:50:05,18162.65,50,1327100
20221104,09:50:13,18163.05,50,1327100
20221104,09:50:16,18162.00,50,1327100
20221104,09:50:23,18163.35,50,1326050
20221104,09:50:28,18163.35,1000,1326050
20221104,09:50:31,18162.10,50,1326050
20221104,09:50:38,18162.10,100,1326050
20221104,09:50:41,18162.10,700,1326050
20221104,09:50:42,18162.05,50,1326050
20221104,09:50:45,18162.00,100,1326050
20221104,09:50:46,18162.00,50,1326050
20221104,09:50:50,18162.00,500,1326050
20221104,09:51:03,18161.00,300,1326050
20221104,09:51:18,18163.00,50,1326050
20221104,09:51:23,18164.75,50,1326050
20221104,09:51:24,18164.00,950,1326050
20221104,09:51:25,18166.95,50,1326050
20221104,09:51:28,18169.20,50,1326050
20221104,09:51:30,18169.85,50,1326050
20221104,09:51:34,18169.85,500,1326050
20221104,09:51:43,18167.90,250,1326050
20221104,09:51:49,18166.40,50,1326050
20221104,09:51:55,18162.00,150,1326050
20221104,09:52:00,18160.35,50,1326050
20221104,09:52:10,18161.45,50,1326050
20221104,09:52:11,18161.45,1000,1326050
20221104,09:52:12,18161.25,50,1326050
20221104,09:52:14,18164.20,400,1326050
20221104,09:52:29,18161.00,50,1326050
20221104,09:52:30,18160.00,50,1326050
20221104,09:52:33,18160.00,550,1326050
20221104,09:52:35,18163.00,1750,1326050
20221104,09:52:41,18160.00,950,1326050
20221104,09:52:43,18160.00,300,1326050
20221104,09:52:49,18160.00,1600,1326050
20221104,09:52:51,18158.20,100,1326050
20221104,09:52:56,18157.30,100,1326050
20221104,09:53:05,18157.30,100,1326050
20221104,09:53:15,18160.80,250,1326050
20221104,09:53:18,18160.80,500,1326050
20221104,09:53:24,18160.80,500,1331150
20221104,09:53:34,18163.25,1100,1331150
20221104,09:53:39,18163.25,500,1331150
20221104,09:53:42,18166.00,50,1331150
20221104,09:53:45,18166.00,100,1331150
20221104,09:53:47,18167.25,50,1331150
20221104,09:54:09,18163.30,50,1331150
20221104,09:54:11,18163.40,50,1331150
20221104,09:54:17,18165.00,50,1331150
20221104,09:54:21,18163.45,50,1331150
20221104,09:54:25,18165.45,50,1331150
20221104,09:54:26,18163.45,100,1331150
20221104,09:54:32,18165.25,50,1331150
20221104,09:54:41,18162.00,100,1331150
20221104,09:54:45,18160.00,150,1331150
20221104,09:54:46,18159.95,100,1331150
20221104,09:54:48,18160.00,50,1331150
20221104,09:54:57,18157.55,100,1331150
20221104,09:55:02,18158.70,50,1331150
20221104,09:55:04,18159.45,50,1331150
20221104,09:55:08,18157.00,50,1331150
20221104,09:55:09,18157.00,50,1331150
20221104,09:55:11,18157.00,50,1331150
20221104,09:55:13,18157.00,100,1331150
20221104,09:55:25,18157.00,200,1331150
20221104,09:55:43,18155.00,100,1331150
20221104,09:55:45,18155.00,50,1331150
20221104,09:55:46,18153.70,250,1331150
20221104,09:55:47,18155.05,50,1331150
20221104,09:55:54,18153.00,100,1331150
20221104,09:55:58,18153.00,150,1331150
20221104,09:55:59,18153.00,50,1331150
20221104,09:56:01,18153.00,50,1331150
20221104,09:56:04,18153.00,50,1331150
20221104,09:56:21,18153.00,50,1331150
20221104,09:56:42,18156.00,100,1332450
20221104,09:56:46,18156.80,150,1332450
20221104,09:56:49,18157.10,50,1332450
20221104,09:56:59,18156.75,100,1332450
20221104,09:57:00,18156.00,50,1332450
20221104,09:57:02,18154.00,100,1332450
20221104,09:57:06,18153.55,50,1332450
20221104,09:57:08,18153.00,100,1332450
20221104,09:57:12,18153.00,150,1332450
20221104,09:57:13,18153.00,300,1332450
20221104,09:57:14,18152.00,50,1332450
20221104,09:57:15,18151.00,200,1332450
20221104,09:57:22,18150.20,50,1332450
20221104,09:57:24,18150.15,250,1332450
20221104,09:57:29,18150.15,50,1332450
20221104,09:57:45,18152.00,50,1332450
20221104,09:57:46,18150.10,50,1332450
20221104,09:57:56,18150.10,150,1332450
20221104,09:58:00,18156.45,200,1332450
20221104,09:58:09,18155.20,100,1332450
20221104,09:58:14,18156.20,150,1332450
20221104,09:58:15,18158.50,150,1332450
20221104,09:58:22,18160.00,50,1332450
20221104,09:58:24,18160.00,100,1332450
20221104,09:58:34,18159.95,50,1332450
20221104,09:58:35,18160.50,300,1332450
20221104,09:58:36,18160.50,250,1332450
20221104,09:58:37,18161.00,50,1332450
20221104,09:58:45,18161.20,50,1332450
20221104,09:58:46,18162.00,50,1332450
20221104,09:58:48,18162.00,50,1332450
20221104,09:59:02,18162.00,300,1332450
20221104,09:59:06,18159.25,50,1332450
20221104,09:59:35,18157.95,50,1332250
20221104,09:59:36,18157.00,100,1332250
20221104,09:59:37,18155.00,200,1332250
20221104,09:59:43,18151.65,50,1332250
20221104,09:59:46,18155.95,50,1332250
20221104,10:00:04,18150.90,250,1332250
20221104,10:00:08,18150.10,150,1332250
20221104,10:00:10,18150.90,50,1332250
20221104,10:00:12,18150.10,100,1332250
20221104,10:00:14,18150.00,500,1332250
20221104,10:00:16,18150.00,50,1332250
20221104,10:00:17,18150.10,50,1332250
20221104,10:00:27,18151.20,50,1332250
20221104,10:00:43,18151.20,50,1332250
20221104,10:00:46,18151.20,50,1332250
20221104,10:00:52,18151.40,50,1332250
20221104,10:00:53,18151.35,50,1332250
20221104,10:01:16,18155.95,50,1332250
20221104,10:01:38,18154.05,50,1332250
20221104,10:01:50,18153.80,50,1332250
20221104,10:01:56,18151.00,50,1332250
20221104,10:02:07,18152.05,50,1332250
20221104,10:02:20,18152.45,50,1332250
20221104,10:02:25,18151.00,50,1331700
20221104,10:02:36,18151.00,50,1331700
20221104,10:02:43,18152.05,50,1331700
20221104,10:02:49,18151.05,100,1331700
20221104,10:02:50,18149.70,150,1331700
20221104,10:02:55,18148.00,100,1331700
20221104,10:03:02,18145.00,50,1331700
20221104,10:03:21,18145.00,200,1331700
20221104,10:03:28,18150.25,100,1331700
20221104,10:03:34,18150.15,200,1331700
20221104,10:03:36,18149.75,50,1331700
20221104,10:03:46,18149.70,50,1331700
20221104,10:03:57,18151.20,50,1331700
20221104,10:04:03,18155.00,50,1331700
20221104,10:04:06,18154.70,50,1331700
20221104,10:04:10,18154.70,200,1331700
20221104,10:04:17,18152.40,100,1331700
20221104,10:04:25,18152.20,50,1331700
20221104,10:04:35,18152.85,50,1331700
20221104,10:04:45,18154.95,50,1331700
20221104,10:04:52,18152.90,50,1331700
20221104,10:04:57,18156.70,150,1331700
20221104,10:05:12,18158.30,50,1331700
20221104,10:05:21,18158.30,50,1331700
20221104,10:05:24,18159.20,100,1331700
20221104,10:05:26,18157.30,50,1332200
20221104,10:05:30,18157.00,50,1332200
20221104,10:05:31,18157.00,50,1332200
20221104,10:05:52,18158.30,50,1332200
20221104,10:05:56,18161.30,50,1332200
20221104,10:05:59,18159.85,50,1332200
20221104,10:06:05,18159.85,50,1332200
20221104,10:06:06,18159.00,50,1332200
20221104,10:06:24,18160.05,100,1332200
20221104,10:06:32,18161.85,50,1332200
20221104,10:06:34,18162.70,150,1332200
20221104,10:06:46,18162.55,50,1332200
20221104,10:06:49,18162.10,100,1332200
20221104,10:06:52,18158.45,100,1332200
20221104,10:06:56,18159.45,50,1332200
20221104,10:07:14,18159.50,200,1332200
20221104,10:07:27,18156.20,100,1332200
20221104,10:07:28,18158.45,50,1332200
20221104,10:07:42,18157.25,250,1332200
20221104,10:08:24,18159.45,50,1331950
20221104,10:08:42,18159.90,250,1331950
20221104,10:08:52,18160.00,50,1331950
20221104,10:08:57,18159.95,50,1331950
20221104,10:08:58,18159.90,50,1331950
20221104,10:09:03,18159.45,100,1331950
20221104,10:09:04,18159.45,100,1331950
20221104,10:09:05,18159.25,300,1331950
20221104,10:09:09,18157.15,50,1331950
20221104,10:09:10,18157.85,50,1331950
20221104,10:09:15,18162.90,250,1331950
20221104,10:09:19,18157.15,300,1331950
20221104,10:09:37,18158.95,50,1331950
20221104,10:10:09,18160.45,250,1331950
20221104,10:10:24,18161.15,50,1331950
20221104,10:10:26,18161.15,250,1331950
20221104,10:10:32,18162.10,50,1331950
20221104,10:10:35,18163.00,50,1331950
20221104,10:10:44,18160.30,50,1331950
20221104,10:10:53,18160.00,150,1331950
20221104,10:10:55,18158.70,50,1331950
20221104,10:11:01,18159.65,50,1331950
20221104,10:11:10,18157.15,50,1331950
20221104,10:11:35,18154.15,100,1332250
20221104,10:11:46,18151.35,100,1332250
20221104,10:11:56,18152.15,600,1332250
20221104,10:12:36,18157.00,50,1332250
20221104,10:12:55,18157.00,100,1332250
20221104,10:12:56,18155.65,50,1332250
20221104,10:13:03,18152.00,100,1332250
20221104,10:13:04,18150.00,50,1332250
20221104,10:13:05,18150.00,300,1332250
20221104,10:13:06,18150.20,50,1332250
20221104,10:13:17,18149.90,250,1332250
20221104,10:13:23,18150.55,50,1332250
20221104,10:13:25,18154.00,50,1332250
20221104,10:13:54,18152.95,250,1332250
20221104,10:14:24,18155.95,50,1332250
20221104,10:14:29,18156.45,400,1333250
20221104,10:14:40,18155.50,250,1333250
20221104,10:14:52,18151.40,50,1333250
20221104,10:15:03,18149.85,200,1333250
20221104,10:15:08,18145.60,100,1333250
20221104,10:15:13,18149.90,50,1333250
20221104,10:15:18,18151.90,50,1333250
20221104,10:15:26,18151.90,50,1333250
20221104,10:15:43,18151.90,50,1333250
20221104,10:16:07,18155.00,50,1333250
20221104,10:16:12,18156.20,50,1333250
20221104,10:16:16,18155.65,50,1333250
20221104,10:16:24,18157.10,50,1333250
20221104,10:16:58,18151.25,50,1333250
20221104,10:17:04,18151.25,50,1333250
20221104,10:17:18,18149.20,250,1333250
20221104,10:17:28,18149.30,50,1333800
20221104,10:17:42,18150.00,50,1333800
20221104,10:18:01,18151.45,50,1333800
20221104,10:18:03,18151.95,50,1333800
20221104,10:18:44,18147.30,150,1333800
20221104,10:18:47,18149.00,100,1333800
20221104,10:18:52,18146.90,50,1333800
20221104,10:18:55,18147.55,50,1333800
20221104,10:18:57,18148.85,200,1333800
20221104,10:18:59,18145.55,600,1333800
20221104,10:20:19,18153.15,50,1333800
20221104,10:20:32,18157.75,50,1333850
20221104,10:20:34,18158.40,50,1333850
20221104,10:20:43,18158.00,50,1333850
20221104,10:20:44,18158.40,50,1333850
20221104,10:20:45,18158.00,50,1333850
20221104,10:20:46,18158.00,250,1333850
20221104,10:20:48,18154.30,50,1333850
20221104,10:21:00,18156.65,200,1333850
20221104,10:21:11,18159.90,50,1333850
20221104,10:21:39,18159.55,50,1333850
20221104,10:21:40,18157.80,50,1333850
20221104,10:21:51,18157.80,50,1333850
20221104,10:22:01,18156.25,250,1333850
20221104,10:22:05,18156.00,50,1333850
20221104,10:22:26,18151.10,250,1333850
20221104,10:22:29,18150.60,50,1333850
20221104,10:23:08,18156.55,50,1333850
20221104,10:23:16,18157.15,200,1333850
20221104,10:23:41,18154.40,50,1334950
20221104,10:23:44,18154.30,50,1334950
20221104,10:23:58,18154.30,50,1334950
20221104,10:24:07,18159.00,200,1334950
20221104,10:24:08,18159.00,50,1334950
20221104,10:24:12,18161.75,200,1334950
20221104,10:24:21,18159.05,50,1334950
20221104,10:24:53,18160.00,50,1334950
20221104,10:25:11,18159.30,100,1334950
20221104,10:25:20,18162.90,300,1334950
20221104,10:25:21,18159.10,50,1334950
20221104,10:25:43,18160.00,50,1334950
20221104,10:26:41,18160.00,50,1334850
20221104,10:26:52,18160.00,100,1334850
20221104,10:26:56,18160.00,100,1334850
20221104,10:27:06,18156.35,50,1334850
20221104,10:27:55,18160.95,50,1334850
20221104,10:27:57,18157.30,50,1334850
20221104,10:28:04,18160.80,50,1334850
20221104,10:28:32,18155.00,200,1334850
20221104,10:28:37,18155.00,600,1334850
20221104,10:28:40,18155.95,50,1334850
20221104,10:28:56,18152.75,50,1334850
20221104,10:29:09,18151.60,50,1334850
20221104,10:29:10,18151.70,50,1334850
20221104,10:29:32,18153.95,50,1334250
20221104,10:29:54,18153.95,50,1334250
20221104,10:30:00,18154.30,100,1334250
20221104,10:30:17,18154.40,300,1334250
20221104,10:30:29,18154.50,100,1334250
20221104,10:30:45,18152.30,50,1334250
20221104,10:30:50,18152.65,200,1334250
20221104,10:31:05,18151.50,50,1334250
20221104,10:31:19,18156.65,150,1334250
20221104,10:31:25,18156.00,50,1334250
20221104,10:31:27,18157.95,50,1334250
20221104,10:31:47,18158.00,50,1334250
20221104,10:31:58,18155.55,150,1334250
20221104,10:32:06,18156.80,50,1334250
20221104,10:32:07,18158.10,50,1334250
20221104,10:32:31,18156.70,150,1334500
20221104,10:32:42,18155.30,50,1334500
20221104,10:32:58,18152.25,50,1334500
20221104,10:33:13,18152.25,50,1334500
20221104,10:33:20,18152.20,50,1334500
20221104,10:33:21,18154.00,100,1334500
20221104,10:33:31,18151.00,50,1334500
20221104,10:33:39,18152.40,150,1334500
20221104,10:33:45,18150.70,50,1334500
20221104,10:34:14,18152.05,50,1334500
20221104,10:34:25,18150.75,50,1334500
20221104,10:34:40,18150.65,50,1334500
20221104,10:34:44,18150.05,400,1334500
20221104,10:34:45,18150.00,50,1334500
20221104,10:34:46,18150.00,50,1334500
20221104,10:34:48,18152.25,100,1334500
20221104,10:35:14,18150.95,50,1334500
20221104,10:35:19,18148.10,500,1334500
20221104,10:35:20,18151.95,50,1334500
20221104,10:35:27,18149.35,50,1334500
20221104,10:35:31,18147.60,500,1334950
20221104,10:35:38,18148.10,300,1334950
20221104,10:35:58,18149.40,700,1334950
20221104,10:36:12,18151.00,50,1334950
20221104,10:36:30,18150.00,50,1334950
20221104,10:36:42,18150.95,50,1334950
20221104,10:36:43,18149.30,50,1334950
20221104,10:36:49,18151.95,300,1334950
20221104,10:36:50,18153.70,150,1334950
20221104,10:37:03,18152.30,100,1334950
20221104,10:37:09,18149.30,100,1334950
20221104,10:37:11,18149.30,50,1334950
20221104,10:37:34,18151.10,50,1334950
20221104,10:37:50,18147.80,500,1334950
20221104,10:37:55,18151.05,100,1334950
20221104,10:38:03,18153.60,150,1334950
20221104,10:38:04,18153.55,50,1334950
20221104,10:38:05,18153.80,50,1334950
20221104,10:38:09,18150.10,50,1334950
20221104,10:38:20,18151.20,50,1334950
20221104,10:38:22,18150.00,50,1334950
20221104,10:38:37,18150.00,50,1336350
20221104,10:38:38,18149.30,50,1336350
20221104,10:38:42,18150.00,50,1336350
20221104,10:39:03,18150.00,150,1336350
20221104,10:39:05,18150.00,150,1336350
20221104,10:39:12,18150.00,50,1336350
20221104,10:39:18,18149.30,50,1336350
20221104,10:39:20,18150.00,100,1336350
20221104,10:39:32,18150.00,50,1336350
20221104,10:39:35,18149.30,50,1336350
20221104,10:39:39,18149.45,50,1336350
20221104,10:39:40,18150.00,100,1336350
20221104,10:39:41,18151.00,50,1336350
20221104,10:39:42,18152.00,50,1336350
20221104,10:39:45,18153.25,100,1336350
20221104,10:39:57,18156.10,150,1336350
20221104,10:39:58,18154.30,50,1336350
20221104,10:40:09,18154.00,50,1336350
20221104,10:40:12,18154.00,50,1336350
20221104,10:40:13,18154.40,150,1336350
20221104,10:40:19,18155.75,50,1336350
20221104,10:40:20,18158.45,50,1336350
20221104,10:40:35,18156.35,50,1336350
20221104,10:40:43,18154.00,50,1336350
20221104,10:40:47,18154.80,150,1336350
20221104,10:40:53,18153.00,50,1336350
20221104,10:40:56,18153.00,300,1336350
20221104,10:40:57,18151.50,50,1336350
20221104,10:41:06,18155.05,200,1336350
20221104,10:41:07,18156.35,50,1336350
20221104,10:41:39,18154.85,50,1337350
20221104,10:41:44,18156.00,50,1337350
20221104,10:41:45,18157.85,50,1337350
20221104,10:41:52,18157.85,50,1337350
20221104,10:41:57,18158.00,50,1337350
20221104,10:41:58,18158.70,100,1337350
20221104,10:42:07,18160.00,50,1337350
20221104,10:42:08,18160.30,50,1337350
20221104,10:42:10,18160.05,50,1337350
20221104,10:42:11,18160.05,50,1337350
20221104,10:42:21,18153.75,50,1337350
20221104,10:42:33,18157.15,50,1337350
20221104,10:42:37,18154.95,300,1337350
20221104,10:43:23,18155.60,100,1337350
20221104,10:43:28,18154.65,50,1337350
20221104,10:43:38,18155.80,50,1337350
20221104,10:43:44,18155.15,50,1337350
20221104,10:43:47,18155.10,50,1337350
20221104,10:43:49,18154.45,50,1337350
20221104,10:43:55,18153.55,50,1337350
20221104,10:44:00,18153.55,50,1337350
20221104,10:44:14,18153.30,150,1337350
20221104,10:44:19,18151.30,150,1337350
20221104,10:44:25,18151.40,50,1337350
20221104,10:44:29,18151.15,50,1337350
20221104,10:44:41,18151.60,100,1337350
20221104,10:44:44,18152.60,200,1337450
20221104,10:44:52,18152.75,50,1337450
20221104,10:44:53,18152.30,50,1337450
20221104,10:45:01,18151.10,50,1337450
20221104,10:45:03,18150.75,350,1337450
20221104,10:45:04,18150.00,50,1337450
20221104,10:45:07,18151.55,100,1337450
20221104,10:45:08,18151.10,50,1337450
20221104,10:45:11,18147.05,150,1337450
20221104,10:45:12,18146.60,450,1337450
20221104,10:45:16,18146.45,300,1337450
20221104,10:45:16,18145.10,50,1337450
20221104,10:45:18,18146.30,50,1337450
20221104,10:45:26,18145.10,50,1337450
20221104,10:45:28,18145.00,200,1337450
20221104,10:45:29,18144.45,100,1337450
20221104,10:45:30,18144.45,100,1337450
20221104,10:45:31,18144.15,100,1337450
20221104,10:45:32,18144.15,50,1337450
20221104,10:45:33,18144.00,100,1337450
20221104,10:45:34,18142.50,50,1337450
20221104,10:45:35,18142.50,50,1337450
20221104,10:45:37,18143.00,50,1337450
20221104,10:45:41,18145.00,50,1337450
20221104,10:45:42,18145.10,50,1337450
20221104,10:45:54,18144.05,150,1337450
20221104,10:45:58,18144.55,50,1337450
20221104,10:46:01,18145.00,50,1337450
20221104,10:46:03,18146.65,50,1337450
20221104,10:46:04,18146.65,50,1337450
20221104,10:46:08,18149.00,200,1337450
20221104,10:46:10,18149.00,50,1337450
20221104,10:46:12,18148.60,50,1337450
20221104,10:46:19,18149.00,100,1337450
20221104,10:46:26,18149.00,200,1337450
20221104,10:46:27,18150.00,50,1337450
20221104,10:46:31,18149.55,100,1337450
20221104,10:46:32,18151.40,50,1337450
20221104,10:46:49,18152.00,50,1337450
20221104,10:46:50,18152.40,50,1337450
20221104,10:47:07,18151.40,150,1337450
20221104,10:47:27,18152.25,50,1337450
20221104,10:47:39,18155.00,50,1337200
20221104,10:47:42,18152.25,50,1337200
20221104,10:47:48,18154.40,50,1337200
20221104,10:47:53,18154.40,50,1337200
20221104,10:48:04,18154.00,100,1337200
20221104,10:48:12,18152.35,100,1337200
20221104,10:48:24,18154.00,50,1337200
20221104,10:48:33,18157.00,50,1337200
20221104,10:48:35,18158.35,150,1337200
20221104,10:48:41,18157.30,50,1337200
20221104,10:48:45,18154.60,50,1337200
20221104,10:48:47,18156.65,50,1337200
20221104,10:48:51,18155.00,50,1337200
20221104,10:48:54,18154.80,100,1337200
20221104,10:49:08,18157.30,50,1337200
20221104,10:49:14,18154.65,50,1337200
20221104,10:49:23,18157.35,50,1337200
20221104,10:49:29,18156.60,50,1337200
20221104,10:49:41,18156.10,50,1337200
20221104,10:49:47,18154.55,50,1337200
20221104,10:50:13,18152.65,50,1337200
20221104,10:50:17,18153.85,50,1337200
20221104,10:51:05,18151.85,100,1337150
20221104,10:51:19,18150.65,50,1337150
20221104,10:51:21,18150.45,100,1337150
20221104,10:51:22,18150.10,150,1337150
20221104,10:51:26,18150.00,100,1337150
20221104,10:51:41,18150.00,50,1337150
20221104,10:51:42,18150.95,50,1337150
20221104,10:51:53,18151.10,50,1337150
20221104,10:51:56,18149.65,50,1337150
20221104,10:52:01,18152.60,100,1337150
20221104,10:52:13,18152.60,50,1337150
20221104,10:52:15,18153.65,50,1337150
20221104,10:52:25,18154.35,50,1337150
20221104,10:52:26,18152.30,150,1337150
20221104,10:52:31,18153.50,50,1337150
20221104,10:52:35,18153.00,50,1337150
20221104,10:52:36,18153.00,50,1337150
20221104,10:52:56,18154.30,150,1337150
20221104,10:53:23,18153.55,50,1337150
20221104,10:53:26,18153.50,50,1337150
20221104,10:53:44,18153.50,50,1337150
20221104,10:53:48,18153.50,50,1337300
20221104,10:53:56,18154.00,50,1337300
20221104,10:53:57,18155.50,50,1337300
20221104,10:54:27,18152.45,50,1337300
20221104,10:54:30,18152.30,50,1337300
20221104,10:54:52,18152.00,150,1337300
20221104,10:54:55,18152.30,50,1337300
20221104,10:55:13,18151.65,250,1337300
20221104,10:55:26,18151.15,150,1337300
20221104,10:55:30,18153.45,50,1337300
20221104,10:55:42,18153.55,150,1337300
20221104,10:55:49,18152.35,50,1337300
20221104,10:55:50,18153.05,50,1337300
20221104,10:55:55,18153.75,150,1337300
20221104,10:56:05,18153.75,600,1337300
20221104,10:56:11,18157.15,250,1337300
20221104,10:56:12,18158.00,100,1337300
20221104,10:56:21,18153.00,150,1337300
20221104,10:56:27,18153.00,50,1337300
20221104,10:56:30,18153.00,50,1337300
20221104,10:56:34,18153.25,50,1338550
20221104,10:56:36,18153.25,50,1338550
20221104,10:56:37,18154.25,50,1338550
20221104,10:56:41,18153.65,50,1338550
20221104,10:56:50,18154.50,50,1338550
20221104,10:57:05,18153.25,100,1338550
20221104,10:57:08,18154.60,50,1338550
20221104,10:57:11,18154.65,50,1338550
20221104,10:57:16,18155.05,100,1338550
20221104,10:57:17,18154.60,150,1338550
20221104,10:57:19,18154.60,50,1338550
20221104,10:57:23,18155.65,50,1338550
20221104,10:57:30,18155.75,150,1338550
20221104,10:57:31,18155.95,50,1338550
20221104,10:57:34,18155.95,100,1338550
20221104,10:57:37,18156.05,50,1338550
20221104,10:57:46,18155.10,50,1338550
20221104,10:57:51,18155.65,150,1338550
20221104,10:58:00,18155.20,50,1338550
20221104,10:58:07,18156.60,100,1338550
20221104,10:58:08,18158.30,50,1338550
20221104,10:58:21,18157.10,100,1338550
20221104,10:58:27,18156.00,50,1338550
20221104,10:58:28,18156.40,50,1338550
20221104,10:58:32,18157.10,50,1338550
20221104,10:58:37,18156.95,50,1338550
20221104,10:59:05,18153.85,50,1338550
20221104,10:59:06,18153.85,100,1338550
20221104,10:59:17,18154.35,50,1338550
20221104,10:59:21,18154.65,50,1338550
20221104,10:59:25,18155.05,50,1338550
20221104,10:59:32,18155.15,150,1338550
20221104,10:59:37,18155.25,150,1338050
20221104,11:00:03,18153.55,100,1338050
20221104,11:00:04,18154.05,300,1338050
20221104,11:00:15,18154.45,50,1338050
20221104,11:00:19,18155.00,150,1338050
20221104,11:00:22,18154.20,50,1338050
20221104,11:00:27,18153.80,50,1338050
20221104,11:00:28,18154.50,50,1338050
20221104,11:00:41,18153.15,150,1338050
20221104,11:01:04,18156.65,50,1338050
20221104,11:01:12,18158.95,50,1338050
20221104,11:01:13,18160.35,100,1338050
20221104,11:01:19,18162.00,50,1338050
20221104,11:01:20,18162.00,100,1338050
20221104,11:01:57,18159.85,50,1338050
20221104,11:02:12,18162.00,100,1338050
20221104,11:02:13,18163.00,450,1338050
20221104,11:02:14,18162.65,50,1338050
20221104,11:02:25,18164.60,50,1338050
20221104,11:02:27,18161.90,100,1338050
20221104,11:02:37,18160.20,50,1338050
20221104,11:02:38,18160.35,50,1338050
20221104,11:02:43,18158.30,50,1338050
20221104,11:02:47,18155.75,50,1338050
20221104,11:02:50,18159.60,50,1338050
20221104,11:02:51,18160.05,50,1338050
20221104,11:03:02,18159.95,100,1338050
20221104,11:03:04,18160.35,50,1338050
20221104,11:03:05,18159.30,150,1338050
20221104,11:03:08,18162.10,100,1338050
20221104,11:03:11,18157.25,200,1338050
20221104,11:03:15,18160.30,50,1338050
20221104,11:03:20,18159.85,50,1338050
20221104,11:03:40,18155.00,50,1338050
20221104,11:03:46,18153.35,50,1338050
20221104,11:03:50,18153.30,50,1338050
20221104,11:03:52,18153.00,50,1338050
20221104,11:03:59,18154.75,50,1338050
20221104,11:04:00,18156.80,50,1338050
20221104,11:04:09,18153.00,250,1338050
20221104,11:04:10,18153.00,150,1338050
20221104,11:04:12,18153.00,500,1338050
20221104,11:04:13,18153.00,1150,1338050
20221104,11:04:17,18152.15,50,1338050
20221104,11:04:22,18150.25,50,1338050
20221104,11:04:26,18153.45,100,1338050
20221104,11:04:29,18153.00,250,1338050
20221104,11:04:30,18154.70,200,1338050
20221104,11:04:31,18153.95,100,1338050
20221104,11:04:41,18153.95,50,1338050
20221104,11:05:07,18154.00,50,1338050
20221104,11:05:10,18155.55,100,1338050
20221104,11:05:18,18154.90,150,1338050
20221104,11:05:23,18156.35,50,1338050
20221104,11:05:29,18156.90,50,1338050
20221104,11:05:30,18158.35,50,1338050
20221104,11:05:35,18157.75,150,1338050
20221104,11:05:39,18158.65,50,1337350
20221104,11:05:44,18158.65,300,1337350
20221104,11:06:10,18158.65,850,1337350
20221104,11:06:14,18157.60,150,1337350
20221104,11:06:20,18157.70,100,1337350
20221104,11:06:25,18158.45,50,1337350
20221104,11:06:31,18158.95,50,1337350
20221104,11:06:32,18159.85,50,1337350
20221104,11:06:33,18159.70,50,1337350
20221104,11:06:36,18159.90,100,1337350
20221104,11:06:38,18160.20,150,1337350
20221104,11:06:49,18159.70,50,1337350
20221104,11:06:51,18158.95,50,1337350
20221104,11:06:54,18158.95,50,1337350
20221104,11:07:01,18159.30,50,1337350
20221104,11:07:02,18159.35,50,1337350
20221104,11:07:24,18156.50,200,1337350
20221104,11:07:25,18156.50,500,1337350
20221104,11:07:34,18158.35,100,1337350
20221104,11:07:39,18160.00,50,1337350
20221104,11:07:40,18159.80,150,1337350
20221104,11:07:42,18160.90,250,1337350
20221104,11:07:44,18160.40,100,1337350
20221104,11:07:45,18160.90,150,1337350
20221104,11:07:46,18164.05,200,1337350
20221104,11:07:47,18162.70,100,1337350
20221104,11:07:49,18163.05,50,1337350
20221104,11:07:50,18163.30,400,1337350
20221104,11:07:51,18163.50,50,1337350
20221104,11:07:52,18162.80,50,1337350
20221104,11:07:55,18163.65,100,1337350
20221104,11:07:57,18163.95,150,1337350
20221104,11:07:59,18163.95,50,1337350
20221104,11:08:02,18164.00,50,1337350
20221104,11:08:03,18164.15,200,1337350
20221104,11:08:05,18165.30,350,1337350
20221104,11:08:06,18165.20,100,1337350
20221104,11:08:07,18167.10,50,1337350
20221104,11:08:08,18167.60,300,1337350
20221104,11:08:09,18170.00,200,1337350
20221104,11:08:10,18168.65,200,1337350
20221104,11:08:11,18170.90,150,1337350
20221104,11:08:12,18170.95,150,1337350
20221104,11:08:13,18170.15,200,1337350
20221104,11:08:14,18170.35,100,1337350
20221104,11:08:15,18171.70,100,1337350
20221104,11:08:16,18171.10,300,1337350
20221104,11:08:18,18172.45,50,1337350
20221104,11:08:19,18171.55,150,1337350
20221104,11:08:21,18171.65,50,1337350
20221104,11:08:22,18172.00,100,1337350
20221104,11:08:23,18171.85,250,1337350
20221104,11:08:24,18172.00,250,1337350
20221104,11:08:25,18172.00,50,1337350
20221104,11:08:27,18171.30,200,1337350
20221104,11:08:28,18170.20,50,1337350
20221104,11:08:30,18170.65,100,1337350
20221104,11:08:31,18169.90,50,1337350
20221104,11:08:36,18170.05,50,1340450
20221104,11:08:37,18170.05,250,1340450
20221104,11:08:38,18170.20,250,1340450
20221104,11:08:40,18170.20,50,1340450
20221104,11:08:41,18170.00,100,1340450
20221104,11:08:42,18170.30,150,1340450
20221104,11:08:44,18170.80,50,1340450
20221104,11:08:46,18170.00,150,1340450
20221104,11:08:47,18170.10,50,1340450
20221104,11:08:51,18170.05,100,1340450
20221104,11:08:52,18170.10,50,1340450
20221104,11:08:54,18169.90,50,1340450
20221104,11:08:56,18170.00,150,1340450
20221104,11:08:59,18170.25,150,1340450
20221104,11:09:02,18170.50,50,1340450
20221104,11:09:06,18172.00,50,1340450
20221104,11:09:08,18171.50,50,1340450
20221104,11:09:09,18171.50,100,1340450
20221104,11:09:13,18172.25,50,1340450
20221104,11:09:14,18173.45,100,1340450
20221104,11:09:15,18173.85,100,1340450
20221104,11:09:16,18173.90,50,1340450
20221104,11:09:17,18175.00,50,1340450
20221104,11:09:18,18174.10,250,1340450
20221104,11:09:19,18175.85,50,1340450
20221104,11:09:22,18175.00,200,1340450
20221104,11:09:23,18175.70,200,1340450
20221104,11:09:25,18174.30,200,1340450
20221104,11:09:27,18174.15,150,1340450
20221104,11:09:30,18174.70,150,1340450
20221104,11:09:34,18174.60,50,1340450
20221104,11:09:36,18173.00,50,1340450
20221104,11:09:37,18173.45,250,1340450
20221104,11:09:38,18175.00,50,1340450
20221104,11:09:39,18173.80,50,1340450
20221104,11:09:41,18173.60,100,1340450
20221104,11:09:44,18174.05,100,1340450
20221104,11:09:48,18174.15,100,1340450
20221104,11:09:52,18174.00,50,1340450
20221104,11:09:57,18172.40,50,1340450
20221104,11:10:09,18173.15,50,1340450
20221104,11:10:16,18171.10,300,1340450
20221104,11:10:16,18173.10,50,1340450
20221104,11:10:18,18171.25,250,1340450
20221104,11:10:20,18172.05,400,1340450
20221104,11:10:21,18172.00,250,1340450
20221104,11:10:22,18172.00,150,1340450
20221104,11:10:23,18172.00,250,1340450
20221104,11:10:24,18172.00,250,1340450
20221104,11:10:25,18173.00,50,1340450
20221104,11:10:29,18173.80,50,1340450
20221104,11:10:30,18174.00,50,1340450
20221104,11:10:34,18173.70,50,1340450
20221104,11:10:35,18173.70,50,1340450
20221104,11:10:37,18173.70,50,1340450
20221104,11:10:40,18173.90,50,1340450
20221104,11:10:42,18174.00,50,1340450
20221104,11:11:03,18171.20,50,1340450
20221104,11:11:12,18174.00,2050,1340450
20221104,11:11:25,18173.70,200,1340450
20221104,11:11:29,18171.80,50,1340450
20221104,11:11:32,18172.50,250,1340450
20221104,11:11:33,18171.20,50,1340450
20221104,11:11:38,18171.55,50,1340450
20221104,11:11:56,18171.95,150,1345950
20221104,11:11:57,18173.30,1100,1345950
20221104,11:11:58,18170.00,50,1345950
20221104,11:12:00,18169.30,150,1345950
20221104,11:12:17,18168.65,50,1345950
20221104,11:12:24,18170.85,150,1345950
20221104,11:12:25,18172.25,50,1345950
20221104,11:12:28,18170.85,50,1345950
20221104,11:12:33,18167.20,50,1345950
20221104,11:12:38,18167.35,50,1345950
20221104,11:12:40,18170.50,1800,1345950
20221104,11:12:52,18168.50,100,1345950
20221104,11:12:55,18171.95,700,1345950
20221104,11:13:07,18168.65,50,1345950
20221104,11:13:28,18173.15,650,1345950
20221104,11:13:37,18170.95,450,1345950
20221104,11:13:38,18170.95,50,1345950
20221104,11:13:42,18172.65,250,1345950
20221104,11:13:46,18171.70,350,1345950
20221104,11:13:49,18170.30,50,1345950
20221104,11:13:50,18173.05,100,1345950
20221104,11:14:10,18171.90,50,1345950
20221104,11:14:18,18171.95,100,1345950
20221104,11:14:20,18171.95,50,1345950
20221104,11:14:22,18172.25,50,1345950
20221104,11:14:26,18171.95,100,1345950
20221104,11:14:27,18171.10,100,1345950
20221104,11:14:36,18171.40,150,1350150
20221104,11:14:37,18172.30,50,1350150
20221104,11:14:44,18171.50,50,1350150
20221104,11:14:51,18174.00,250,1350150
20221104,11:14:59,18172.20,100,1350150
20221104,11:15:02,18174.00,200,1350150
20221104,11:15:03,18174.90,50,1350150
20221104,11:15:04,18175.00,50,1350150
20221104,11:15:06,18173.55,50,1350150
20221104,11:15:07,18173.55,100,1350150
20221104,11:15:09,18174.80,50,1350150
20221104,11:15:10,18175.10,300,1350150
20221104,11:15:15,18175.45,100,1350150
20221104,11:15:16,18175.70,50,1350150
20221104,11:15:37,18172.00,100,1350150
20221104,11:15:49,18170.00,50,1350150
20221104,11:16:03,18169.15,100,1350150
20221104,11:16:07,18170.05,50,1350150
20221104,11:16:14,18170.00,50,1350150
20221104,11:16:17,18171.50,100,1350150
20221104,11:16:18,18171.50,100,1350150
20221104,11:16:36,18171.40,50,1350150
20221104,11:16:57,18170.00,50,1350150
20221104,11:17:05,18170.00,50,1350150
20221104,11:17:09,18170.00,50,1350150
20221104,11:17:12,18172.00,200,1350150
20221104,11:17:55,18171.95,50,1350400
20221104,11:18:09,18173.95,100,1350400
20221104,11:18:11,18174.55,100,1350400
20221104,11:18:12,18178.95,400,1350400
20221104,11:18:13,18180.05,200,1350400
20221104,11:18:16,18179.15,50,1350400
20221104,11:18:17,18179.45,100,1350400
20221104,11:18:18,18179.50,50,1350400
20221104,11:18:20,18178.75,50,1350400
20221104,11:18:24,18180.00,200,1350400
20221104,11:18:31,18179.75,50,1350400
20221104,11:18:32,18179.85,100,1350400
20221104,11:18:48,18179.85,50,1350400
20221104,11:18:51,18180.65,150,1350400
20221104,11:18:52,18181.80,50,1350400
20221104,11:18:56,18180.75,100,1350400
20221104,11:18:57,18180.85,50,1350400
20221104,11:19:00,18180.90,50,1350400
20221104,11:19:00,18181.00,50,1350400
20221104,11:19:02,18181.15,100,1350400
20221104,11:19:15,18181.25,50,1350400
20221104,11:19:21,18181.35,50,1350400
20221104,11:19:24,18181.45,100,1350400
20221104,11:19:28,18184.15,250,1350400
20221104,11:19:29,18184.70,50,1350400
20221104,11:19:31,18181.80,50,1350400
20221104,11:19:32,18181.95,50,1350400
20221104,11:19:33,18181.90,50,1350400
20221104,11:19:34,18184.55,50,1350400
20221104,11:19:35,18182.00,50,1350400
20221104,11:19:37,18182.10,50,1350400
20221104,11:19:38,18182.45,350,1350400
20221104,11:19:40,18182.50,50,1350400
20221104,11:19:40,18184.25,50,1350400
20221104,11:19:43,18183.05,400,1350400
20221104,11:19:44,18182.00,100,1350400
20221104,11:19:55,18181.00,50,1350400
20221104,11:20:03,18181.45,50,1350400
20221104,11:20:04,18183.25,50,1350400
20221104,11:20:09,18182.90,50,1350400
20221104,11:20:10,18183.15,100,1350400
20221104,11:20:22,18182.95,50,1350400
20221104,11:20:30,18182.30,300,1350400
20221104,11:20:35,18182.00,100,1350400
20221104,11:20:37,18181.00,50,1350850
20221104,11:20:39,18182.35,50,1350850
20221104,11:20:41,18182.55,100,1350850
20221104,11:20:47,18181.00,50,1350850
20221104,11:20:51,18183.40,50,1350850
20221104,11:20:53,18180.00,50,1350850
20221104,11:21:10,18180.00,50,1350850
20221104,11:21:12,18179.80,50,1350850
20221104,11:21:15,18179.90,50,1350850
20221104,11:21:16,18179.85,100,1350850
20221104,11:21:21,18178.40,50,1350850
20221104,11:21:23,18178.75,150,1350850
20221104,11:21:27,18180.70,50,1350850
20221104,11:21:28,18180.25,50,1350850
20221104,11:21:46,18180.25,50,1350850
20221104,11:21:51,18180.25,50,1350850
20221104,11:21:58,18179.00,100,1350850
20221104,11:22:14,18178.20,50,1350850
20221104,11:22:15,18178.20,50,1350850
20221104,11:22:17,18180.50,50,1350850
20221104,11:22:21,18178.50,100,1350850
20221104,11:22:23,18179.00,300,1350850
20221104,11:22:25,18180.50,50,1350850
20221104,11:22:37,18177.70,50,1350850
20221104,11:22:47,18180.00,50,1350850
20221104,11:23:08,18181.00,100,1350850
20221104,11:23:09,18182.85,50,1350850
20221104,11:23:10,18179.05,50,1350850
20221104,11:23:24,18178.70,250,1350850
20221104,11:23:34,18178.00,50,1350850
20221104,11:23:55,18180.00,100,1351700
20221104,11:23:57,18180.00,100,1351700
20221104,11:24:05,18177.80,50,1351700
20221104,11:24:15,18178.40,200,1351700
20221104,11:24:17,18180.95,50,1351700
20221104,11:24:42,18182.00,50,1351700
20221104,11:24:48,18182.75,50,1351700
20221104,11:24:51,18183.00,50,1351700
20221104,11:24:52,18184.95,250,1351700
20221104,11:24:54,18185.00,200,1351700
20221104,11:24:55,18185.00,300,1351700
20221104,11:24:56,18185.00,100,1351700
20221104,11:24:58,18185.00,350,1351700
20221104,11:24:59,18185.00,100,1351700
20221104,11:25:01,18186.75,100,1351700
20221104,11:25:03,18188.00,450,1351700
20221104,11:25:04,18189.05,200,1351700
20221104,11:25:07,18189.50,150,1351700
20221104,11:25:08,18188.60,50,1351700
20221104,11:25:10,18188.90,50,1351700
20221104,11:25:11,18189.00,50,1351700
20221104,11:25:12,18190.00,700,1351700
20221104,11:25:13,18188.25,100,1351700
20221104,11:25:17,18190.35,200,1351700
20221104,11:25:23,18188.65,50,1351700
20221104,11:25:32,18187.10,50,1351700
20221104,11:25:38,18185.15,100,1351700
20221104,11:25:56,18184.20,150,1351700
20221104,11:25:57,18184.20,150,1351700
20221104,11:25:59,18184.20,250,1351700
20221104,11:26:04,18184.20,150,1351700
20221104,11:26:05,18184.20,150,1351700
20221104,11:26:06,18184.20,50,1351700
20221104,11:26:07,18184.20,350,1351700
20221104,11:26:09,18184.20,50,1351700
20221104,11:26:11,18184.20,50,1351700
20221104,11:26:12,18184.20,50,1351700
20221104,11:26:14,18184.20,150,1351700
20221104,11:26:16,18184.20,50,1351700
20221104,11:26:19,18184.20,50,1351700
20221104,11:26:24,18184.20,50,1351700
20221104,11:26:25,18185.00,150,1351700
20221104,11:26:28,18186.00,50,1351700
20221104,11:26:29,18184.85,50,1351700
20221104,11:26:32,18185.00,50,1351700
20221104,11:26:39,18186.75,50,1354850
20221104,11:26:50,18185.00,50,1354850
20221104,11:26:51,18186.20,50,1354850
20221104,11:26:52,18185.95,50,1354850
20221104,11:27:13,18184.70,50,1354850
20221104,11:27:18,18184.85,250,1354850
20221104,11:27:27,18187.45,250,1354850
20221104,11:27:29,18186.55,150,1354850
20221104,11:27:30,18186.70,100,1354850
20221104,11:27:32,18184.80,50,1354850
20221104,11:27:58,18185.50,100,1354850
20221104,11:28:00,18184.85,50,1354850
20221104,11:28:07,18185.50,50,1354850
20221104,11:28:08,18185.00,50,1354850
20221104,11:28:18,18185.00,200,1354850
20221104,11:28:21,18185.00,150,1354850
20221104,11:28:35,18185.20,450,1354850
20221104,11:28:36,18185.20,1400,1354850
20221104,11:28:37,18185.20,500,1354850
20221104,11:28:38,18185.20,1550,1354850
20221104,11:28:42,18185.20,50,1354850
20221104,11:28:44,18185.20,500,1354850
20221104,11:28:46,18185.20,200,1354850
20221104,11:28:47,18185.20,600,1354850
20221104,11:28:48,18185.20,100,1354850
20221104,11:28:49,18185.20,800,1354850
20221104,11:28:50,18185.20,400,1354850
20221104,11:28:53,18185.20,3250,1354850
20221104,11:28:54,18185.20,50,1354850
20221104,11:28:56,18185.20,50,1354850
20221104,11:28:59,18185.20,50,1354850
20221104,11:29:04,18185.20,150,1354850
20221104,11:29:11,18185.20,200,1354850
20221104,11:29:16,18185.20,350,1354850
20221104,11:29:19,18180.35,650,1354850
20221104,11:29:24,18179.75,450,1354850
20221104,11:29:34,18180.85,100,1354850
20221104,11:29:35,18180.05,50,1354850
20221104,11:29:46,18180.00,50,1365050
20221104,11:29:47,18179.75,100,1365050
20221104,11:29:49,18178.90,50,1365050
20221104,11:30:02,18180.00,350,1365050
20221104,11:30:19,18177.00,50,1365050
20221104,11:30:36,18178.60,50,1365050
20221104,11:30:40,18180.00,150,1365050
20221104,11:30:41,18178.65,50,1365050
20221104,11:31:02,18175.20,50,1365050
20221104,11:31:11,18176.35,50,1365050
20221104,11:31:13,18175.70,150,1365050
20221104,11:31:22,18178.00,50,1365050
20221104,11:31:27,18177.60,200,1365050
20221104,11:31:30,18177.50,150,1365050
20221104,11:31:44,18178.05,200,1365050
20221104,11:31:45,18176.75,50,1365050
20221104,11:31:47,18178.15,50,1365050
20221104,11:32:01,18173.90,1850,1365050
20221104,11:32:04,18176.10,100,1365050
20221104,11:32:06,18175.20,150,1365050
20221104,11:32:07,18174.60,700,1365050
20221104,11:32:09,18174.95,100,1365050
20221104,11:32:15,18177.00,150,1365050
20221104,11:32:25,18174.40,1100,1365050
20221104,11:32:36,18174.95,650,1365050
20221104,11:32:42,18175.30,50,1361900
20221104,11:32:47,18175.00,150,1361900
20221104,11:32:50,18171.80,500,1361900
20221104,11:32:52,18171.00,1800,1361900
20221104,11:32:53,18173.20,50,1361900
20221104,11:32:57,18173.55,50,1361900
20221104,11:33:03,18175.60,50,1361900
20221104,11:33:12,18176.25,150,1361900
20221104,11:33:13,18177.95,50,1361900
20221104,11:33:14,18174.80,200,1361900
20221104,11:33:40,18175.15,100,1361900
20221104,11:33:41,18176.80,300,1361900
20221104,11:34:02,18175.90,50,1361900
20221104,11:34:03,18176.05,100,1361900
20221104,11:34:04,18177.95,50,1361900
20221104,11:34:07,18176.15,150,1361900
20221104,11:34:08,18177.85,50,1361900
20221104,11:34:10,18177.60,200,1361900
20221104,11:34:41,18176.95,50,1361900
20221104,11:34:58,18175.30,50,1361900
20221104,11:35:05,18177.00,50,1361900
20221104,11:35:06,18177.60,50,1361900
20221104,11:35:12,18177.75,50,1361900
20221104,11:35:13,18178.00,50,1361900
20221104,11:35:14,18178.00,450,1361900
20221104,11:35:16,18178.00,500,1361900
20221104,11:35:16,18178.00,400,1361900
20221104,11:35:23,18178.95,50,1361900
20221104,11:35:37,18179.00,200,1361900
20221104,11:35:38,18180.60,300,1361900
20221104,11:35:59,18182.00,50,1360950
20221104,11:36:33,18182.15,50,1360950
20221104,11:36:47,18182.00,50,1360950
20221104,11:36:55,18182.00,50,1360950
20221104,11:37:01,18182.00,100,1360950
20221104,11:37:11,18180.85,150,1360950
20221104,11:37:22,18180.45,50,1360950
20221104,11:37:34,18180.75,50,1360950
20221104,11:37:49,18181.75,50,1360950
20221104,11:37:56,18181.75,100,1360950
20221104,11:38:01,18183.55,50,1360950
20221104,11:38:21,18183.60,50,1360950
20221104,11:38:51,18181.65,50,1360950
20221104,11:39:03,18181.65,50,1361050
20221104,11:39:08,18180.00,50,1361050
20221104,11:39:15,18176.25,50,1361050
20221104,11:39:28,18175.00,50,1361050
20221104,11:39:38,18174.85,50,1361050
20221104,11:39:46,18174.75,50,1361050
20221104,11:39:47,18176.25,50,1361050
20221104,11:40:06,18176.00,50,1361050
20221104,11:40:09,18177.15,50,1361050
20221104,11:41:23,18176.20,50,1361050
20221104,11:42:15,18174.00,50,1361100
20221104,11:42:23,18175.00,50,1361100
20221104,11:42:43,18173.00,50,1361100
20221104,11:43:54,18173.75,50,1361100
20221104,11:44:17,18174.80,100,1361100
20221104,11:45:03,18177.45,50,1361150
20221104,11:45:30,18178.00,50,1361150
20221104,11:45:42,18180.00,100,1361150
20221104,11:45:45,18180.00,50,1361150
20221104,11:45:52,18181.00,50,1361150
20221104,11:45:57,18182.75,100,1361150
20221104,11:46:25,18179.75,100,1361150
20221104,11:46:47,18182.45,100,1361150
20221104,11:46:51,18180.55,50,1361150
20221104,11:47:03,18181.00,50,1361150
20221104,11:47:58,18177.95,150,1361200
20221104,11:48:12,18175.00,50,1361200
20221104,11:48:28,18175.00,100,1361200
20221104,11:48:45,18174.35,50,1361200
20221104,11:48:55,18174.10,100,1361200
20221104,11:49:23,18175.55,100,1361200
20221104,11:49:31,18176.05,50,1361200
20221104,11:49:32,18176.05,50,1361200
20221104,11:49:36,18175.65,50,1361200
20221104,11:50:03,18176.85,250,1361200
20221104,11:50:07,18178.90,150,1361200
20221104,11:50:08,18180.45,50,1361200
20221104,11:50:12,18180.95,100,1361200
20221104,11:50:13,18181.65,50,1361200
20221104,11:51:39,18176.85,100,1361100
20221104,11:51:51,18181.00,50,1361100
20221104,11:51:55,18182.50,50,1361100
20221104,11:53:15,18180.00,50,1361100
20221104,11:53:23,18180.00,50,1361100
20221104,11:53:42,18175.70,50,1361100
20221104,11:55:04,18181.00,250,1361300
20221104,11:55:05,18181.10,50,1361300
20221104,11:55:06,18182.00,50,1361300
20221104,11:55:28,18182.75,250,1361300
20221104,11:55:38,18182.15,100,1361300
20221104,11:55:53,18185.00,200,1361300
20221104,11:55:57,18185.05,50,1361300
20221104,11:56:03,18185.15,50,1361300
20221104,11:56:10,18185.35,50,1361300
20221104,11:56:36,18182.95,50,1361300
20221104,11:56:38,18182.90,50,1361300
20221104,11:57:19,18181.55,50,1361450
20221104,11:58:05,18182.75,100,1361450
20221104,11:58:43,18182.20,50,1361450
20221104,11:59:30,18180.00,100,1361450
20221104,12:00:35,18175.00,50,1361450
20221104,12:01:10,18173.45,50,1361450
20221104,12:01:15,18173.10,50,1361450
20221104,12:01:29,18173.00,50,1361450
20221104,12:01:55,18170.40,100,1361450
20221104,12:01:59,18171.00,50,1361450
20221104,12:02:19,18175.45,50,1361450
20221104,12:02:42,18173.50,50,1361450
20221104,12:03:20,18173.50,50,1361550
20221104,12:03:45,18179.85,300,1361550
20221104,12:03:51,18184.00,100,1361550
20221104,12:03:59,18185.50,600,1361550
20221104,12:04:01,18187.00,250,1361550
20221104,12:04:20,18183.30,50,1361550
20221104,12:04:26,18183.20,50,1361550
20221104,12:04:33,18183.70,100,1361550
20221104,12:04:55,18182.65,50,1361550
20221104,12:05:02,18184.55,50,1361550
20221104,12:05:13,18184.00,50,1361550
20221104,12:05:15,18184.70,50,1361550
20221104,12:05:43,18184.40,150,1361550
20221104,12:05:46,18184.70,200,1362200
20221104,12:05:49,18184.55,50,1362200
20221104,12:06:03,18186.35,50,1362200
20221104,12:06:05,18187.00,50,1362200
20221104,12:06:06,18189.55,400,1362200
20221104,12:06:08,18189.65,50,1362200
20221104,12:06:09,18189.75,50,1362200
20221104,12:06:27,18190.00,50,1362200
20221104,12:06:37,18190.00,50,1362200
20221104,12:06:44,18190.00,50,1362200
20221104,12:06:53,18190.00,50,1362200
20221104,12:07:04,18190.00,150,1362200
20221104,12:07:09,18187.55,50,1362200
20221104,12:07:17,18190.80,50,1362200
20221104,12:07:34,18190.05,50,1362200
20221104,12:07:51,18187.55,50,1362200
20221104,12:07:54,18190.00,50,1362200
20221104,12:07:58,18190.05,200,1362200
20221104,12:08:03,18186.25,50,1362200
20221104,12:08:13,18188.00,50,1362200
20221104,12:08:14,18189.95,50,1362200
20221104,12:08:31,18188.00,150,1362200
20221104,12:09:01,18186.70,100,1362650
20221104,12:09:04,18188.00,500,1362650
20221104,12:09:17,18190.00,50,1362650
20221104,12:09:18,18192.00,550,1362650
20221104,12:09:21,18195.00,50,1362650
20221104,12:09:25,18195.00,100,1362650
20221104,12:09:27,18195.00,200,1362650
20221104,12:09:28,18195.00,400,1362650
20221104,12:09:34,18197.65,200,1362650
20221104,12:10:03,18194.75,100,1362650
20221104,12:10:04,18195.55,50,1362650
20221104,12:10:18,18195.00,250,1362650
20221104,12:10:48,18194.00,50,1362650
20221104,12:10:51,18194.95,50,1362650
20221104,12:11:05,18194.00,50,1362650
20221104,12:11:06,18193.45,50,1362650
20221104,12:11:10,18194.30,100,1362650
20221104,12:11:12,18194.20,100,1362650
20221104,12:11:14,18195.65,300,1362650
20221104,12:11:16,18196.10,50,1362650
20221104,12:11:32,18192.10,1000,1362650
20221104,12:11:37,18195.65,650,1362650
20221104,12:11:44,18192.00,250,1362650
20221104,12:12:02,18192.90,1800,1364750
20221104,12:12:06,18191.70,50,1364750
20221104,12:12:07,18192.00,50,1364750
20221104,12:12:10,18194.30,700,1364750
20221104,12:12:30,18194.00,1800,1364750
20221104,12:12:38,18192.05,200,1364750
20221104,12:12:59,18196.10,1100,1364750
20221104,12:13:05,18193.50,50,1364750
20221104,12:13:25,18190.75,50,1364750
20221104,12:13:26,18190.70,150,1364750
20221104,12:13:47,18193.60,50,1364750
20221104,12:13:50,18191.25,50,1364750
20221104,12:14:38,18190.45,50,1364750
20221104,12:14:54,18190.00,50,1369800
20221104,12:15:35,18191.00,50,1369800
20221104,12:15:41,18195.10,100,1369800
20221104,12:16:01,18193.70,50,1369800
20221104,12:16:16,18194.90,50,1369800
20221104,12:16:18,18193.00,50,1369800
20221104,12:16:33,18193.50,100,1369800
20221104,12:16:36,18193.00,100,1369800
20221104,12:16:38,18193.50,50,1369800
20221104,12:16:42,18193.90,50,1369800
20221104,12:17:02,18193.00,50,1369800
20221104,12:17:16,18192.00,50,1369800
20221104,12:17:17,18190.10,100,1369800
20221104,12:17:25,18193.45,50,1369800
20221104,12:17:56,18192.00,50,1369800
20221104,12:18:03,18191.90,50,1369650
20221104,12:18:11,18190.00,100,1369650
20221104,12:18:13,18190.00,50,1369650
20221104,12:18:21,18189.35,50,1369650
20221104,12:18:25,18186.60,50,1369650
20221104,12:18:26,18188.80,50,1369650
20221104,12:18:33,18187.20,100,1369650
20221104,12:19:01,18188.00,50,1369650
20221104,12:19:02,18187.65,50,1369650
20221104,12:19:10,18190.00,50,1369650
20221104,12:19:13,18188.00,50,1369650
20221104,12:19:38,18188.00,50,1369650
20221104,12:19:39,18188.00,50,1369650
20221104,12:19:43,18188.00,50,1369650
20221104,12:19:44,18188.00,150,1369650
20221104,12:19:46,18188.00,200,1369650
20221104,12:19:56,18185.00,50,1369650
20221104,12:19:59,18186.95,50,1369650
20221104,12:20:00,18186.95,50,1369650
20221104,12:20:32,18188.90,50,1369650
20221104,12:20:47,18184.80,50,1369650
20221104,12:20:55,18181.35,50,1369650
20221104,12:20:58,18184.30,50,1370050
20221104,12:21:01,18181.75,50,1370050
20221104,12:21:06,18181.75,100,1370050
20221104,12:21:10,18181.20,100,1370050
20221104,12:21:22,18182.10,50,1370050
20221104,12:21:24,18185.00,50,1370050
20221104,12:21:28,18186.25,50,1370050
20221104,12:21:37,18186.25,100,1370050
20221104,12:21:43,18186.85,50,1370050
20221104,12:21:48,18184.05,50,1370050
20221104,12:22:15,18190.00,50,1370050
20221104,12:22:26,18188.85,50,1370050
20221104,12:22:29,18189.25,50,1370050
20221104,12:22:36,18187.00,1000,1370050
20221104,12:22:48,18189.25,50,1370050
20221104,12:22:52,18190.00,100,1370050
20221104,12:23:08,18189.30,50,1370050
20221104,12:23:11,18191.25,50,1370050
20221104,12:23:18,18191.30,50,1370050
20221104,12:23:21,18191.30,350,1370050
20221104,12:23:22,18191.30,50,1370050
20221104,12:23:23,18190.15,50,1370050
20221104,12:23:25,18191.30,50,1370050
20221104,12:23:34,18191.30,50,1370050
20221104,12:23:40,18192.00,100,1370050
20221104,12:23:44,18191.85,50,1370050
20221104,12:23:54,18195.00,50,1370850
20221104,12:24:03,18194.05,50,1370850
20221104,12:24:12,18195.00,50,1370850
20221104,12:24:13,18195.00,250,1370850
20221104,12:24:14,18196.75,50,1370850
20221104,12:24:33,18196.00,50,1370850
20221104,12:24:36,18200.00,600,1370850
20221104,12:24:37,18202.15,1200,1370850
20221104,12:24:40,18201.50,50,1370850
20221104,12:24:45,18206.95,300,1370850
20221104,12:24:46,18207.00,50,1370850
20221104,12:24:53,18206.85,50,1370850
20221104,12:25:05,18204.25,300,1370850
20221104,12:25:27,18205.20,50,1370850
20221104,12:25:30,18204.25,50,1370850
20221104,12:25:31,18201.75,50,1370850
20221104,12:25:34,18204.25,50,1370850
20221104,12:25:36,18202.05,150,1370850
20221104,12:25:43,18205.15,50,1370850
20221104,12:25:51,18205.40,100,1370850
20221104,12:25:53,18206.05,100,1370850
20221104,12:26:00,18205.40,50,1370850
20221104,12:26:04,18205.40,50,1370850
20221104,12:26:08,18207.00,100,1370850
20221104,12:26:09,18209.70,200,1370850
20221104,12:26:10,18210.00,500,1370850
20221104,12:26:11,18211.55,400,1370850
20221104,12:26:12,18211.85,50,1370850
20221104,12:26:13,18212.00,150,1370850
20221104,12:26:14,18210.75,200,1370850
20221104,12:26:22,18212.70,150,1370850
20221104,12:26:25,18212.75,50,1370850
20221104,12:26:26,18209.90,100,1370850
20221104,12:26:30,18212.60,50,1370850
20221104,12:26:34,18210.20,50,1370850
20221104,12:26:40,18212.00,50,1370850
20221104,12:26:54,18212.00,150,1370900
20221104,12:26:56,18210.95,50,1370900
20221104,12:26:57,18212.00,50,1370900
20221104,12:27:01,18212.00,50,1370900
20221104,12:27:22,18209.65,50,1370900
20221104,12:27:24,18208.45,50,1370900
20221104,12:27:26,18208.45,50,1370900
20221104,12:27:27,18209.60,50,1370900
20221104,12:27:31,18207.85,50,1370900
20221104,12:27:35,18208.40,50,1370900
20221104,12:27:37,18208.35,50,1370900
20221104,12:27:39,18208.35,900,1370900
20221104,12:27:40,18206.30,50,1370900
20221104,12:27:42,18208.35,50,1370900
20221104,12:27:43,18208.35,500,1370900
20221104,12:27:46,18208.35,500,1370900
20221104,12:27:49,18209.70,50,1370900
20221104,12:27:53,18209.35,50,1370900
20221104,12:27:55,18208.15,50,1370900
20221104,12:27:57,18208.10,50,1370900
20221104,12:28:04,18205.00,50,1370900
20221104,12:28:10,18207.10,50,1370900
20221104,12:28:15,18208.20,50,1370900
20221104,12:28:21,18208.45,50,1370900
20221104,12:28:30,18208.20,50,1370900
20221104,12:28:44,18208.20,700,1370900
20221104,12:29:01,18204.70,250,1370900
20221104,12:29:05,18207.65,50,1370900
20221104,12:29:16,18205.35,150,1370900
20221104,12:29:22,18205.20,50,1370900
20221104,12:29:28,18205.00,100,1370900
20221104,12:29:31,18204.90,50,1370900
20221104,12:30:00,18203.10,50,1374200
20221104,12:30:01,18203.10,50,1374200
20221104,12:30:02,18207.00,100,1374200
20221104,12:30:04,18209.90,200,1374200
20221104,12:30:05,18208.30,100,1374200
20221104,12:31:08,18203.85,50,1374200
20221104,12:31:36,18202.00,50,1374200
20221104,12:31:44,18200.45,50,1374200
20221104,12:31:48,18200.00,100,1374200
20221104,12:32:10,18202.00,50,1374200
20221104,12:32:24,18202.00,50,1374200
20221104,12:32:27,18202.05,50,1374200
20221104,12:32:29,18204.60,100,1374200
20221104,12:32:30,18205.70,200,1374200
20221104,12:32:32,18203.85,50,1374200
20221104,12:32:33,18203.90,50,1374200
20221104,12:32:47,18208.00,50,1374200
20221104,12:32:54,18210.00,50,1374750
20221104,12:33:02,18210.00,50,1374750
20221104,12:33:07,18207.70,50,1374750
20221104,12:33:11,18210.90,50,1374750
20221104,12:33:19,18210.20,50,1374750
20221104,12:33:23,18210.55,100,1374750
20221104,12:33:24,18206.60,50,1374750
20221104,12:33:31,18207.95,200,1374750
20221104,12:33:43,18205.65,50,1374750
20221104,12:33:55,18208.50,550,1374750
20221104,12:34:37,18209.15,100,1374750
20221104,12:34:38,18210.95,200,1374750
20221104,12:34:47,18211.30,50,1374750
20221104,12:34:51,18208.75,50,1374750
20221104,12:34:52,18208.70,50,1374750
20221104,12:34:55,18208.65,50,1374750
20221104,12:34:58,18211.25,50,1374750
20221104,12:35:24,18211.25,50,1374750
20221104,12:35:26,18208.35,50,1374750
20221104,12:35:35,18211.20,350,1374750
20221104,12:35:40,18208.65,50,1374750
20221104,12:36:05,18209.95,50,1375550
20221104,12:36:07,18210.00,50,1375550
20221104,12:36:08,18212.00,250,1375550
20221104,12:36:11,18210.75,50,1375550
20221104,12:36:35,18209.60,50,1375550
20221104,12:36:36,18209.60,350,1375550
20221104,12:36:38,18210.00,50,1375550
20221104,12:36:45,18210.00,50,1375550
20221104,12:36:50,18210.50,50,1375550
20221104,12:36:58,18210.00,50,1375550
20221104,12:37:13,18209.00,50,1375550
20221104,12:37:16,18208.25,50,1375550
20221104,12:37:27,18208.25,50,1375550
20221104,12:37:28,18209.00,150,1375550
20221104,12:37:30,18210.00,50,1375550
20221104,12:37:45,18208.25,750,1375550
20221104,12:37:53,18208.25,400,1375550
20221104,12:37:55,18205.00,50,1375550
20221104,12:37:58,18204.60,50,1375550
20221104,12:38:04,18208.20,50,1375550
20221104,12:38:11,18206.20,50,1375550
20221104,12:38:20,18204.00,50,1375550
20221104,12:38:21,18203.30,100,1375550
20221104,12:38:35,18204.85,50,1375550
20221104,12:39:13,18208.15,50,1377550
20221104,12:39:24,18203.80,300,1377550
20221104,12:39:28,18206.80,50,1377550
20221104,12:39:35,18204.40,50,1377550
20221104,12:39:39,18207.15,50,1377550
20221104,12:40:10,18206.10,50,1377550
20221104,12:40:11,18206.40,50,1377550
20221104,12:40:18,18206.80,50,1377550
20221104,12:40:24,18203.05,50,1377550
20221104,12:40:30,18201.80,50,1377550
20221104,12:40:34,18201.80,100,1377550
20221104,12:40:35,18201.90,50,1377550
20221104,12:40:37,18202.00,50,1377550
20221104,12:40:53,18200.00,100,1377550
20221104,12:41:13,18200.00,1100,1377550
20221104,12:41:19,18200.00,50,1377550
20221104,12:41:20,18200.00,1000,1377550
20221104,12:41:23,18200.00,1000,1377550
20221104,12:41:24,18200.00,1050,1377550
20221104,12:41:26,18200.00,1000,1377550
20221104,12:41:28,18197.05,400,1377550
20221104,12:41:30,18196.25,100,1377550
20221104,12:41:36,18200.35,50,1377550
20221104,12:41:45,18196.35,100,1377550
20221104,12:42:32,18197.00,50,1382900
20221104,12:42:55,18198.00,50,1382900
20221104,12:42:59,18198.20,100,1382900
20221104,12:43:06,18196.00,50,1382900
20221104,12:43:21,18195.00,50,1382900
20221104,12:43:22,18190.95,50,1382900
20221104,12:43:23,18190.90,1050,1382900
20221104,12:43:26,18192.10,150,1382900
20221104,12:43:34,18192.95,50,1382900
20221104,12:43:42,18191.05,50,1382900
20221104,12:43:47,18192.05,550,1382900
20221104,12:43:58,18195.00,50,1382900
20221104,12:44:02,18195.00,50,1382900
20221104,12:44:13,18195.35,50,1382900
20221104,12:44:15,18194.55,50,1382900
20221104,12:44:26,18194.55,500,1382900
20221104,12:44:50,18194.55,250,1382900
20221104,12:44:55,18191.75,50,1385250
20221104,12:45:05,18193.50,50,1385250
20221104,12:45:15,18194.55,50,1385250
20221104,12:45:46,18192.20,50,1385250
20221104,12:45:54,18190.10,50,1385250
20221104,12:46:00,18190.00,50,1385250
20221104,12:46:02,18188.70,300,1385250
20221104,12:46:24,18185.35,50,1385250
20221104,12:46:31,18184.90,50,1385250
20221104,12:46:45,18187.40,50,1385250
20221104,12:46:49,18187.60,50,1385250
20221104,12:46:50,18188.00,50,1385250
20221104,12:47:02,18188.00,50,1385250
20221104,12:47:35,18190.40,50,1385250
20221104,12:48:20,18190.00,100,1385250
20221104,12:48:30,18191.00,100,1385300
20221104,12:48:36,18191.95,50,1385300
20221104,12:48:59,18189.70,250,1385300
20221104,12:49:26,18189.00,50,1385300
20221104,12:49:28,18189.55,100,1385300
20221104,12:49:55,18191.40,50,1385300
20221104,12:50:14,18188.35,50,1385300
20221104,12:50:36,18189.65,50,1385300
20221104,12:51:24,18189.05,50,1385300
20221104,12:52:03,18189.85,50,1385300
20221104,12:52:42,18194.00,50,1385300
20221104,12:53:06,18193.35,50,1385300
20221104,12:53:38,18196.05,50,1385300
20221104,12:53:39,18196.00,50,1385300
20221104,12:54:00,18192.85,50,1385400
20221104,12:54:12,18192.75,50,1385400
20221104,12:54:24,18192.75,500,1385400
20221104,12:54:44,18188.00,50,1385400
20221104,12:55:22,18190.45,350,1385400
20221104,12:55:30,18188.00,50,1385400
20221104,12:55:32,18188.30,50,1385400
20221104,12:55:35,18187.40,100,1385400
20221104,12:55:42,18187.40,50,1385400
20221104,12:55:51,18187.40,250,1385400
20221104,12:55:59,18186.00,50,1385400
20221104,12:56:04,18186.00,50,1385400
20221104,12:56:24,18185.00,50,1385400
20221104,12:56:26,18183.65,50,1385400
20221104,12:56:31,18181.80,550,1385400
20221104,12:56:32,18181.80,150,1385400
20221104,12:56:34,18181.80,50,1385400
20221104,12:56:42,18180.00,300,1385400
20221104,12:57:00,18183.75,50,1386250
20221104,12:57:31,18186.00,50,1386250
20221104,12:57:59,18189.95,400,1386250
20221104,12:58:25,18189.95,50,1386250
20221104,12:58:29,18187.40,50,1386250
20221104,12:58:38,18188.00,50,1386250
20221104,12:58:52,18186.10,50,1386250
20221104,12:59:10,18190.10,100,1386250
20221104,12:59:13,18189.40,50,1386250
20221104,12:59:19,18191.10,50,1386250
20221104,12:59:42,18191.10,100,1386250
20221104,12:59:45,18194.25,50,1386250
20221104,13:00:01,18191.10,50,1386350
20221104,13:00:27,18190.00,100,1386350
20221104,13:00:32,18189.95,250,1386350
20221104,13:01:27,18193.60,50,1386350
20221104,13:01:50,18193.35,50,1386350
20221104,13:02:21,18193.30,50,1386350
20221104,13:02:26,18191.20,50,1386350
20221104,13:02:39,18191.30,50,1386350
20221104,13:02:57,18194.00,50,1386700
20221104,13:03:00,18193.60,50,1386700
20221104,13:03:23,18191.00,50,1386700
20221104,13:04:08,18190.30,50,1386700
20221104,13:04:36,18196.00,50,1386700
20221104,13:04:38,18196.00,50,1386700
20221104,13:04:43,18197.20,250,1386700
20221104,13:04:45,18198.85,50,1386700
20221104,13:04:46,18199.00,50,1386700
20221104,13:04:51,18201.40,50,1386700
20221104,13:05:56,18204.35,50,1386700
20221104,13:06:21,18202.00,50,1386900
20221104,13:06:48,18202.00,50,1386900
20221104,13:06:59,18201.80,50,1386900
20221104,13:07:05,18200.30,50,1386900
20221104,13:07:10,18200.30,500,1386900
20221104,13:07:43,18201.20,50,1386900
20221104,13:07:52,18200.00,50,1386900
20221104,13:07:55,18196.25,50,1386900
20221104,13:08:07,18198.60,50,1386900
20221104,13:08:14,18194.90,50,1386900
20221104,13:08:15,18191.05,350,1386900
20221104,13:08:22,18190.55,50,1386900
20221104,13:08:24,18194.45,50,1386900
20221104,13:09:10,18192.30,50,1387900
20221104,13:09:19,18194.95,50,1387900
20221104,13:09:37,18193.75,50,1387900
20221104,13:09:40,18192.35,50,1387900
20221104,13:10:09,18191.00,50,1387900
20221104,13:10:20,18191.00,550,1387900
20221104,13:10:22,18190.55,50,1387900
20221104,13:10:30,18191.90,50,1387900
20221104,13:10:45,18195.00,50,1387900
20221104,13:11:17,18195.05,100,1387900
20221104,13:12:03,18195.05,50,1388450
20221104,13:12:04,18195.05,50,1388450
20221104,13:12:35,18195.00,100,1388450
20221104,13:12:36,18195.30,100,1388450
20221104,13:12:46,18192.10,50,1388450
20221104,13:12:47,18195.15,200,1388450
20221104,13:12:55,18194.75,150,1388450
20221104,13:13:24,18194.75,50,1388450
20221104,13:14:24,18195.85,50,1388450
20221104,13:14:51,18198.35,50,1388450
20221104,13:15:00,18200.00,200,1388450
20221104,13:15:01,18201.80,100,1388450
20221104,13:15:06,18202.00,50,1388450
20221104,13:16:17,18201.85,50,1388450
20221104,13:16:26,18202.00,100,1388450
20221104,13:16:27,18204.95,50,1388450
20221104,13:16:40,18202.10,100,1388450
20221104,13:16:41,18205.00,50,1388450
20221104,13:16:44,18205.20,50,1388450
20221104,13:16:48,18201.95,50,1388450
20221104,13:17:27,18201.05,50,1388450
20221104,13:18:06,18198.15,100,1388700
20221104,13:18:10,18198.35,50,1388700
20221104,13:18:15,18198.10,50,1388700
20221104,13:18:18,18199.60,50,1388700
20221104,13:18:23,18196.05,100,1388700
20221104,13:18:24,18196.00,100,1388700
20221104,13:18:25,18195.00,50,1388700
20221104,13:18:26,18195.25,50,1388700
20221104,13:18:32,18194.45,50,1388700
20221104,13:18:41,18194.45,50,1388700
20221104,13:18:56,18195.50,50,1388700
20221104,13:19:02,18195.50,250,1388700
20221104,13:19:09,18196.80,50,1388700
20221104,13:21:04,18195.20,50,1389200
20221104,13:21:44,18195.20,150,1389200
20221104,13:21:53,18196.00,50,1389200
20221104,13:22:02,18196.00,800,1389200
20221104,13:22:04,18199.00,300,1389200
20221104,13:22:13,18197.30,50,1389200
20221104,13:22:22,18200.00,100,1389200
20221104,13:22:24,18200.30,100,1389200
20221104,13:22:39,18195.20,50,1389200
20221104,13:23:22,18197.50,100,1389200
20221104,13:23:30,18195.20,50,1389200
20221104,13:23:42,18195.20,50,1389200
20221104,13:24:11,18195.55,100,1390500
20221104,13:24:25,18196.00,50,1390500
20221104,13:24:58,18201.80,50,1390500
20221104,13:25:17,18200.00,50,1390500
20221104,13:26:14,18199.50,50,1390500
20221104,13:26:24,18199.60,50,1390500
20221104,13:26:31,18199.85,50,1390500
20221104,13:26:40,18198.95,50,1390500
20221104,13:27:55,18199.00,100,1390500
20221104,13:28:06,18199.00,100,1390500
20221104,13:28:43,18201.65,200,1390500
20221104,13:29:08,18200.05,50,1390500
20221104,13:29:33,18200.00,50,1390500
20221104,13:30:09,18197.30,150,1390550
20221104,13:30:12,18199.40,50,1390550
20221104,13:30:46,18201.45,50,1390550
20221104,13:30:48,18201.65,100,1390550
20221104,13:30:53,18200.25,50,1390550
20221104,13:30:55,18200.75,50,1390550
20221104,13:31:08,18205.95,300,1390550
20221104,13:31:09,18206.45,100,1390550
20221104,13:31:29,18205.90,100,1390550
20221104,13:31:54,18204.95,50,1390550
20221104,13:31:57,18201.80,50,1390550
20221104,13:32:00,18201.00,50,1390550
20221104,13:32:17,18201.00,100,1390550
20221104,13:32:31,18204.95,100,1390550
20221104,13:32:50,18205.00,50,1390550
20221104,13:32:51,18205.45,50,1390550
20221104,13:32:57,18205.45,50,1390550
20221104,13:32:58,18205.45,50,1390550
20221104,13:32:59,18202.30,50,1390550
20221104,13:33:12,18203.05,50,1390550
20221104,13:33:54,18203.00,50,1391050
20221104,13:33:58,18203.00,50,1391050
20221104,13:33:59,18200.50,50,1391050
20221104,13:34:33,18201.45,50,1391050
20221104,13:34:37,18200.00,50,1391050
20221104,13:34:42,18203.70,50,1391050
20221104,13:35:01,18201.00,50,1391050
20221104,13:35:15,18206.90,100,1391050
20221104,13:35:24,18204.80,50,1391050
20221104,13:35:41,18206.65,50,1391050
20221104,13:36:12,18206.35,50,1391050
20221104,13:36:16,18208.00,100,1391050
20221104,13:36:29,18209.30,50,1391050
20221104,13:36:30,18208.45,50,1391050
20221104,13:36:35,18209.40,50,1391050
20221104,13:37:02,18206.55,50,1391050
20221104,13:37:03,18209.00,50,1391050
20221104,13:37:05,18206.50,100,1391050
20221104,13:37:06,18203.80,50,1391050
20221104,13:37:09,18203.40,50,1391050
20221104,13:37:46,18207.50,50,1391050
20221104,13:38:00,18205.10,50,1391050
20221104,13:38:05,18207.20,50,1391050
20221104,13:38:16,18206.40,100,1391050
20221104,13:38:35,18205.55,50,1391050
20221104,13:38:38,18205.80,200,1391050
20221104,13:38:42,18203.10,50,1391050
20221104,13:38:58,18202.10,50,1391050
20221104,13:39:02,18203.10,50,1391050
20221104,13:39:21,18204.50,250,1391000
20221104,13:39:25,18204.50,200,1391000
20221104,13:40:10,18203.25,50,1391000
20221104,13:40:22,18204.60,100,1391000
20221104,13:40:23,18207.75,50,1391000
20221104,13:40:25,18206.05,50,1391000
20221104,13:41:08,18207.90,50,1391000
20221104,13:41:50,18207.85,500,1391000
20221104,13:42:00,18207.90,50,1391000
20221104,13:42:09,18205.20,50,1391300
20221104,13:42:21,18205.00,150,1391300
20221104,13:42:23,18205.00,50,1391300
20221104,13:42:24,18205.00,100,1391300
20221104,13:42:28,18205.00,100,1391300
20221104,13:42:32,18205.00,100,1391300
20221104,13:42:43,18204.25,50,1391300
20221104,13:43:24,18206.00,50,1391300
20221104,13:43:36,18206.00,200,1391300
20221104,13:43:47,18205.90,50,1391300
20221104,13:44:00,18206.00,50,1391300
20221104,13:44:28,18207.00,100,1391300
20221104,13:45:10,18206.00,50,1391400
20221104,13:45:11,18206.00,50,1391400
20221104,13:45:12,18206.00,400,1391400
20221104,13:45:16,18205.00,50,1391400
20221104,13:45:36,18202.10,100,1391400
20221104,13:46:15,18200.70,100,1391400
20221104,13:46:33,18200.80,50,1391400
20221104,13:46:51,18201.00,100,1391400
20221104,13:46:52,18200.70,450,1391400
20221104,13:46:55,18200.05,50,1391400
20221104,13:46:56,18197.00,100,1391400
20221104,13:47:08,18199.20,50,1391400
20221104,13:47:57,18195.00,150,1391400
20221104,13:48:05,18195.10,200,1391400
20221104,13:48:28,18195.10,50,1391700
20221104,13:48:31,18195.00,50,1391700
20221104,13:49:17,18195.20,50,1391700
20221104,13:49:39,18195.00,50,1391700
20221104,13:49:57,18194.00,50,1391700
20221104,13:49:57,18196.40,100,1391700
20221104,13:49:58,18193.80,50,1391700
20221104,13:50:07,18194.90,50,1391700
20221104,13:51:01,18190.00,300,1391700
20221104,13:51:12,18191.15,50,1391500
20221104,13:51:14,18188.20,50,1391500
20221104,13:51:20,18186.20,50,1391500
20221104,13:51:25,18188.10,50,1391500
20221104,13:52:12,18189.15,50,1391500
20221104,13:52:31,18190.20,50,1391500
20221104,13:52:32,18190.20,300,1391500
20221104,13:53:03,18191.55,100,1391500
20221104,13:53:14,18197.00,150,1391500
20221104,13:53:27,18197.60,100,1391500
20221104,13:53:32,18197.00,50,1391500
20221104,13:53:56,18195.00,50,1391500
20221104,13:53:59,18196.00,50,1391500
20221104,13:54:19,18196.40,50,1391750
20221104,13:54:26,18197.00,50,1391750
20221104,13:54:31,18196.45,250,1391750
20221104,13:54:34,18196.45,50,1391750
20221104,13:54:52,18198.45,50,1391750
20221104,13:54:53,18200.00,50,1391750
20221104,13:55:03,18200.05,50,1391750
20221104,13:55:13,18201.90,50,1391750
20221104,13:55:34,18202.80,50,1391750
20221104,13:55:48,18202.00,50,1391750
20221104,13:56:31,18202.00,50,1391750
20221104,13:56:33,18203.00,50,1391750
20221104,13:56:41,18200.75,50,1391750
20221104,13:56:45,18202.15,50,1391750
20221104,13:56:57,18202.15,50,1391750
20221104,13:57:02,18200.50,200,1391750
20221104,13:57:48,18200.50,50,1392100
20221104,13:57:51,18198.80,200,1392100
20221104,13:58:23,18200.00,50,1392100
20221104,13:58:24,18200.85,50,1392100
20221104,13:58:27,18201.05,50,1392100
20221104,13:58:38,18201.05,50,1392100
20221104,13:59:18,18200.00,50,1392100
20221104,13:59:27,18200.00,50,1392100
20221104,14:00:33,18192.15,50,1392300
20221104,14:00:37,18191.00,50,1392300
20221104,14:00:40,18188.90,200,1392300
20221104,14:00:51,18189.05,50,1392300
20221104,14:01:33,18194.00,100,1392300
20221104,14:01:35,18195.00,50,1392300
20221104,14:01:52,18195.00,50,1392300
20221104,14:03:15,18194.00,50,1392300
20221104,14:03:57,18195.25,50,1392300
20221104,14:04:29,18196.20,50,1392300
20221104,14:04:35,18193.55,100,1392300
20221104,14:05:01,18192.15,50,1392300
20221104,14:05:59,18193.90,50,1392300
20221104,14:06:03,18192.55,150,1392300
20221104,14:06:04,18192.15,150,1392300
20221104,14:06:06,18192.15,200,1392300
20221104,14:06:07,18192.15,50,1392300
20221104,14:06:08,18190.00,50,1392300
20221104,14:06:09,18190.00,100,1393050
20221104,14:06:30,18188.00,50,1393050
20221104,14:06:32,18185.50,50,1393050
20221104,14:06:39,18186.40,50,1393050
20221104,14:06:43,18186.35,50,1393050
20221104,14:06:56,18185.85,100,1393050
20221104,14:07:09,18190.00,50,1393050
20221104,14:07:17,18192.15,100,1393050
20221104,14:07:41,18197.70,50,1393050
20221104,14:07:54,18197.65,50,1393050
20221104,14:08:09,18196.85,50,1393050
20221104,14:08:29,18199.00,50,1393050
20221104,14:09:13,18199.00,50,1393000
20221104,14:09:15,18199.00,50,1393000
20221104,14:09:37,18199.00,50,1393000
20221104,14:09:39,18198.90,50,1393000
20221104,14:09:59,18195.30,50,1393000
20221104,14:10:08,18191.75,50,1393000
20221104,14:10:18,18188.95,50,1393000
20221104,14:10:26,18189.75,50,1393000
20221104,14:10:27,18191.00,100,1393000
20221104,14:10:35,18189.50,50,1393000
20221104,14:10:53,18193.00,50,1393000
20221104,14:11:00,18192.00,50,1393000
20221104,14:11:05,18191.85,50,1393000
20221104,14:11:17,18191.25,50,1393000
20221104,14:11:23,18191.05,50,1393000
20221104,14:11:43,18193.00,50,1393000
20221104,14:12:11,18191.00,50,1393400
20221104,14:12:17,18191.95,50,1393400
20221104,14:12:56,18195.00,50,1393400
20221104,14:14:32,18200.00,50,1393400
20221104,14:14:37,18199.40,200,1393400
20221104,14:14:40,18199.90,50,1393400
20221104,14:14:49,18202.00,50,1393400
20221104,14:14:59,18201.85,50,1393400
20221104,14:15:16,18198.75,50,1393400
20221104,14:15:21,18198.55,50,1393600
20221104,14:15:27,18201.00,50,1393600
20221104,14:15:32,18200.00,100,1393600
20221104,14:15:38,18202.70,150,1393600
20221104,14:15:39,18204.00,50,1393600
20221104,14:15:41,18204.00,50,1393600
20221104,14:15:54,18204.15,200,1393600
20221104,14:16:08,18204.30,50,1393600
20221104,14:16:15,18202.00,100,1393600
20221104,14:16:43,18200.65,50,1393600
20221104,14:16:47,18197.40,100,1393600
20221104,14:17:18,18197.90,50,1393600
20221104,14:17:32,18199.00,50,1393600
20221104,14:18:05,18200.00,50,1393600
20221104,14:18:08,18197.40,50,1393600
20221104,14:18:20,18195.40,50,1394200
20221104,14:18:21,18197.25,50,1394200
20221104,14:18:32,18196.00,50,1394200
20221104,14:18:54,18196.10,50,1394200
20221104,14:18:57,18198.15,300,1394200
20221104,14:20:00,18197.60,50,1394200
20221104,14:20:02,18197.40,50,1394200
20221104,14:20:03,18200.00,100,1394200
20221104,14:20:19,18197.45,50,1394200
20221104,14:20:46,18201.40,50,1394200
20221104,14:21:03,18200.80,250,1394200
20221104,14:21:35,18199.95,50,1394250
20221104,14:22:12,18197.80,250,1394250
20221104,14:22:21,18200.50,100,1394250
20221104,14:22:45,18200.50,50,1394250
20221104,14:22:47,18199.90,50,1394250
20221104,14:23:04,18194.55,50,1394250
20221104,14:23:11,18194.00,50,1394250
20221104,14:23:41,18194.00,50,1394250
20221104,14:23:47,18195.00,50,1394250
20221104,14:23:49,18195.05,50,1394250
20221104,14:24:16,18191.25,50,1394800
20221104,14:24:38,18191.85,50,1394800
20221104,14:24:54,18193.95,50,1394800
20221104,14:25:15,18194.10,50,1394800
20221104,14:25:34,18197.05,50,1394800
20221104,14:26:26,18193.90,50,1394800
20221104,14:27:00,18193.90,100,1394800
20221104,14:27:02,18192.75,50,1394800
20221104,14:27:11,18193.90,300,1394800
20221104,14:27:11,18193.90,100,1394750
20221104,14:27:13,18195.00,900,1394750
20221104,14:27:20,18195.00,250,1394750
20221104,14:27:22,18199.90,100,1394750
20221104,14:27:25,18200.00,100,1394750
20221104,14:27:26,18199.80,200,1394750
20221104,14:27:27,18200.10,100,1394750
20221104,14:27:28,18199.70,50,1394750
20221104,14:27:34,18203.45,200,1394750
20221104,14:27:37,18197.85,50,1394750
20221104,14:27:39,18200.00,50,1394750
20221104,14:27:54,18200.00,50,1394750
20221104,14:28:16,18203.65,50,1394750
20221104,14:28:25,18202.00,50,1394750
20221104,14:28:26,18203.70,50,1394750
20221104,14:28:38,18206.25,50,1394750
20221104,14:28:40,18210.00,850,1394750
20221104,14:28:41,18213.80,550,1394750
20221104,14:28:47,18215.50,900,1394750
20221104,14:28:48,18218.00,300,1394750
20221104,14:28:50,18214.45,50,1394750
20221104,14:29:11,18214.60,50,1394750
20221104,14:29:14,18214.25,300,1394750
20221104,14:29:17,18213.00,50,1394750
20221104,14:29:19,18214.20,50,1394750
20221104,14:29:20,18217.55,50,1394750
20221104,14:29:22,18213.70,150,1394750
20221104,14:29:42,18214.00,50,1394750
20221104,14:29:51,18214.00,50,1394750
20221104,14:29:54,18216.80,50,1394750
20221104,14:29:59,18218.40,100,1394750
20221104,14:30:02,18224.00,2150,1394750
20221104,14:30:03,18225.00,950,1394750
20221104,14:30:04,18227.00,300,1394750
20221104,14:30:07,18227.50,50,1394750
20221104,14:30:09,18228.00,50,1394750
20221104,14:30:11,18229.60,250,1394750
20221104,14:30:12,18229.60,150,1394750
20221104,14:30:13,18229.70,50,1395350
20221104,14:30:18,18230.00,100,1395350
20221104,14:30:19,18230.00,300,1395350
20221104,14:30:23,18230.00,50,1395350
20221104,14:30:26,18229.90,250,1395350
20221104,14:30:28,18226.20,50,1395350
20221104,14:30:34,18227.00,50,1395350
20221104,14:30:35,18229.65,50,1395350
20221104,14:30:36,18229.65,200,1395350
20221104,14:30:39,18228.60,50,1395350
20221104,14:30:43,18229.40,200,1395350
20221104,14:30:44,18228.00,50,1395350
20221104,14:30:48,18228.00,50,1395350
20221104,14:30:49,18227.05,50,1395350
20221104,14:30:52,18229.00,50,1395350
20221104,14:30:55,18230.00,250,1395350
20221104,14:30:58,18230.00,250,1395350
20221104,14:31:03,18231.00,50,1395350
20221104,14:31:05,18231.00,50,1395350
20221104,14:31:06,18233.40,500,1395350
20221104,14:31:07,18233.70,50,1395350
20221104,14:31:10,18233.80,100,1395350
20221104,14:31:11,18234.00,250,1395350
20221104,14:31:15,18234.00,50,1395350
20221104,14:31:18,18234.00,50,1395350
20221104,14:31:20,18234.00,1000,1395350
20221104,14:31:21,18234.00,100,1395350
20221104,14:31:23,18231.00,50,1395350
20221104,14:31:25,18230.00,50,1395350
20221104,14:31:26,18230.00,50,1395350
20221104,14:31:28,18226.90,50,1395350
20221104,14:31:30,18228.05,50,1395350
20221104,14:31:31,18226.90,50,1395350
20221104,14:31:38,18226.90,50,1395350
20221104,14:31:41,18225.25,50,1395350
20221104,14:31:42,18228.75,50,1395350
20221104,14:31:43,18228.55,500,1395350
20221104,14:31:50,18225.05,1050,1395350
20221104,14:31:51,18225.00,50,1395350
20221104,14:31:55,18222.70,50,1395350
20221104,14:31:57,18224.95,50,1395350
20221104,14:31:58,18224.95,1000,1395350
20221104,14:32:00,18224.50,50,1395350
20221104,14:32:07,18225.00,50,1395350
20221104,14:32:09,18221.25,100,1395350
20221104,14:32:11,18225.00,1000,1395350
20221104,14:32:16,18228.00,1500,1395350
20221104,14:32:19,18225.25,50,1395350
20221104,14:32:21,18224.50,50,1395350
20221104,14:32:25,18224.90,1800,1395350
20221104,14:32:27,18222.85,50,1395350
20221104,14:32:28,18222.15,50,1395350
20221104,14:32:30,18221.15,500,1395350
20221104,14:32:36,18221.75,100,1395350
20221104,14:32:44,18219.85,500,1395350
20221104,14:32:50,18217.55,50,1395350
20221104,14:32:53,18219.95,50,1395350
20221104,14:33:05,18220.85,100,1395350
20221104,14:33:09,18223.95,50,1395350
20221104,14:33:15,18220.15,50,1404300
20221104,14:33:21,18223.00,50,1404300
20221104,14:33:27,18220.10,50,1404300
20221104,14:33:31,18219.95,100,1404300
20221104,14:33:44,18220.50,100,1404300
20221104,14:34:02,18220.50,50,1404300
20221104,14:34:09,18220.50,100,1404300
20221104,14:34:20,18222.00,50,1404300
20221104,14:34:24,18223.50,200,1404300
20221104,14:34:36,18218.25,250,1404300
20221104,14:34:57,18216.95,50,1404300
20221104,14:35:10,18214.15,50,1404300
20221104,14:35:19,18213.85,50,1404300
20221104,14:35:21,18212.60,50,1404300
20221104,14:35:27,18210.50,150,1404300
20221104,14:35:32,18210.00,150,1404300
20221104,14:35:36,18208.90,250,1404300
20221104,14:35:37,18209.65,200,1404300
20221104,14:35:38,18210.10,150,1404300
20221104,14:35:39,18211.10,100,1404300
20221104,14:35:40,18212.50,150,1404300
20221104,14:35:41,18213.45,150,1404300
20221104,14:35:49,18216.40,50,1404300
20221104,14:35:59,18211.45,50,1404300
20221104,14:36:00,18210.65,100,1404300
20221104,14:36:01,18210.80,100,1404300
20221104,14:36:02,18210.65,150,1404300
20221104,14:36:03,18211.50,100,1404300
20221104,14:36:04,18212.15,50,1404300
20221104,14:36:05,18212.90,150,1404300
20221104,14:36:08,18213.15,50,1404300
20221104,14:36:11,18213.00,50,1404300
20221104,14:36:13,18214.90,150,1403200
20221104,14:36:14,18214.90,50,1403200
20221104,14:36:17,18213.00,50,1403200
20221104,14:36:18,18213.15,50,1403200
20221104,14:36:48,18213.15,50,1403200
20221104,14:36:51,18211.00,50,1403200
20221104,14:36:53,18211.10,50,1403200
20221104,14:37:01,18210.55,50,1403200
20221104,14:37:05,18211.05,100,1403200
20221104,14:37:06,18211.40,50,1403200
20221104,14:37:23,18212.00,50,1403200
20221104,14:37:29,18212.00,100,1403200
20221104,14:37:31,18212.10,100,1403200
20221104,14:37:32,18212.20,50,1403200
20221104,14:37:39,18211.50,100,1403200
20221104,14:37:42,18212.60,50,1403200
20221104,14:37:45,18214.00,50,1403200
20221104,14:37:50,18213.90,50,1403200
20221104,14:37:51,18213.70,50,1403200
20221104,14:37:53,18213.95,50,1403200
20221104,14:37:55,18215.00,150,1403200
20221104,14:37:56,18216.00,50,1403200
20221104,14:37:57,18216.00,50,1403200
20221104,14:38:06,18215.65,50,1403200
20221104,14:38:07,18216.05,50,1403200
20221104,14:38:10,18216.65,100,1403200
20221104,14:38:11,18217.00,50,1403200
20221104,14:38:14,18217.25,50,1403200
20221104,14:38:23,18219.75,100,1403200
20221104,14:38:25,18219.50,50,1403200
20221104,14:38:39,18218.75,50,1403200
20221104,14:38:49,18215.80,50,1403200
20221104,14:38:58,18218.00,100,1403200
20221104,14:39:04,18219.05,50,1403200
20221104,14:39:05,18219.20,50,1403200
20221104,14:39:06,18219.95,50,1403200
20221104,14:39:07,18220.45,50,1403200
20221104,14:39:09,18219.95,100,1403200
20221104,14:39:11,18218.00,50,1403200
20221104,14:39:12,18219.50,50,1403200
20221104,14:39:13,18219.25,50,1402800
20221104,14:39:15,18219.30,50,1402800
20221104,14:39:17,18220.00,100,1402800
20221104,14:39:18,18219.60,50,1402800
20221104,14:39:19,18220.05,100,1402800
20221104,14:39:20,18220.20,100,1402800
20221104,14:39:22,18220.35,50,1402800
20221104,14:39:24,18220.50,50,1402800
20221104,14:39:25,18220.15,50,1402800
20221104,14:39:31,18219.00,50,1402800
20221104,14:39:33,18217.95,100,1402800
20221104,14:39:36,18217.75,100,1402800
20221104,14:39:37,18217.65,50,1402800
20221104,14:39:39,18216.95,50,1402800
20221104,14:39:40,18216.00,50,1402800
20221104,14:39:41,18215.70,50,1402800
20221104,14:39:44,18215.95,100,1402800
20221104,14:39:45,18215.95,50,1402800
20221104,14:39:49,18214.95,50,1402800
20221104,14:39:52,18213.75,100,1402800
20221104,14:39:53,18213.70,50,1402800
20221104,14:39:54,18213.70,50,1402800
20221104,14:39:57,18214.55,50,1402800
20221104,14:39:58,18214.75,50,1402800
20221104,14:40:06,18215.10,50,1402800
20221104,14:40:07,18215.25,50,1402800
20221104,14:40:08,18215.25,50,1402800
20221104,14:40:43,18217.05,50,1402800
20221104,14:40:52,18217.30,150,1402800
20221104,14:40:54,18216.05,50,1402800
20221104,14:40:58,18217.00,50,1402800
20221104,14:41:11,18216.80,50,1402800
20221104,14:41:16,18216.75,50,1402800
20221104,14:41:21,18216.00,100,1402800
20221104,14:41:24,18215.75,100,1402800
20221104,14:41:27,18215.45,100,1402800
20221104,14:41:28,18215.35,50,1402800
20221104,14:41:29,18215.25,50,1402800
20221104,14:41:34,18215.25,50,1402800
20221104,14:41:35,18214.80,100,1402800
20221104,14:41:40,18216.50,100,1402800
20221104,14:41:45,18216.95,50,1402800
20221104,14:41:46,18219.45,100,1402800
20221104,14:42:11,18219.25,150,1402800
20221104,14:42:18,18219.25,50,1402800
20221104,14:42:50,18221.00,100,1402800
20221104,14:42:51,18221.80,50,1402800
20221104,14:42:59,18219.75,150,1402800
20221104,14:43:00,18222.10,100,1402800
20221104,14:43:05,18222.10,100,1402800
20221104,14:43:15,18219.30,100,1402800
20221104,14:43:20,18219.00,50,1402800
20221104,14:43:31,18221.05,50,1402800
20221104,14:44:04,18221.05,50,1402800
20221104,14:44:13,18222.00,50,1402800
20221104,14:44:31,18222.00,50,1402800
20221104,14:44:48,18221.70,50,1402800
20221104,14:44:56,18223.00,50,1402800
20221104,14:44:59,18223.00,50,1402800
20221104,14:45:03,18224.00,100,1402800
