20221104,09:15:11,18265.00,1,187350
20221104,09:15:11,18265.00,50,187350
20221104,09:15:21,18259.95,250,187350
20221104,09:15:42,18253.35,50,187350
20221104,09:15:46,18245.00,100,187350
20221104,09:16:07,18245.00,50,187350
20221104,09:16:20,18251.60,100,187350
20221104,09:16:24,18255.00,100,187350
20221104,09:16:32,18262.00,300,187350
20221104,09:16:36,18265.00,50,187350
20221104,09:16:44,18266.25,150,187350
20221104,09:16:52,18266.25,100,187350
20221104,09:17:04,18270.00,50,187350
20221104,09:17:12,18270.00,50,187350
20221104,09:17:20,18270.00,50,187950
20221104,09:17:25,18272.40,250,187950
20221104,09:17:29,18267.45,100,187950
20221104,09:17:37,18267.60,50,187950
20221104,09:17:41,18268.50,250,187950
20221104,09:17:45,18268.00,50,187950
20221104,09:17:49,18262.65,50,187950
20221104,09:18:01,18268.00,100,187950
20221104,09:18:26,18268.00,50,187950
20221104,09:18:28,18268.50,50,187950
20221104,09:18:32,18270.00,100,187950
20221104,09:19:43,18260.00,100,187950
20221104,09:19:59,18260.85,50,187950
20221104,09:20:06,18259.95,50,187950
20221104,09:20:11,18260.00,50,187950
20221104,09:20:15,18259.85,50,187550
20221104,09:20:21,18261.00,50,187550
20221104,09:20:33,18261.00,50,187550
20221104,09:20:37,18261.70,50,187550
20221104,09:20:47,18260.90,50,187550
20221104,09:21:06,18256.50,50,187550
20221104,09:21:09,18255.40,100,187550
20221104,09:21:13,18247.75,50,187550
20221104,09:21:25,18247.00,100,187550
20221104,09:21:29,18244.30,500,187550
20221104,09:21:34,18244.30,50,187550
20221104,09:22:00,18236.00,50,187550
20221104,09:22:09,18230.00,250,187550
20221104,09:22:10,18230.00,50,187550
20221104,09:22:24,18230.00,50,187550
20221104,09:22:26,18232.75,100,187550
20221104,09:22:29,18230.00,50,187550
20221104,09:22:37,18227.40,50,187550
20221104,09:22:52,18227.40,50,187550
20221104,09:23:07,18227.40,50,187550
20221104,09:23:22,18227.00,250,188150
20221104,09:23:46,18227.00,50,188150
20221104,09:23:48,18227.00,50,188150
20221104,09:24:01,18225.00,50,188150
20221104,09:24:11,18223.00,50,188150
20221104,09:24:30,18223.00,50,188150
20221104,09:24:34,18223.00,50,188150
20221104,09:24:41,18225.00,750,188150
20221104,09:25:13,18229.50,50,188150
20221104,09:25:25,18229.35,50,188150
20221104,09:26:03,18225.00,100,188150
20221104,09:26:04,18225.45,50,188150
20221104,09:26:08,18224.00,100,188150
20221104,09:26:54,18224.00,50,187900
20221104,09:26:59,18223.00,50,187900
20221104,09:27:10,18229.00,50,187900
20221104,09:27:14,18230.05,100,187900
20221104,09:27:43,18230.95,50,187900
20221104,09:28:24,18238.40,50,187900
20221104,09:28:51,18238.40,50,187900
20221104,09:29:27,18241.00,50,187950
20221104,09:29:31,18245.10,50,187950
20221104,09:29:37,18249.85,50,187950
20221104,09:29:41,18250.00,300,187950
20221104,09:29:52,18251.25,50,187950
20221104,09:30:07,18254.15,50,187950
20221104,09:30:11,18255.00,50,187950
20221104,09:30:34,18259.15,50,187950
20221104,09:30:39,18258.55,50,187950
20221104,09:31:04,18257.00,50,187950
20221104,09:31:06,18257.00,50,187950
20221104,09:31:29,18257.00,150,187950
20221104,09:31:31,18258.00,50,187950
20221104,09:32:15,18246.95,100,187950
20221104,09:32:18,18246.95,50,188200
20221104,09:32:22,18247.65,550,188200
20221104,09:32:51,18244.35,50,188200
20221104,09:33:04,18240.50,50,188200
20221104,09:33:09,18241.85,50,188200
20221104,09:34:21,18241.85,50,188200
20221104,09:34:50,18239.75,200,188200
20221104,09:35:42,18239.00,50,187800
20221104,09:35:43,18239.00,500,187800
20221104,09:35:44,18239.00,450,187800
20221104,09:35:50,18237.05,200,187800
20221104,09:36:04,18237.20,100,187800
20221104,09:36:15,18237.70,50,187800
20221104,09:36:23,18237.45,50,187800
20221104,09:36:30,18238.70,100,187800
20221104,09:36:45,18236.65,50,187800
20221104,09:36:53,18237.45,100,187800
20221104,09:36:57,18236.75,100,187800
20221104,09:37:00,18234.85,100,187800
20221104,09:37:10,18233.40,100,187800
20221104,09:37:20,18232.45,150,187800
20221104,09:37:33,18233.05,150,187800
20221104,09:37:35,18232.60,100,187800
20221104,09:37:53,18231.90,50,187800
20221104,09:38:02,18232.00,200,187800
20221104,09:38:11,18229.90,100,187800
20221104,09:38:17,18228.35,50,188550
20221104,09:38:26,18224.00,50,188550
20221104,09:39:18,18222.00,50,188550
20221104,09:39:22,18219.20,650,188550
20221104,09:39:29,18219.20,100,188550
20221104,09:40:13,18224.95,50,188550
20221104,09:40:29,18221.50,50,188550
20221104,09:41:05,18226.15,50,188550
20221104,09:41:31,18228.80,50,188650
20221104,09:42:04,18228.05,100,188650
20221104,09:42:11,18223.20,100,188650
20221104,09:42:17,18227.25,550,188650
20221104,09:43:48,18227.25,50,188650
20221104,09:43:54,18227.25,50,188650
20221104,09:44:54,18234.40,50,189300
20221104,09:45:00,18235.00,200,189300
20221104,09:45:24,18222.55,50,189300
20221104,09:45:38,18222.55,500,189300
20221104,09:45:52,18224.90,500,189300
20221104,09:46:08,18234.50,50,189300
20221104,09:47:13,18234.45,50,189300
20221104,09:47:14,18231.20,50,189300
20221104,09:47:15,18230.00,100,189300
20221104,09:47:31,18225.30,50,189800
20221104,09:47:38,18220.00,200,189800
20221104,09:47:41,18219.45,50,189800
20221104,09:47:58,18219.95,150,189800
20221104,09:48:25,18216.70,50,189800
20221104,09:48:33,18216.05,300,189800
20221104,09:48:39,18215.05,50,189800
20221104,09:48:45,18215.05,50,189800
20221104,09:48:46,18217.60,200,189800
20221104,09:48:48,18215.00,50,189800
20221104,09:48:50,18214.45,50,189800
20221104,09:48:54,18214.45,50,189800
20221104,09:49:01,18213.50,50,189800
20221104,09:50:33,18213.50,200,189950
20221104,09:51:21,18220.15,50,189950
20221104,09:51:24,18219.50,50,189950
20221104,09:51:53,18220.00,50,189950
20221104,09:52:47,18215.00,50,189950
20221104,09:52:50,18214.75,50,189950
20221104,09:53:31,18220.05,50,190150
20221104,09:53:42,18218.60,50,190150
20221104,09:53:46,18221.00,50,190150
20221104,09:54:53,18214.50,50,190150
20221104,09:55:02,18214.00,50,190150
20221104,09:55:03,18215.00,50,190150
20221104,09:55:24,18211.85,50,190150
20221104,09:55:45,18211.85,50,190150
20221104,09:55:46,18210.70,50,190150
20221104,09:55:57,18210.00,100,190150
20221104,09:55:59,18208.00,50,190150
20221104,09:57:01,18208.00,50,190150
20221104,09:57:07,18209.25,50,190600
20221104,09:58:43,18218.00,50,190600
20221104,09:59:05,18215.60,100,190600
20221104,09:59:29,18215.00,50,190650
20221104,09:59:30,18214.70,50,190650
20221104,09:59:32,18214.70,50,190650
20221104,09:59:53,18210.05,100,190650
20221104,09:59:55,18212.30,50,190650
20221104,10:00:06,18209.15,100,190650
20221104,10:00:11,18205.40,50,190650
20221104,10:00:17,18205.40,50,190650
20221104,10:00:33,18209.15,150,190650
20221104,10:01:11,18209.75,50,190650
20221104,10:01:17,18208.15,50,190650
20221104,10:01:47,18208.00,50,190650
20221104,10:01:58,18207.50,100,190650
20221104,10:02:04,18208.05,100,190650
20221104,10:02:33,18208.40,50,190950
20221104,10:02:50,18205.95,150,190950
20221104,10:02:52,18204.95,150,190950
20221104,10:02:53,18204.95,50,190950
20221104,10:02:55,18204.00,150,190950
20221104,10:02:56,18204.00,150,190950
20221104,10:02:57,18204.00,950,190950
20221104,10:03:01,18201.65,300,190950
20221104,10:03:23,18201.65,50,190950
20221104,10:03:40,18206.05,50,190950
20221104,10:03:59,18210.00,100,190950
20221104,10:04:11,18211.90,50,190950
20221104,10:05:01,18215.30,50,190950
20221104,10:05:22,18217.20,50,192400
20221104,10:05:34,18211.90,100,192400
20221104,10:05:38,18214.35,100,192400
20221104,10:05:46,18211.15,200,192400
20221104,10:05:57,18218.85,50,192400
20221104,10:06:33,18216.25,50,192400
20221104,10:06:59,18216.60,50,192400
20221104,10:07:12,18215.00,50,192400
20221104,10:07:36,18218.35,50,192400
20221104,10:07:56,18217.30,50,192400
20221104,10:08:05,18215.25,50,192400
20221104,10:10:23,18220.00,50,192600
20221104,10:10:44,18220.00,50,192600
20221104,10:10:56,18217.35,50,192600
20221104,10:11:08,18215.25,50,192600
20221104,10:11:09,18215.00,350,192600
20221104,10:11:10,18215.00,150,192600
20221104,10:11:33,18212.10,50,193150
20221104,10:12:21,18212.50,50,193150
20221104,10:12:32,18216.65,500,193150
20221104,10:12:57,18215.00,50,193150
20221104,10:13:51,18213.75,50,193150
20221104,10:13:58,18212.10,50,193150
20221104,10:14:15,18215.00,50,193150
20221104,10:14:29,18215.00,50,193650
20221104,10:14:35,18215.00,100,193650
20221104,10:14:39,18215.00,100,193650
20221104,10:15:03,18208.00,100,193650
20221104,10:15:08,18207.10,50,193650
20221104,10:15:50,18214.30,50,193650
20221104,10:16:53,18214.30,50,193650
20221104,10:18:40,18206.00,50,193700
20221104,10:18:54,18205.80,100,193700
20221104,10:20:34,18214.30,100,193800
20221104,10:21:06,18214.30,50,193800
20221104,10:21:07,18214.30,50,193800
20221104,10:22:05,18214.30,50,193800
20221104,10:24:47,18218.45,50,193650
20221104,10:25:21,18218.50,50,193650
20221104,10:25:33,18215.95,300,193650
20221104,10:25:54,18217.95,50,193650
20221104,10:27:44,18216.25,50,193650
20221104,10:28:33,18213.95,50,193600
20221104,10:29:42,18209.00,50,193550
20221104,10:29:50,18209.00,50,193550
20221104,10:30:22,18213.95,50,193550
20221104,10:31:29,18213.95,50,193550
20221104,10:31:52,18215.70,500,193550
20221104,10:33:01,18212.00,50,194050
20221104,10:33:24,18210.95,50,194050
20221104,10:33:28,18210.00,50,194050
20221104,10:34:02,18210.00,50,194050
20221104,10:35:11,18210.00,50,194050
20221104,10:36:18,18209.00,50,194050
20221104,10:36:49,18210.00,50,194050
20221104,10:38:03,18210.00,50,194050
20221104,10:39:23,18209.50,50,194100
20221104,10:39:24,18209.00,100,194100
20221104,10:39:47,18212.45,100,194100
20221104,10:40:45,18208.95,50,194100
20221104,10:41:04,18210.00,50,194100
20221104,10:41:54,18216.60,50,194200
20221104,10:42:21,18214.50,100,194200
20221104,10:43:44,18213.45,50,194200
20221104,10:44:12,18211.25,50,194200
20221104,10:45:08,18208.10,50,194250
20221104,10:45:10,18208.80,50,194250
20221104,10:45:11,18205.80,100,194250
20221104,10:45:13,18206.10,50,194250
20221104,10:45:16,18203.00,300,194250
20221104,10:45:28,18203.00,50,194250
20221104,10:45:32,18200.45,200,194250
20221104,10:45:33,18200.00,100,194250
20221104,10:45:34,18200.00,50,194250
20221104,10:45:35,18200.00,50,194250
20221104,10:46:26,18200.00,50,194250
20221104,10:46:27,18209.45,50,194250
20221104,10:46:28,18208.60,50,194250
20221104,10:46:45,18210.00,50,194250
20221104,10:48:23,18213.55,50,194750
20221104,10:49:17,18216.20,50,194750
20221104,10:49:32,18214.45,50,194750
20221104,10:50:21,18211.75,50,194750
20221104,10:51:01,18210.00,50,194800
20221104,10:51:17,18210.00,50,194800
20221104,10:51:55,18209.90,50,194800
20221104,10:52:01,18210.00,150,194800
20221104,10:52:03,18213.00,50,194800
20221104,10:53:14,18210.20,50,194800
20221104,10:55:32,18213.60,50,195050
20221104,10:55:45,18212.35,50,195050
20221104,10:55:47,18210.65,50,195050
20221104,10:58:53,18213.30,50,195000
20221104,10:58:56,18213.10,100,195000
20221104,10:58:58,18213.25,100,195000
20221104,10:59:02,18212.00,50,195000
20221104,10:59:07,18213.15,100,195000
20221104,10:59:31,18216.50,200,195000
20221104,10:59:53,18212.50,50,194950
20221104,11:00:33,18212.00,50,194950
20221104,11:00:47,18212.85,50,194950
20221104,11:01:21,18220.00,100,194950
20221104,11:01:23,18217.80,50,194950
20221104,11:01:49,18220.00,50,194950
20221104,11:02:05,18217.20,50,194950
20221104,11:02:12,18220.00,50,194950
20221104,11:02:13,18223.30,50,194950
20221104,11:02:37,18220.00,50,194850
20221104,11:02:44,18218.45,200,194850
20221104,11:03:40,18214.40,50,194850
20221104,11:04:13,18210.00,100,194850
20221104,11:04:26,18210.10,150,194850
20221104,11:04:30,18213.20,200,194850
20221104,11:05:36,18215.00,50,195050
20221104,11:05:37,18215.00,50,195050
20221104,11:06:21,18215.00,50,195050
20221104,11:07:44,18215.15,50,195050
20221104,11:08:08,18223.90,50,195050
20221104,11:08:11,18225.00,150,195050
20221104,11:08:46,18225.00,50,195050
20221104,11:08:48,18223.85,50,195050
20221104,11:08:56,18227.85,50,195050
20221104,11:09:18,18230.00,50,195050
20221104,11:09:20,18230.00,100,195050
20221104,11:10:10,18227.40,100,195050
20221104,11:11:19,18227.40,100,195050
20221104,11:12:45,18226.45,50,194850
20221104,11:15:02,18229.00,50,194850
20221104,11:17:13,18226.00,50,194850
20221104,11:18:04,18228.95,50,194800
20221104,11:18:18,18234.25,50,194800
20221104,11:18:41,18236.00,50,194800
20221104,11:19:29,18237.70,150,194800
20221104,11:19:34,18238.00,50,194800
20221104,11:20:37,18239.40,50,194600
20221104,11:20:41,18238.00,50,194600
20221104,11:21:02,18238.00,50,194600
20221104,11:21:27,18238.00,250,194600
20221104,11:22:33,18238.00,50,194600
20221104,11:22:41,18237.25,50,194600
20221104,11:23:20,18237.25,50,194600
20221104,11:23:55,18233.50,50,194950
20221104,11:24:03,18234.95,50,194950
20221104,11:24:13,18236.00,50,194950
20221104,11:24:15,18236.25,50,194950
20221104,11:24:42,18238.05,50,194950
20221104,11:24:54,18240.00,100,194950
20221104,11:25:11,18243.45,50,194950
20221104,11:25:12,18244.65,50,194950
20221104,11:25:13,18244.20,100,194950
20221104,11:25:16,18245.40,50,194950
20221104,11:25:22,18244.20,50,194950
20221104,11:26:22,18238.65,250,194950
20221104,11:28:23,18241.00,50,194550
20221104,11:28:35,18241.00,50,194550
20221104,11:31:15,18233.00,50,194500
20221104,11:31:58,18233.00,50,194500
20221104,11:32:34,18233.55,50,194500
20221104,11:32:35,18233.85,100,194600
20221104,11:32:40,18233.45,50,194600
20221104,11:32:47,18230.85,50,194600
20221104,11:32:48,18229.65,200,194600
20221104,11:33:53,18231.50,50,194600
20221104,11:34:09,18233.05,50,194600
20221104,11:36:57,18238.80,50,194750
20221104,11:37:37,18239.55,100,194750
20221104,11:38:55,18238.85,50,194750
20221104,11:39:00,18239.65,50,194750
20221104,11:39:07,18236.05,50,194750
20221104,11:39:08,18237.75,100,194750
20221104,11:40:08,18234.70,50,194750
20221104,11:41:09,18233.50,50,194750
20221104,11:42:23,18232.75,50,194750
20221104,11:42:31,18231.95,50,194850
20221104,11:42:58,18230.40,200,194850
20221104,11:43:18,18230.40,150,194850
20221104,11:43:23,18230.40,150,194850
20221104,11:44:55,18234.65,50,195050
20221104,11:45:38,18235.00,50,195050
20221104,11:46:14,18239.25,50,195050
20221104,11:47:17,18239.25,50,195050
20221104,11:50:52,18235.60,50,195100
20221104,11:55:48,18239.00,50,195100
20221104,11:55:51,18239.25,50,195100
20221104,11:55:54,18240.00,50,195100
20221104,12:01:50,18229.00,50,195150
20221104,12:01:54,18226.95,50,195150
20221104,12:02:17,18228.30,50,195150
20221104,12:02:32,18227.75,50,195150
20221104,12:02:39,18227.90,50,195150
20221104,12:03:46,18235.00,50,195000
20221104,12:03:48,18239.95,50,195000
20221104,12:04:14,18240.00,150,195000
20221104,12:04:55,18239.90,250,195000
20221104,12:05:15,18240.00,200,195000
20221104,12:05:16,18240.00,150,195000
20221104,12:06:00,18240.00,100,195000
20221104,12:06:01,18240.00,450,194750
20221104,12:06:39,18245.65,50,194750
20221104,12:06:45,18245.65,150,194750
20221104,12:07:42,18247.10,50,194750
20221104,12:09:13,18244.05,50,194750
20221104,12:09:15,18247.10,50,194550
20221104,12:09:18,18247.85,100,194550
20221104,12:09:20,18250.00,150,194550
20221104,12:10:32,18250.00,100,194550
20221104,12:11:14,18250.00,150,194550
20221104,12:11:42,18249.65,50,194550
20221104,12:12:29,18248.00,150,194700
20221104,12:15:39,18248.00,50,194600
20221104,12:16:49,18247.80,100,194600
20221104,12:18:11,18245.00,50,194650
20221104,12:18:13,18240.80,100,194650
20221104,12:18:29,18241.45,100,194650
20221104,12:19:05,18242.80,50,194650
20221104,12:19:33,18241.45,50,194650
20221104,12:19:37,18244.80,50,194650
20221104,12:20:53,18240.00,100,194700
20221104,12:22:02,18240.70,50,194700
20221104,12:23:18,18247.40,200,194700
20221104,12:23:53,18251.00,100,194750
20221104,12:24:08,18251.35,100,194750
20221104,12:24:18,18252.00,50,194750
20221104,12:24:37,18255.70,650,194750
20221104,12:24:41,18258.00,50,194750
20221104,12:24:45,18259.00,200,194750
20221104,12:25:05,18260.00,100,194750
20221104,12:25:51,18259.85,100,194750
20221104,12:25:59,18259.85,100,194750
20221104,12:26:05,18259.00,50,194750
20221104,12:26:07,18259.85,50,194750
20221104,12:26:08,18260.00,200,194750
20221104,12:26:10,18262.75,50,194750
20221104,12:26:14,18265.00,150,194750
20221104,12:26:16,18265.00,250,194750
20221104,12:26:17,18265.00,100,194750
20221104,12:26:26,18265.00,50,194750
20221104,12:26:40,18263.40,100,194750
20221104,12:27:05,18265.00,50,194700
20221104,12:28:20,18263.05,400,194700
20221104,12:28:40,18259.00,50,194700
20221104,12:29:08,18259.00,50,194700
20221104,12:29:10,18260.00,50,194700
20221104,12:29:16,18259.20,50,194700
20221104,12:29:37,18260.00,50,194700
20221104,12:30:03,18260.00,450,194950
20221104,12:30:23,18255.40,50,194950
20221104,12:30:58,18253.95,50,194950
20221104,12:31:22,18254.40,250,194950
20221104,12:31:40,18259.90,500,194950
20221104,12:31:51,18255.25,50,194950
20221104,12:33:28,18264.45,100,195100
20221104,12:33:35,18264.25,100,195100
20221104,12:34:44,18261.90,50,195100
20221104,12:34:48,18264.00,50,195100
20221104,12:37:19,18261.80,50,195350
20221104,12:37:28,18261.85,50,195350
20221104,12:37:48,18264.00,50,195350
20221104,12:37:54,18263.05,100,195350
20221104,12:38:14,18260.00,50,195350
20221104,12:39:07,18260.00,100,195550
20221104,12:39:15,18259.95,50,195550
20221104,12:40:37,18257.00,50,195550
20221104,12:41:27,18255.85,50,195550
20221104,12:43:21,18250.00,100,195700
20221104,12:43:37,18248.35,50,195700
20221104,12:44:02,18250.00,50,195700
20221104,12:45:46,18243.60,50,195700
20221104,12:45:52,18244.65,50,195800
20221104,12:46:05,18245.15,50,195800
20221104,12:46:31,18240.00,50,195800
20221104,12:46:32,18239.95,50,195800
20221104,12:46:43,18241.00,50,195800
20221104,12:48:18,18244.10,50,195900
20221104,12:48:56,18249.05,250,195900
20221104,12:49:05,18248.00,250,195900
20221104,12:50:14,18247.30,200,195900
20221104,12:50:43,18247.70,50,195900
20221104,12:52:04,18249.50,50,196050
20221104,12:52:28,18251.65,100,196050
20221104,12:54:31,18241.90,50,196200
20221104,12:55:07,18244.85,50,196200
20221104,12:55:34,18241.00,150,196200
20221104,12:55:59,18241.00,50,196200
20221104,12:56:05,18242.40,50,196200
20221104,12:56:30,18237.20,50,196200
20221104,12:56:39,18237.05,100,196200
20221104,12:56:54,18237.05,50,196100
20221104,12:57:02,18237.15,50,196100
20221104,12:58:12,18243.50,50,196100
20221104,12:59:02,18243.00,50,196100
20221104,12:59:41,18247.60,50,196100
20221104,13:00:46,18250.00,50,196150
20221104,13:04:43,18254.05,250,196200
20221104,13:05:18,18255.05,50,196200
20221104,13:05:35,18254.85,50,196200
20221104,13:05:35,18255.05,50,196200
20221104,13:06:59,18256.00,100,196150
20221104,13:07:43,18256.00,50,196150
20221104,13:07:50,18256.00,50,196150
20221104,13:07:51,18254.25,50,196150
20221104,13:07:55,18252.75,50,196150
20221104,13:08:14,18248.30,100,196150
20221104,13:08:15,18248.25,50,196150
20221104,13:08:47,18248.00,50,196150
20221104,13:10:45,18248.00,50,196150
20221104,13:14:51,18251.90,200,196150
20221104,13:15:52,18256.80,50,196300
20221104,13:18:15,18252.35,50,196350
20221104,13:18:22,18253.00,250,196350
20221104,13:18:23,18253.00,250,196350
20221104,13:18:43,18253.10,200,196350
20221104,13:19:48,18253.00,50,196350
20221104,13:20:35,18255.00,500,196350
20221104,13:20:36,18255.00,100,196350
20221104,13:20:40,18253.00,100,196350
20221104,13:22:03,18252.65,100,197050
20221104,13:23:04,18250.00,50,197050
20221104,13:23:11,18252.00,100,197050
20221104,13:25:10,18255.30,100,197050
20221104,13:26:43,18252.00,100,197150
20221104,13:27:49,18252.00,50,197300
20221104,13:28:44,18255.20,200,197300
20221104,13:30:09,18253.55,150,197300
20221104,13:30:46,18255.00,100,197550
20221104,13:31:08,18260.00,200,197550
20221104,13:31:09,18260.00,50,197550
20221104,13:31:43,18260.00,100,197550
20221104,13:32:33,18256.40,50,197550
20221104,13:32:50,18259.00,50,197550
20221104,13:32:56,18259.00,50,197550
20221104,13:32:57,18259.00,50,197850
20221104,13:32:58,18259.00,50,197850
20221104,13:33:53,18259.00,50,197850
20221104,13:34:01,18258.00,50,197850
20221104,13:34:06,18255.00,50,197850
20221104,13:34:25,18256.45,100,197850
20221104,13:34:33,18255.00,50,197850
20221104,13:35:07,18260.00,50,197850
20221104,13:35:16,18260.00,50,197850
20221104,13:35:55,18260.00,50,197850
20221104,13:36:11,18259.70,50,198150
20221104,13:36:12,18262.50,150,198150
20221104,13:37:34,18260.00,50,198150
20221104,13:37:45,18260.00,50,198150
20221104,13:37:49,18260.00,50,198150
20221104,13:38:23,18263.05,500,198150
20221104,13:39:45,18253.95,50,198800
20221104,13:39:50,18258.00,50,198800
20221104,13:40:08,18254.45,50,198800
20221104,13:40:18,18258.00,50,198800
20221104,13:40:20,18260.00,50,198800
20221104,13:40:24,18263.00,50,198800
20221104,13:42:43,18263.00,250,198850
20221104,13:43:44,18260.00,50,198850
20221104,13:43:45,18260.00,50,198850
20221104,13:45:18,18260.00,50,199000
20221104,13:45:34,18255.55,450,199000
20221104,13:46:09,18255.50,50,199000
20221104,13:46:26,18252.90,50,199000
20221104,13:46:58,18250.00,150,199000
20221104,13:46:59,18250.00,200,199000
20221104,13:47:00,18250.00,100,199000
20221104,13:47:02,18250.00,100,199000
20221104,13:48:54,18250.00,50,199350
20221104,13:49:08,18250.00,50,199350
20221104,13:49:22,18249.00,50,199350
20221104,13:50:21,18249.00,50,199350
20221104,13:50:58,18249.00,100,199350
20221104,13:51:02,18246.40,50,199200
20221104,13:51:23,18243.00,50,199200
20221104,13:54:52,18256.75,50,199150
20221104,13:55:02,18255.15,50,199150
20221104,14:00:20,18250.00,50,199200
20221104,14:00:44,18245.00,50,199200
20221104,14:05:36,18248.30,50,199250
20221104,14:06:29,18243.70,100,199250
20221104,14:06:31,18243.00,100,199250
20221104,14:07:47,18249.95,50,199250
20221104,14:09:15,18254.00,50,199350
20221104,14:09:34,18254.55,50,199350
20221104,14:10:10,18249.65,50,199350
20221104,14:11:12,18249.25,200,199350
20221104,14:11:55,18251.05,50,199350
20221104,14:12:56,18250.00,50,199250
20221104,14:17:32,18252.30,50,199200
20221104,14:20:02,18252.30,50,199200
20221104,14:23:13,18250.00,50,199200
20221104,14:23:42,18250.25,50,199200
20221104,14:24:08,18246.45,50,199200
20221104,14:25:51,18250.00,50,199200
20221104,14:26:54,18250.00,50,199200
20221104,14:27:20,18254.50,50,199200
20221104,14:28:27,18257.40,50,199200
20221104,14:28:38,18260.00,250,199200
20221104,14:28:41,18265.00,350,199200
20221104,14:28:47,18270.00,1500,199200
20221104,14:28:48,18272.00,100,199200
20221104,14:29:15,18270.00,150,199200
20221104,14:29:17,18269.95,50,199200
20221104,14:29:47,18268.00,50,199200
20221104,14:29:57,18270.00,200,199200
20221104,14:30:00,18270.00,50,199200
20221104,14:30:01,18272.00,350,199200
20221104,14:30:03,18277.00,550,199200
20221104,14:30:11,18280.00,450,198950
20221104,14:30:12,18280.00,600,198950
20221104,14:30:17,18282.20,100,198950
20221104,14:30:51,18282.20,50,198950
20221104,14:30:57,18280.85,50,198950
20221104,14:31:02,18280.80,50,198950
20221104,14:31:04,18283.95,50,198950
20221104,14:31:06,18284.00,50,198950
20221104,14:31:07,18284.25,100,198950
20221104,14:31:10,18284.25,50,198950
20221104,14:31:11,18285.00,250,198950
20221104,14:31:20,18285.00,50,198950
20221104,14:31:46,18280.00,100,198950
20221104,14:32:49,18274.70,100,198950
20221104,14:33:12,18274.00,50,198700
20221104,14:33:34,18271.50,50,198700
20221104,14:33:50,18272.05,50,198700
20221104,14:34:09,18271.20,150,198700
20221104,14:34:40,18270.60,50,198700
20221104,14:36:12,18268.00,50,198950
20221104,14:37:10,18269.15,700,198950
20221104,14:38:14,18270.00,50,198950
20221104,14:39:06,18272.65,100,198950
20221104,14:39:50,18270.00,50,198600
20221104,14:40:41,18270.00,50,198600
20221104,14:42:11,18273.30,50,198650
20221104,14:43:19,18274.00,50,198650
20221104,14:44:12,18274.00,100,198650
20221104,14:45:06,18276.00,50,198650
20221104,14:45:43,18277.45,50,198650
20221104,14:45:58,18277.45,50,198650
20221104,14:46:02,18280.00,100,198650
20221104,14:46:19,18278.90,50,198650
20221104,14:46:23,18278.95,50,198650
20221104,14:46:49,18277.45,50,198650
20221104,14:46:54,18280.00,100,198650
20221104,14:47:25,18282.90,50,198650
20221104,14:47:51,18283.60,50,198650
20221104,14:47:57,18282.75,50,198650
20221104,14:48:30,18282.75,50,198800
20221104,14:49:03,18284.90,50,198800
20221104,14:49:57,18284.80,50,198800
20221104,14:51:08,18280.65,50,198800
20221104,14:51:13,18284.85,50,198900
20221104,14:51:53,18281.90,50,198900
20221104,14:52:44,18278.50,50,198900
20221104,14:52:46,18280.75,150,198900
20221104,14:52:49,18280.75,50,198900
20221104,14:52:52,18281.90,50,198900
20221104,14:53:04,18283.65,100,198900
20221104,14:53:16,18289.45,250,198900
20221104,14:53:37,18289.45,50,198900
20221104,14:54:13,18285.85,50,198800
20221104,14:54:34,18285.00,150,198800
20221104,14:54:40,18285.85,50,198800
20221104,14:55:06,18283.40,50,198800
20221104,14:55:22,18284.55,200,198800
20221104,14:57:41,18285.10,100,198800
20221104,14:58:44,18286.10,500,198800
20221104,14:59:10,18283.05,50,198800
20221104,14:59:52,18285.00,50,198800
20221104,15:00:00,18285.00,50,198800
20221104,15:00:02,18285.00,50,198800
20221104,15:00:08,18287.00,50,198800
20221104,15:00:09,18288.00,200,198800
20221104,15:00:11,18290.00,750,198800
20221104,15:00:12,18292.90,1150,199250
20221104,15:00:16,18295.00,100,199250
20221104,15:00:23,18295.25,150,199250
20221104,15:00:24,18297.45,150,199250
20221104,15:00:26,18298.00,50,199250
20221104,15:00:28,18298.40,100,199250
20221104,15:00:32,18298.40,50,199250
20221104,15:00:37,18299.45,100,199250
20221104,15:00:46,18299.45,100,199250
20221104,15:00:54,18292.95,150,199250
20221104,15:01:07,18298.95,50,199250
20221104,15:01:12,18298.95,50,199250
20221104,15:01:13,18300.00,1000,199250
20221104,15:01:15,18300.00,50,199250
20221104,15:01:17,18300.00,50,199250
20221104,15:01:18,18299.95,50,199250
20221104,15:01:20,18300.00,50,199250
20221104,15:01:22,18299.00,50,199250
20221104,15:01:25,18300.00,100,199250
20221104,15:02:41,18299.60,50,199250
20221104,15:02:44,18301.00,600,199250
20221104,15:02:45,18302.95,100,199250
20221104,15:03:10,18302.95,50,199250
20221104,15:03:13,18306.30,800,198150
20221104,15:03:31,18306.30,50,198150
20221104,15:03:41,18304.25,50,198150
20221104,15:03:44,18300.05,50,198150
20221104,15:03:48,18303.10,100,198150
20221104,15:03:57,18302.40,50,198150
20221104,15:04:08,18305.00,50,198150
20221104,15:04:09,18302.05,800,198150
20221104,15:04:11,18302.10,100,198150
20221104,15:04:24,18302.05,50,198150
20221104,15:04:25,18302.05,50,198150
20221104,15:04:36,18302.00,50,198150
20221104,15:04:45,18300.00,50,198150
20221104,15:04:46,18300.00,50,198150
20221104,15:04:53,18300.00,50,198150
20221104,15:04:56,18300.00,50,198150
20221104,15:04:57,18300.00,300,198150
20221104,15:05:13,18300.10,150,198150
20221104,15:05:37,18301.00,50,198150
20221104,15:05:40,18302.00,100,198150
20221104,15:05:54,18300.65,50,198150
20221104,15:05:58,18302.00,50,198150
20221104,15:06:08,18300.10,100,198150
20221104,15:06:14,18300.00,50,199100
20221104,15:06:16,18300.10,50,199100
20221104,15:06:26,18307.50,1000,199100
20221104,15:06:33,18307.50,50,199100
20221104,15:06:56,18305.65,50,199100
20221104,15:07:17,18305.45,100,199100
20221104,15:07:24,18306.00,50,199100
20221104,15:07:32,18308.00,50,199100
20221104,15:07:55,18309.00,150,199100
20221104,15:08:11,18310.00,50,199100
20221104,15:08:16,18310.00,100,199100
20221104,15:08:17,18308.00,50,199100
20221104,15:08:48,18314.00,800,199100
20221104,15:09:05,18314.95,50,199100
20221104,15:09:07,18315.00,100,199100
20221104,15:09:13,18315.00,100,199650
20221104,15:09:36,18315.20,50,199650
20221104,15:09:40,18320.00,350,199650
20221104,15:09:50,18320.00,300,199650
20221104,15:10:07,18320.00,50,199650
20221104,15:10:08,18320.00,600,199650
20221104,15:10:09,18320.00,350,199650
20221104,15:10:10,18320.00,750,199650
20221104,15:10:11,18320.00,50,199650
20221104,15:10:13,18322.00,2050,199650
20221104,15:10:17,18322.40,50,199650
20221104,15:10:22,18325.00,350,199650
20221104,15:10:23,18326.05,50,199650
20221104,15:10:24,18326.05,200,199650
20221104,15:10:33,18326.50,50,199650
20221104,15:10:40,18329.30,300,199650
20221104,15:10:46,18325.00,50,199650
20221104,15:10:51,18323.50,50,199650
20221104,15:10:53,18325.00,50,199650
20221104,15:10:54,18325.00,50,199650
20221104,15:10:57,18323.55,100,199650
20221104,15:11:02,18321.05,50,199650
20221104,15:11:23,18325.50,50,199650
20221104,15:11:43,18326.30,250,199650
20221104,15:11:53,18325.50,100,199650
20221104,15:12:01,18325.95,50,199650
20221104,15:12:09,18325.55,100,199650
20221104,15:12:15,18325.95,50,199100
20221104,15:12:19,18322.25,50,199100
20221104,15:12:28,18323.25,50,199100
20221104,15:12:31,18323.25,50,199100
20221104,15:12:57,18321.55,50,199100
20221104,15:13:10,18321.55,50,199100
20221104,15:13:13,18321.05,50,199100
20221104,15:13:15,18321.25,50,199100
20221104,15:13:20,18321.05,100,199100
20221104,15:13:37,18321.00,100,199100
20221104,15:13:47,18321.00,50,199100
20221104,15:14:07,18321.45,400,199100
20221104,15:14:09,18324.00,100,199100
20221104,15:14:12,18322.80,450,199100
20221104,15:14:25,18322.00,50,199100
20221104,15:14:33,18323.05,50,199100
20221104,15:14:35,18323.00,50,199100
20221104,15:14:49,18325.00,50,199100
20221104,15:14:53,18323.00,50,199100
20221104,15:14:55,18323.00,50,199100
20221104,15:15:12,18323.00,50,199100
20221104,15:15:27,18323.00,100,199050
20221104,15:15:35,18322.00,50,199050
20221104,15:15:36,18322.00,50,199050
20221104,15:15:38,18322.00,50,199050
20221104,15:16:03,18321.70,50,199050
20221104,15:16:07,18322.00,50,199050
20221104,15:16:46,18324.30,50,199050
20221104,15:16:56,18324.45,50,199050
20221104,15:16:59,18323.00,50,199050
20221104,15:17:04,18323.40,100,199050
20221104,15:17:16,18321.00,50,199050
20221104,15:17:18,18322.60,250,199050
20221104,15:17:21,18320.00,100,199050
20221104,15:17:23,18320.00,200,199050
20221104,15:17:43,18322.75,50,199050
20221104,15:17:49,18322.00,50,199050
20221104,15:18:16,18322.90,50,199050
20221104,15:18:18,18323.00,50,199500
20221104,15:18:22,18322.90,50,199500
20221104,15:18:30,18324.30,50,199500
20221104,15:18:38,18324.90,50,199500
20221104,15:18:57,18325.00,50,199500
20221104,15:19:06,18323.00,150,199500
20221104,15:19:19,18325.00,100,199500
20221104,15:19:22,18324.00,50,199500
20221104,15:19:32,18324.60,50,199500
20221104,15:19:51,18325.00,50,199500
20221104,15:19:57,18325.05,50,199500
20221104,15:20:14,18323.30,50,199500
20221104,15:20:28,18323.10,50,199500
20221104,15:20:36,18324.20,50,199500
20221104,15:20:38,18325.00,50,199500
20221104,15:20:39,18325.00,50,199500
20221104,15:21:05,18325.00,50,199500
20221104,15:21:13,18325.00,50,199500
20221104,15:21:46,18326.00,50,200000
20221104,15:22:00,18325.90,50,200000
20221104,15:22:05,18325.00,50,200000
20221104,15:22:17,18325.00,50,200000
20221104,15:22:26,18324.95,100,200000
20221104,15:22:27,18324.95,50,200000
20221104,15:22:28,18324.95,50,200000
20221104,15:22:36,18322.00,700,200000
20221104,15:22:39,18322.00,50,200000
20221104,15:22:44,18322.00,50,200000
20221104,15:22:45,18322.00,100,200000
20221104,15:22:46,18322.00,50,200000
20221104,15:22:51,18322.00,50,200000
20221104,15:22:54,18322.00,50,200000
20221104,15:22:58,18322.00,150,200000
20221104,15:23:04,18325.55,50,200000
20221104,15:23:29,18323.30,50,200000
20221104,15:23:37,18327.05,100,200000
20221104,15:23:47,18327.25,50,200000
20221104,15:23:49,18328.20,150,200000
20221104,15:23:57,18328.20,50,200000
20221104,15:24:23,18328.00,50,199900
20221104,15:24:31,18328.25,50,199900
20221104,15:24:32,18329.00,100,199900
20221104,15:24:33,18330.00,50,199900
20221104,15:24:34,18330.00,50,199900
20221104,15:24:41,18330.00,50,199900
20221104,15:24:48,18330.00,50,199900
20221104,15:24:56,18330.00,50,199900
20221104,15:25:03,18330.00,100,199900
20221104,15:25:09,18331.00,50,199900
20221104,15:25:15,18332.00,50,199900
20221104,15:25:17,18332.00,50,199900
20221104,15:25:27,18330.00,250,199900
20221104,15:25:31,18332.20,50,199900
20221104,15:25:34,18332.20,50,199900
20221104,15:25:35,18332.95,50,199900
20221104,15:25:49,18332.95,50,199900
20221104,15:25:59,18332.95,100,199900
20221104,15:26:09,18331.00,50,199900
20221104,15:26:10,18331.00,50,199900
20221104,15:26:14,18332.00,50,199900
20221104,15:26:18,18331.00,50,199900
20221104,15:26:26,18331.05,100,199900
20221104,15:26:37,18332.00,50,199900
20221104,15:26:44,18333.00,50,199900
20221104,15:26:45,18333.00,50,199900
20221104,15:26:46,18333.00,50,199900
20221104,15:26:48,18337.65,1000,199900
20221104,15:27:03,18337.65,50,199900
20221104,15:27:11,18336.00,50,199900
20221104,15:27:20,18336.05,50,200700
20221104,15:27:25,18339.00,50,200700
20221104,15:27:27,18339.90,100,200700
20221104,15:27:32,18340.00,50,200700
20221104,15:27:34,18340.00,150,200700
20221104,15:27:40,18340.00,50,200700
20221104,15:27:44,18341.95,50,200700
20221104,15:27:56,18341.95,100,200700
20221104,15:27:57,18340.00,50,200700
20221104,15:28:03,18341.80,100,200700
20221104,15:28:05,18340.00,50,200700
20221104,15:28:10,18339.00,50,200700
20221104,15:28:12,18339.00,50,200700
20221104,15:28:17,18340.05,100,200700
20221104,15:28:30,18341.60,50,200700
20221104,15:28:45,18341.65,100,200700
20221104,15:28:47,18341.70,100,200700
20221104,15:28:48,18342.00,100,200700
20221104,15:28:50,18342.00,50,200700
20221104,15:28:52,18344.30,950,200700
20221104,15:28:53,18344.00,100,200700
20221104,15:28:54,18344.30,50,200700
20221104,15:28:56,18344.00,100,200700
20221104,15:29:06,18344.00,50,200700
20221104,15:29:07,18344.00,100,200700
20221104,15:29:09,18345.00,50,200700
20221104,15:29:14,18345.00,50,200700
20221104,15:29:16,18344.00,50,200700
20221104,15:29:17,18345.60,50,200700
20221104,15:29:25,18345.60,50,200700
20221104,15:29:27,18344.00,150,200700
20221104,15:29:30,18345.95,200,200700
20221104,15:29:42,18346.00,50,200700
20221104,15:29:45,18349.35,250,200700
20221104,15:29:59,18350.55,650,200700
