20221114,09:15:00,42499.10,1,382450
20221114,09:15:00,42500.00,250,382450
20221114,09:15:01,42270.65,25,382450
20221114,09:15:04,42270.65,25,382450
20221114,09:15:05,42458.00,475,382450
20221114,09:15:06,42465.55,125,382450
20221114,09:15:08,42481.65,100,382450
20221114,09:15:09,42481.95,300,382450
20221114,09:15:12,42432.95,25,382450
20221114,09:15:14,42410.40,150,382450
20221114,09:15:19,42410.40,25,382450
20221114,09:15:22,42421.95,75,382450
20221114,09:15:23,42410.40,50,382450
20221114,09:15:24,42410.00,25,382450
20221114,09:15:26,42392.95,225,382450
20221114,09:15:29,42394.95,50,382450
20221114,09:15:30,42390.05,75,382450
20221114,09:15:33,42400.40,25,382450
20221114,09:15:36,42409.45,100,382450
20221114,09:15:38,42410.00,25,382450
20221114,09:15:39,42421.00,25,382450
20221114,09:15:41,42446.65,50,382450
20221114,09:15:42,42450.00,925,382450
20221114,09:15:45,42461.00,550,382450
20221114,09:15:47,42463.80,325,382450
20221114,09:15:48,42446.90,100,382450
20221114,09:15:50,42436.15,200,382450
20221114,09:15:51,42450.00,50,382450
20221114,09:15:53,42456.00,25,382450
20221114,09:15:54,42459.05,75,382450
20221114,09:15:59,42432.10,50,382450
20221114,09:16:00,42426.50,25,382450
20221114,09:16:02,42408.00,25,382450
20221114,09:16:03,42410.00,25,382450
20221114,09:16:05,42412.25,50,382450
20221114,09:16:06,42400.00,125,382450
20221114,09:16:08,42402.50,75,382450
20221114,09:16:09,42406.95,25,382450
20221114,09:16:11,42416.85,25,382450
20221114,09:16:12,42422.05,50,382450
20221114,09:16:15,42415.30,25,382450
20221114,09:16:17,42422.05,25,382450
20221114,09:16:18,42410.00,25,382450
20221114,09:16:20,42419.25,25,382450
20221114,09:16:24,42407.80,75,382450
20221114,09:16:25,42403.50,175,382450
20221114,09:16:27,42395.00,25,382450
20221114,09:16:33,42403.85,350,382450
20221114,09:16:37,42404.15,250,382450
20221114,09:16:39,42404.95,50,382450
20221114,09:16:40,42402.20,125,382450
20221114,09:16:43,42412.95,50,382450
20221114,09:16:47,42410.85,25,382450
20221114,09:16:48,42411.95,50,382450
20221114,09:16:50,42399.05,25,382450
20221114,09:16:53,42406.10,25,382450
20221114,09:16:54,42399.00,25,382450
20221114,09:16:56,42400.00,25,382450
20221114,09:17:00,42400.00,100,382450
20221114,09:17:03,42395.00,175,382450
20221114,09:17:05,42390.00,325,382450
20221114,09:17:06,42401.00,250,382450
20221114,09:17:11,42400.00,25,382450
20221114,09:17:14,42400.00,25,382450
20221114,09:17:15,42406.00,50,382450
20221114,09:17:20,42406.00,200,382450
20221114,09:17:21,42411.95,25,382450
20221114,09:17:27,42417.00,25,382450
20221114,09:17:32,42416.00,75,381650
20221114,09:17:33,42419.65,25,381650
20221114,09:17:39,42403.05,75,381650
20221114,09:17:41,42414.55,75,381650
20221114,09:17:42,42411.15,100,381650
20221114,09:17:45,42419.95,25,381650
20221114,09:17:47,42419.90,25,381650
20221114,09:17:48,42411.00,25,381650
20221114,09:17:51,42418.55,25,381650
20221114,09:17:53,42419.60,50,381650
20221114,09:17:56,42420.00,75,381650
20221114,09:17:59,42420.00,125,381650
20221114,09:18:00,42422.05,75,381650
20221114,09:18:03,42428.65,25,381650
20221114,09:18:05,42427.70,50,381650
20221114,09:18:08,42430.95,25,381650
20221114,09:18:11,42430.25,25,381650
20221114,09:18:15,42438.25,125,381650
20221114,09:18:18,42438.80,50,381650
20221114,09:18:19,42434.45,100,381650
20221114,09:18:23,42430.00,25,381650
20221114,09:18:24,42430.00,125,381650
20221114,09:18:26,42430.00,50,381650
20221114,09:18:29,42428.05,25,381650
20221114,09:18:31,42438.00,50,381650
20221114,09:18:32,42440.00,50,381650
20221114,09:18:37,42435.90,25,381650
20221114,09:18:39,42430.00,50,381650
20221114,09:18:40,42428.05,50,381650
20221114,09:18:44,42432.65,25,381650
20221114,09:18:48,42425.05,25,381650
20221114,09:18:52,42427.05,25,381650
20221114,09:18:55,42436.00,25,381650
20221114,09:18:58,42433.90,75,381650
20221114,09:19:00,42449.00,50,381650
20221114,09:19:01,42450.00,300,381650
20221114,09:19:03,42456.00,500,381650
20221114,09:19:05,42458.05,100,381650
20221114,09:19:10,42467.25,50,381650
20221114,09:19:11,42479.10,100,381650
20221114,09:19:13,42489.35,175,381650
20221114,09:19:16,42520.00,300,381650
20221114,09:19:18,42520.00,150,381650
20221114,09:19:21,42489.00,50,381650
20221114,09:19:23,42494.15,25,381650
20221114,09:19:25,42493.05,25,381650
20221114,09:19:28,42501.00,25,381650
20221114,09:19:30,42494.15,25,381650
20221114,09:19:31,42499.95,25,381650
20221114,09:19:35,42496.45,25,381650
20221114,09:19:36,42490.90,25,381650
20221114,09:19:40,42482.00,75,381650
20221114,09:19:45,42473.95,225,381650
20221114,09:19:50,42474.05,25,381650
20221114,09:19:56,42467.20,75,381650
20221114,09:19:58,42467.15,25,381650
20221114,09:20:05,42468.90,50,381650
20221114,09:20:10,42471.45,125,381650
20221114,09:20:11,42476.05,50,381650
20221114,09:20:13,42484.00,125,381650
20221114,09:20:16,42467.00,125,381650
20221114,09:20:18,42475.05,50,381650
20221114,09:20:20,42465.00,25,381650
20221114,09:20:25,42460.00,25,381650
20221114,09:20:26,42455.20,50,381650
20221114,09:20:29,42455.20,25,381375
20221114,09:20:31,42450.00,50,381375
20221114,09:20:38,42430.00,50,381375
20221114,09:20:39,42434.45,50,381375
20221114,09:20:44,42433.30,125,381375
20221114,09:20:46,42440.00,25,381375
20221114,09:20:48,42448.00,225,381375
20221114,09:20:51,42447.00,50,381375
20221114,09:20:59,42447.00,25,381375
20221114,09:21:07,42441.55,125,381375
20221114,09:21:12,42447.70,125,381375
20221114,09:21:16,42448.20,25,381375
20221114,09:21:17,42443.75,125,381375
20221114,09:21:21,42440.00,25,381375
20221114,09:21:22,42440.00,25,381375
20221114,09:21:29,42433.05,25,381375
20221114,09:21:31,42432.20,50,381375
20221114,09:21:32,42432.05,25,381375
20221114,09:21:34,42438.75,25,381375
20221114,09:21:36,42425.00,25,381375
20221114,09:21:39,42422.05,50,381375
20221114,09:21:41,42421.05,75,381375
20221114,09:21:42,42421.00,25,381375
20221114,09:21:44,42416.05,175,381375
20221114,09:21:46,42421.00,75,381375
20221114,09:21:47,42422.80,75,381375
20221114,09:21:54,42436.95,25,381375
20221114,09:21:56,42440.00,25,381375
20221114,09:21:57,42440.95,25,381375
20221114,09:22:09,42431.95,75,381375
20221114,09:22:12,42430.00,25,381375
20221114,09:22:18,42435.00,25,381375
20221114,09:22:25,42430.20,75,381375
20221114,09:22:28,42436.60,25,381375
20221114,09:22:36,42437.00,100,381375
20221114,09:22:44,42431.95,275,381375
20221114,09:22:48,42426.15,25,381375
20221114,09:22:53,42426.15,25,381375
20221114,09:22:59,42425.35,50,381375
20221114,09:23:02,42425.85,25,381375
20221114,09:23:04,42423.00,25,381375
20221114,09:23:06,42420.00,25,381375
20221114,09:23:10,42411.40,25,381375
20221114,09:23:14,42420.00,100,381375
20221114,09:23:17,42426.00,50,381375
20221114,09:23:22,42439.95,25,381375
20221114,09:23:24,42431.30,25,381375
20221114,09:23:27,42440.00,100,381375
20221114,09:23:28,42442.00,50,381375
20221114,09:23:38,42450.00,25,381375
20221114,09:23:41,42450.00,25,381550
20221114,09:23:46,42454.35,125,381550
20221114,09:23:54,42451.95,50,381550
20221114,09:23:58,42453.00,25,381550
20221114,09:23:59,42440.00,25,381550
20221114,09:24:07,42440.00,25,381550
20221114,09:24:09,42431.95,50,381550
20221114,09:24:15,42435.40,25,381550
20221114,09:24:22,42444.20,175,381550
20221114,09:24:23,42445.35,75,381550
20221114,09:24:25,42446.70,25,381550
20221114,09:24:30,42453.00,25,381550
20221114,09:24:31,42458.00,25,381550
20221114,09:24:33,42460.00,50,381550
20221114,09:24:35,42461.95,25,381550
20221114,09:24:54,42463.25,25,381550
20221114,09:24:58,42472.35,25,381550
20221114,09:25:01,42470.35,100,381550
20221114,09:25:02,42461.95,25,381550
20221114,09:25:04,42461.95,25,381550
20221114,09:25:07,42473.60,525,381550
20221114,09:25:09,42465.30,50,381550
20221114,09:25:17,42474.75,25,381550
20221114,09:25:18,42472.00,25,381550
20221114,09:25:21,42465.00,100,381550
20221114,09:25:29,42469.90,25,381550
20221114,09:25:34,42473.45,50,381550
20221114,09:25:39,42474.80,75,381550
20221114,09:25:47,42470.05,25,381550
20221114,09:25:54,42465.00,50,381550
20221114,09:25:58,42470.00,25,381550
20221114,09:26:00,42465.05,25,381550
20221114,09:26:11,42465.20,25,381550
20221114,09:26:15,42465.05,25,381550
20221114,09:26:19,42465.05,25,381550
20221114,09:26:20,42464.20,550,381550
20221114,09:26:42,42464.20,25,382375
20221114,09:26:47,42472.00,50,382375
20221114,09:26:48,42474.00,25,382375
20221114,09:26:50,42476.00,100,382375
20221114,09:26:52,42480.95,200,382375
20221114,09:26:57,42478.75,25,382375
20221114,09:27:02,42480.00,25,382375
20221114,09:27:05,42476.85,25,382375
20221114,09:27:16,42469.10,75,382375
20221114,09:27:20,42469.60,25,382375
20221114,09:27:23,42473.45,75,382375
20221114,09:27:27,42470.95,50,382375
20221114,09:27:29,42472.00,25,382375
20221114,09:27:32,42471.00,75,382375
20221114,09:27:34,42471.45,25,382375
20221114,09:27:37,42471.70,50,382375
20221114,09:27:41,42474.00,75,382375
20221114,09:27:46,42473.00,125,382375
20221114,09:27:48,42473.75,25,382375
20221114,09:28:00,42473.70,25,382375
20221114,09:28:08,42470.00,25,382375
20221114,09:28:13,42470.75,50,382375
20221114,09:28:17,42470.00,25,382375
20221114,09:28:27,42465.00,100,382375
20221114,09:28:32,42466.85,25,382375
20221114,09:28:35,42465.00,50,382375
20221114,09:28:37,42461.30,50,382375
20221114,09:28:38,42461.95,50,382375
20221114,09:28:43,42459.00,25,382375
20221114,09:28:57,42460.50,25,382375
20221114,09:28:59,42457.45,25,382375
20221114,09:29:22,42447.70,50,382375
20221114,09:29:33,42443.95,25,382025
20221114,09:29:35,42440.90,25,382025
20221114,09:29:37,42445.95,50,382025
20221114,09:29:38,42440.00,25,382025
20221114,09:29:40,42440.45,25,382025
20221114,09:29:46,42440.00,25,382025
20221114,09:29:48,42435.40,25,382025
20221114,09:29:53,42432.75,25,382025
20221114,09:29:58,42435.00,25,382025
20221114,09:30:01,42430.00,100,382025
20221114,09:30:08,42425.00,50,382025
20221114,09:30:11,42430.00,75,382025
20221114,09:30:14,42423.05,25,382025
20221114,09:30:19,42432.15,100,382025
20221114,09:30:27,42430.05,25,382025
20221114,09:30:30,42422.05,25,382025
20221114,09:30:35,42413.45,100,382025
20221114,09:30:38,42410.20,25,382025
20221114,09:30:40,42408.05,25,382025
20221114,09:30:42,42408.50,125,382025
20221114,09:30:43,42410.00,25,382025
20221114,09:30:45,42419.00,25,382025
20221114,09:30:48,42410.00,25,382025
20221114,09:30:50,42405.75,25,382025
20221114,09:30:58,42406.20,75,382025
20221114,09:31:01,42409.25,25,382025
20221114,09:31:06,42405.35,25,382025
20221114,09:31:12,42406.70,25,382025
20221114,09:31:15,42400.00,75,382025
20221114,09:31:17,42402.00,50,382025
20221114,09:31:20,42400.25,200,382025
20221114,09:31:28,42410.00,50,382025
20221114,09:31:30,42425.85,25,382025
20221114,09:31:42,42417.90,125,382025
20221114,09:31:44,42411.45,25,382025
20221114,09:31:53,42404.90,50,382025
20221114,09:31:58,42405.40,25,382025
20221114,09:32:00,42400.05,50,382025
20221114,09:32:03,42408.25,100,382025
20221114,09:32:04,42409.70,25,382025
20221114,09:32:08,42400.00,25,382025
20221114,09:32:11,42400.00,25,382025
20221114,09:32:19,42401.00,25,382025
20221114,09:32:23,42400.75,50,382025
20221114,09:32:26,42407.60,25,382025
20221114,09:32:34,42402.00,25,382025
20221114,09:32:36,42400.00,75,381950
20221114,09:32:41,42400.00,25,381950
20221114,09:32:42,42400.00,50,381950
20221114,09:32:44,42399.40,275,381950
20221114,09:32:50,42400.00,25,381950
20221114,09:32:52,42399.40,25,381950
20221114,09:32:54,42408.00,125,381950
20221114,09:32:57,42406.65,225,381950
20221114,09:33:02,42396.00,25,381950
20221114,09:33:05,42393.00,25,381950
20221114,09:33:11,42384.00,950,381950
20221114,09:33:13,42381.00,100,381950
20221114,09:33:15,42382.25,75,381950
20221114,09:33:16,42383.90,25,381950
20221114,09:33:18,42382.05,100,381950
20221114,09:33:21,42380.00,25,381950
20221114,09:33:23,42379.05,25,381950
20221114,09:33:26,42383.90,50,381950
20221114,09:33:34,42384.55,25,381950
20221114,09:33:35,42380.00,50,381950
20221114,09:33:38,42384.05,25,381950
20221114,09:33:42,42380.50,25,381950
20221114,09:33:46,42379.05,75,381950
20221114,09:33:47,42379.00,25,381950
20221114,09:33:49,42379.00,25,381950
20221114,09:33:52,42380.00,25,381950
20221114,09:34:00,42383.90,75,381950
20221114,09:34:03,42375.20,100,381950
20221114,09:34:04,42375.00,125,381950
20221114,09:34:07,42374.00,25,381950
20221114,09:34:09,42370.35,75,381950
20221114,09:34:14,42363.00,50,381950
20221114,09:34:17,42368.60,50,381950
20221114,09:34:19,42360.50,75,381950
20221114,09:34:22,42360.00,50,381950
20221114,09:34:23,42368.25,50,381950
20221114,09:34:25,42360.90,75,381950
20221114,09:34:28,42363.85,50,381950
20221114,09:34:30,42370.95,75,381950
20221114,09:34:31,42372.55,50,381950
20221114,09:34:35,42374.10,25,381950
20221114,09:34:41,42374.35,25,381950
20221114,09:34:42,42374.60,25,381950
20221114,09:34:47,42374.60,175,381950
20221114,09:34:49,42368.70,25,381950
20221114,09:34:50,42365.30,75,381950
20221114,09:34:52,42365.30,25,381950
20221114,09:34:54,42365.25,50,381950
20221114,09:34:55,42366.15,400,381950
20221114,09:34:57,42373.65,25,381950
20221114,09:35:01,42364.55,75,381950
20221114,09:35:05,42364.60,25,381950
20221114,09:35:06,42361.40,25,381950
20221114,09:35:09,42360.00,25,381950
20221114,09:35:11,42360.00,25,381950
20221114,09:35:12,42361.90,150,381950
20221114,09:35:14,42351.05,75,381950
20221114,09:35:16,42355.95,25,381950
20221114,09:35:17,42351.00,50,381950
20221114,09:35:19,42350.50,50,381950
20221114,09:35:21,42350.00,50,381950
20221114,09:35:24,42359.00,100,381950
20221114,09:35:29,42361.95,125,381950
20221114,09:35:30,42352.00,200,381400
20221114,09:35:35,42350.20,50,381400
20221114,09:35:38,42352.00,50,381400
20221114,09:35:41,42363.00,100,381400
20221114,09:35:43,42364.55,75,381400
20221114,09:35:46,42369.00,75,381400
20221114,09:35:50,42369.90,25,381400
20221114,09:35:53,42370.00,25,381400
20221114,09:35:55,42371.70,25,381400
20221114,09:36:01,42381.80,50,381400
20221114,09:36:03,42382.90,25,381400
20221114,09:36:06,42383.05,25,381400
20221114,09:36:13,42380.65,25,381400
20221114,09:36:14,42380.65,50,381400
20221114,09:36:19,42384.10,25,381400
20221114,09:36:21,42389.95,50,381400
20221114,09:36:22,42381.75,125,381400
20221114,09:36:34,42388.60,25,381400
20221114,09:36:37,42387.35,150,381400
20221114,09:36:42,42385.00,25,381400
20221114,09:36:45,42374.40,150,381400
20221114,09:36:49,42371.75,25,381400
20221114,09:36:50,42373.95,25,381400
20221114,09:36:57,42373.25,25,381400
20221114,09:36:58,42372.60,50,381400
20221114,09:37:02,42373.95,50,381400
20221114,09:37:08,42377.75,150,381400
20221114,09:37:10,42383.05,50,381400
20221114,09:37:11,42376.05,25,381400
20221114,09:37:19,42385.00,25,381400
20221114,09:37:22,42389.00,50,381400
20221114,09:37:25,42396.45,25,381400
20221114,09:37:36,42390.10,75,381400
20221114,09:38:06,42389.40,25,381400
20221114,09:38:19,42374.50,25,381400
20221114,09:38:27,42381.60,25,381400
20221114,09:38:35,42378.85,25,381125
20221114,09:38:40,42373.30,50,381125
20221114,09:38:42,42370.75,100,381125
20221114,09:38:43,42373.80,25,381125
20221114,09:38:48,42374.30,50,381125
20221114,09:38:56,42370.00,125,381125
20221114,09:39:06,42363.95,25,381125
20221114,09:39:07,42357.05,25,381125
20221114,09:39:11,42363.95,25,381125
20221114,09:39:12,42366.35,25,381125
20221114,09:39:14,42372.95,75,381125
20221114,09:39:22,42367.60,25,381125
20221114,09:39:24,42375.60,25,381125
20221114,09:39:38,42380.00,50,381125
20221114,09:39:41,42380.00,25,381125
20221114,09:39:45,42379.35,100,381125
20221114,09:40:01,42386.35,25,381125
20221114,09:40:04,42390.00,25,381125
20221114,09:40:12,42406.40,75,381125
20221114,09:40:17,42408.50,100,381125
20221114,09:40:22,42410.00,50,381125
20221114,09:40:28,42424.00,75,381125
20221114,09:40:30,42430.00,100,381125
20221114,09:40:33,42423.60,75,381125
20221114,09:40:35,42432.95,50,381125
20221114,09:40:41,42429.50,25,381125
20221114,09:40:43,42430.95,25,381125
20221114,09:40:44,42419.35,50,381125
20221114,09:40:50,42419.95,50,381125
20221114,09:41:01,42423.65,100,381125
20221114,09:41:15,42413.65,25,381125
20221114,09:41:40,42406.40,25,381200
20221114,09:41:56,42412.75,25,381200
20221114,09:42:02,42421.50,25,381200
20221114,09:42:11,42421.50,50,381200
20221114,09:42:16,42421.50,25,381200
20221114,09:42:24,42422.80,100,381200
20221114,09:42:36,42413.15,50,381200
20221114,09:42:38,42408.05,200,381200
20221114,09:42:40,42412.00,50,381200
20221114,09:42:41,42413.05,100,381200
20221114,09:42:43,42413.55,125,381200
20221114,09:42:56,42412.20,25,381200
20221114,09:43:08,42404.00,25,381200
20221114,09:43:16,42413.00,100,381200
20221114,09:43:23,42412.90,25,381200
20221114,09:43:24,42420.95,75,381200
20221114,09:43:26,42415.00,25,381200
20221114,09:43:31,42413.55,25,381200
20221114,09:43:32,42413.00,25,381200
20221114,09:43:36,42416.00,50,381200
20221114,09:43:52,42404.45,100,381200
20221114,09:44:02,42401.95,100,381200
20221114,09:44:10,42400.00,25,381200
20221114,09:44:17,42405.15,25,381200
20221114,09:44:49,42410.70,50,381550
20221114,09:44:54,42405.75,25,381550
20221114,09:44:56,42411.90,325,381550
20221114,09:45:04,42414.65,25,381550
20221114,09:45:20,42410.00,50,381550
20221114,09:45:21,42410.00,25,381550
20221114,09:45:23,42410.00,50,381550
20221114,09:45:24,42412.25,175,381550
20221114,09:45:26,42410.00,50,381550
20221114,09:45:29,42400.00,275,381550
20221114,09:45:31,42403.85,100,381550
20221114,09:45:32,42400.00,50,381550
20221114,09:45:34,42400.00,25,381550
20221114,09:45:35,42400.00,100,381550
20221114,09:45:45,42406.40,25,381550
20221114,09:46:06,42401.00,25,381550
20221114,09:46:07,42397.00,25,381550
20221114,09:46:09,42394.45,125,381550
20221114,09:46:25,42400.00,25,381550
20221114,09:46:27,42401.00,75,381550
20221114,09:46:40,42394.25,100,381550
20221114,09:46:43,42401.95,25,381550
20221114,09:46:46,42404.90,125,381550
20221114,09:47:00,42400.55,25,381550
20221114,09:47:11,42397.75,50,381550
20221114,09:47:30,42392.00,25,381550
20221114,09:47:32,42392.70,50,381550
20221114,09:48:05,42391.05,75,381750
20221114,09:48:13,42398.85,100,381750
20221114,09:48:16,42400.00,25,381750
20221114,09:48:29,42399.65,25,381750
20221114,09:48:35,42405.00,125,381750
20221114,09:48:37,42401.15,25,381750
20221114,09:48:38,42396.60,25,381750
20221114,09:48:41,42397.00,25,381750
20221114,09:49:18,42390.65,25,381750
20221114,09:49:23,42390.00,175,381750
20221114,09:49:33,42387.25,50,381750
20221114,09:49:38,42377.40,25,381750
20221114,09:49:50,42378.40,25,381750
20221114,09:50:03,42371.15,75,381750
20221114,09:50:04,42371.65,50,381750
20221114,09:50:08,42372.05,25,381750
20221114,09:50:09,42372.05,25,381750
20221114,09:50:11,42367.20,50,381750
20221114,09:50:13,42375.00,50,381750
20221114,09:50:16,42380.50,75,381750
20221114,09:50:21,42373.80,50,381750
20221114,09:50:26,42380.70,275,381750
20221114,09:50:32,42373.55,50,381750
20221114,09:50:42,42373.60,25,381475
20221114,09:50:44,42371.00,50,381475
20221114,09:50:46,42371.25,25,381475
20221114,09:50:49,42370.00,25,381475
20221114,09:50:51,42368.40,25,381475
20221114,09:50:52,42366.55,125,381475
20221114,09:50:54,42360.00,75,381475
20221114,09:50:56,42359.55,175,381475
20221114,09:50:59,42364.55,75,381475
20221114,09:51:01,42358.40,50,381475
20221114,09:51:02,42355.00,25,381475
20221114,09:51:04,42350.00,450,381475
20221114,09:51:06,42350.00,250,381475
20221114,09:51:07,42350.00,100,381475
20221114,09:51:09,42346.00,75,381475
20221114,09:51:12,42350.00,75,381475
20221114,09:51:16,42348.25,50,381475
20221114,09:51:17,42347.95,25,381475
20221114,09:51:19,42348.85,75,381475
20221114,09:51:22,42352.55,50,381475
20221114,09:51:24,42359.85,25,381475
20221114,09:51:26,42353.05,50,381475
20221114,09:51:29,42353.55,50,381475
20221114,09:51:30,42353.10,50,381475
20221114,09:51:35,42353.05,25,381475
20221114,09:51:38,42344.05,25,381475
20221114,09:51:45,42346.70,100,381475
20221114,09:51:50,42341.90,25,381475
20221114,09:51:52,42347.20,50,381475
20221114,09:51:53,42347.70,50,381475
20221114,09:51:55,42350.00,25,381475
20221114,09:52:05,42350.90,50,381475
20221114,09:52:11,42345.05,25,381475
20221114,09:52:13,42351.70,25,381475
20221114,09:52:16,42353.05,25,381475
20221114,09:52:18,42355.70,25,381475
20221114,09:52:19,42362.40,75,381475
20221114,09:52:26,42361.55,50,381475
20221114,09:52:37,42354.65,50,381475
20221114,09:52:42,42356.15,25,381475
20221114,09:52:49,42350.90,25,381475
20221114,09:52:50,42350.25,25,381475
20221114,09:53:00,42356.15,25,381475
20221114,09:53:03,42361.55,25,381475
20221114,09:53:05,42359.05,50,381475
20221114,09:53:16,42367.65,25,381475
20221114,09:53:28,42359.05,25,381475
20221114,09:53:38,42361.00,50,380975
20221114,09:53:45,42359.05,25,380975
20221114,09:53:48,42354.05,75,380975
20221114,09:53:53,42361.80,225,380975
20221114,09:54:04,42361.80,75,380975
20221114,09:54:07,42361.80,25,380975
20221114,09:54:12,42361.80,25,380975
20221114,09:54:14,42361.85,25,380975
20221114,09:54:15,42363.95,25,380975
20221114,09:54:28,42367.65,75,380975
20221114,09:54:30,42371.00,25,380975
20221114,09:54:37,42372.55,25,380975
20221114,09:54:45,42376.00,25,380975
20221114,09:54:47,42373.75,50,380975
20221114,09:54:53,42380.65,75,380975
20221114,09:55:00,42385.15,25,380975
20221114,09:55:03,42382.15,25,380975
20221114,09:55:11,42380.65,25,380975
20221114,09:55:13,42382.15,50,380975
20221114,09:55:16,42381.90,75,380975
20221114,09:55:22,42371.05,25,380975
20221114,09:55:26,42383.40,75,380975
20221114,09:55:27,42377.00,100,380975
20221114,09:55:32,42380.55,25,380975
20221114,09:55:38,42385.00,25,380975
20221114,09:55:50,42400.00,75,380975
20221114,09:55:55,42400.00,25,380975
20221114,09:56:05,42400.00,25,380975
20221114,09:56:16,42392.20,25,380975
20221114,09:56:21,42384.00,50,380975
20221114,09:56:35,42380.00,75,380625
20221114,09:56:47,42380.00,50,380625
20221114,09:56:53,42370.00,75,380625
20221114,09:57:03,42368.00,50,380625
20221114,09:57:26,42371.65,25,380625
20221114,09:57:50,42369.05,25,380625
20221114,09:57:53,42371.65,25,380625
20221114,09:58:19,42387.95,25,380625
20221114,09:58:31,42383.95,50,380625
20221114,09:58:33,42385.85,75,380625
20221114,09:58:35,42377.85,25,380625
20221114,09:58:36,42390.95,25,380625
20221114,09:58:39,42393.95,50,380625
20221114,09:58:44,42385.50,75,380625
20221114,09:58:52,42390.95,25,380625
20221114,09:58:53,42395.00,100,380625
20221114,09:58:56,42398.00,25,380625
20221114,09:59:01,42398.00,25,380625
20221114,09:59:02,42400.00,50,380625
20221114,09:59:04,42400.00,100,380625
20221114,09:59:10,42403.00,25,380625
20221114,09:59:28,42403.05,100,380625
20221114,09:59:29,42403.00,50,380625
20221114,09:59:34,42409.95,25,380625
20221114,09:59:42,42410.00,25,380650
20221114,09:59:45,42410.00,50,380650
20221114,09:59:48,42412.00,25,380650
20221114,09:59:57,42408.60,25,380650
20221114,10:00:00,42414.55,50,380650
20221114,10:00:02,42412.00,25,380650
20221114,10:00:11,42420.00,25,380650
20221114,10:00:13,42421.00,75,380650
20221114,10:00:15,42426.80,50,380650
20221114,10:00:28,42426.80,50,380650
20221114,10:00:30,42424.85,50,380650
20221114,10:00:31,42428.00,25,380650
20221114,10:00:33,42429.00,25,380650
20221114,10:00:38,42422.00,25,380650
20221114,10:00:46,42429.00,25,380650
20221114,10:00:47,42425.55,100,380650
20221114,10:00:59,42430.80,125,380650
20221114,10:01:08,42430.00,300,380650
20221114,10:01:12,42430.00,525,380650
20221114,10:01:15,42429.95,25,380650
20221114,10:01:20,42420.00,25,380650
20221114,10:01:28,42416.00,100,380650
20221114,10:01:30,42412.25,50,380650
20221114,10:01:58,42409.90,25,380650
20221114,10:02:28,42406.05,25,380650
20221114,10:02:30,42410.05,25,380650
20221114,10:02:35,42410.00,800,380650
20221114,10:02:38,42400.00,50,381525
20221114,10:02:46,42397.45,25,381525
20221114,10:02:48,42402.95,50,381525
20221114,10:02:51,42401.75,25,381525
20221114,10:02:53,42401.70,50,381525
20221114,10:02:56,42400.40,25,381525
20221114,10:02:59,42401.65,25,381525
20221114,10:03:01,42396.65,50,381525
20221114,10:03:06,42402.00,25,381525
20221114,10:03:07,42401.05,25,381525
20221114,10:03:09,42401.20,75,381525
20221114,10:03:11,42409.35,25,381525
20221114,10:03:17,42418.00,100,381525
20221114,10:03:28,42411.80,25,381525
20221114,10:03:48,42412.95,50,381525
20221114,10:03:53,42410.05,25,381525
20221114,10:03:59,42405.85,25,381525
20221114,10:04:09,42404.40,125,381525
20221114,10:04:32,42390.20,25,381525
20221114,10:04:33,42390.20,25,381525
20221114,10:04:35,42390.00,25,381525
20221114,10:05:02,42398.20,25,381525
20221114,10:05:15,42390.05,25,381525
20221114,10:05:18,42390.95,25,381525
20221114,10:05:22,42390.95,25,381525
20221114,10:05:26,42380.00,400,381525
20221114,10:05:49,42383.55,50,381275
20221114,10:06:05,42378.00,125,381275
20221114,10:06:08,42373.85,25,381275
20221114,10:06:13,42372.65,50,381275
20221114,10:06:18,42374.70,50,381275
20221114,10:06:28,42372.65,25,381275
20221114,10:06:32,42379.35,25,381275
20221114,10:06:35,42375.15,25,381275
20221114,10:06:44,42375.15,100,381275
20221114,10:06:47,42372.15,50,381275
20221114,10:06:50,42370.15,50,381275
20221114,10:06:53,42370.00,25,381275
20221114,10:06:55,42372.15,50,381275
20221114,10:06:56,42370.15,25,381275
20221114,10:06:58,42370.00,25,381275
20221114,10:07:06,42370.00,25,381275
20221114,10:07:09,42370.15,25,381275
20221114,10:07:11,42370.00,50,381275
20221114,10:07:13,42370.20,25,381275
20221114,10:07:14,42370.05,50,381275
20221114,10:07:16,42378.60,25,381275
20221114,10:07:26,42378.85,25,381275
20221114,10:07:31,42370.05,25,381275
20221114,10:07:41,42370.15,50,381275
20221114,10:07:44,42375.00,75,381275
20221114,10:07:49,42380.60,125,381275
20221114,10:07:55,42380.00,25,381275
20221114,10:08:02,42381.50,25,381275
20221114,10:08:07,42382.85,25,381275
20221114,10:08:19,42383.65,25,381275
20221114,10:08:22,42384.80,25,381275
20221114,10:08:41,42384.05,75,380825
20221114,10:08:53,42386.95,25,380825
20221114,10:08:56,42380.00,50,380825
20221114,10:08:58,42387.00,75,380825
20221114,10:09:01,42380.00,75,380825
20221114,10:09:02,42380.00,75,380825
20221114,10:09:12,42375.00,25,380825
20221114,10:09:17,42370.00,150,380825
20221114,10:09:20,42370.00,75,380825
20221114,10:09:22,42370.00,75,380825
20221114,10:09:23,42370.00,25,380825
20221114,10:09:33,42370.00,25,380825
20221114,10:09:36,42370.00,50,380825
20221114,10:09:43,42370.00,25,380825
20221114,10:09:46,42371.50,150,380825
20221114,10:09:52,42372.00,25,380825
20221114,10:09:58,42363.10,250,380825
20221114,10:10:08,42370.55,25,380825
20221114,10:10:11,42372.00,25,380825
20221114,10:10:17,42375.00,25,380825
20221114,10:10:21,42378.65,50,380825
20221114,10:10:25,42371.90,25,380825
20221114,10:10:30,42378.65,25,380825
20221114,10:10:40,42378.65,75,380825
20221114,10:10:41,42378.65,25,380825
20221114,10:10:43,42379.65,50,380825
20221114,10:10:45,42380.40,50,380825
20221114,10:10:54,42378.65,25,380825
20221114,10:11:01,42383.35,50,380825
20221114,10:11:26,42383.35,25,380825
20221114,10:11:33,42382.85,25,380825
20221114,10:11:36,42380.00,25,380825
20221114,10:11:56,42383.00,25,380675
20221114,10:12:12,42384.10,25,380675
20221114,10:12:22,42383.00,100,380675
20221114,10:12:30,42383.15,25,380675
20221114,10:12:52,42380.00,25,380675
20221114,10:13:00,42385.00,25,380675
20221114,10:13:01,42387.50,50,380675
20221114,10:13:21,42375.00,25,380675
20221114,10:13:34,42375.00,1025,380675
20221114,10:13:35,42375.00,50,380675
20221114,10:13:37,42375.00,125,380675
20221114,10:13:42,42370.00,25,380675
20221114,10:13:48,42375.70,50,380675
20221114,10:14:03,42367.60,50,380675
20221114,10:14:08,42361.00,25,380675
20221114,10:14:33,42364.45,50,380675
20221114,10:14:36,42364.45,25,380675
20221114,10:14:40,42360.95,25,380250
20221114,10:14:43,42360.00,25,380250
20221114,10:14:46,42360.00,25,380250
20221114,10:14:51,42355.70,25,380250
20221114,10:14:54,42355.70,50,380250
20221114,10:14:58,42364.40,50,380250
20221114,10:15:06,42361.00,50,380250
20221114,10:15:08,42355.50,50,380250
20221114,10:15:09,42355.50,25,380250
20221114,10:15:11,42355.00,25,380250
20221114,10:15:22,42350.00,150,380250
20221114,10:15:24,42345.00,50,380250
20221114,10:15:26,42345.00,75,380250
20221114,10:15:27,42344.65,100,380250
20221114,10:15:29,42344.20,25,380250
20221114,10:15:32,42348.75,50,380250
20221114,10:15:37,42347.00,25,380250
20221114,10:15:38,42344.05,25,380250
20221114,10:15:40,42342.00,25,380250
20221114,10:15:42,42342.00,25,380250
20221114,10:15:46,42343.00,100,380250
20221114,10:15:50,42343.00,50,380250
20221114,10:15:54,42347.10,25,380250
20221114,10:15:56,42348.20,25,380250
20221114,10:15:57,42354.20,50,380250
20221114,10:16:22,42355.00,25,380250
20221114,10:17:01,42345.55,50,380250
20221114,10:17:04,42336.90,325,380250
20221114,10:17:07,42329.00,125,380250
20221114,10:17:09,42329.50,75,380250
20221114,10:17:10,42321.65,100,380250
20221114,10:17:12,42321.65,25,380250
20221114,10:17:25,42341.40,25,380250
20221114,10:17:27,42337.85,25,380250
20221114,10:17:30,42330.00,25,380250
20221114,10:17:32,42326.90,25,380250
20221114,10:17:35,42334.65,50,380250
20221114,10:17:37,42341.80,25,380250
20221114,10:17:42,42336.95,25,380275
20221114,10:17:46,42337.85,50,380275
20221114,10:17:51,42337.85,25,380275
20221114,10:17:59,42327.30,25,380275
20221114,10:18:14,42327.30,25,380275
20221114,10:18:17,42328.70,50,380275
20221114,10:18:40,42334.75,125,380275
20221114,10:18:57,42347.95,25,380275
20221114,10:19:00,42346.00,75,380275
20221114,10:19:10,42346.00,25,380275
20221114,10:19:15,42351.00,175,380275
20221114,10:19:41,42362.45,50,380275
20221114,10:19:48,42362.95,25,380275
20221114,10:19:53,42353.60,25,380275
20221114,10:20:00,42356.05,25,380275
20221114,10:20:11,42369.50,50,380275
20221114,10:20:31,42375.00,25,380275
20221114,10:20:56,42374.55,25,380450
20221114,10:20:57,42377.00,50,380450
20221114,10:21:01,42383.00,25,380450
20221114,10:21:09,42376.95,50,380450
20221114,10:21:20,42370.25,25,380450
20221114,10:21:50,42375.00,25,380450
20221114,10:22:16,42369.50,50,380450
20221114,10:22:31,42365.00,25,380450
20221114,10:22:41,42356.55,50,380450
20221114,10:22:43,42353.90,25,380450
20221114,10:22:46,42353.05,25,380450
20221114,10:22:49,42353.65,25,380450
20221114,10:22:54,42361.95,25,380450
20221114,10:22:55,42359.95,25,380450
20221114,10:22:57,42352.10,25,380450
20221114,10:23:01,42359.95,50,380450
20221114,10:23:03,42350.90,50,380450
20221114,10:23:06,42349.05,25,380450
20221114,10:23:43,42347.50,50,380425
20221114,10:23:53,42342.85,25,380425
20221114,10:23:54,42347.50,25,380425
20221114,10:23:59,42350.00,25,380425
20221114,10:24:03,42353.65,25,380425
20221114,10:24:05,42345.05,50,380425
20221114,10:24:18,42359.95,50,380425
20221114,10:24:23,42353.50,25,380425
20221114,10:24:33,42349.05,25,380425
20221114,10:24:40,42350.65,100,380425
20221114,10:24:41,42349.00,25,380425
20221114,10:25:01,42363.55,25,380425
20221114,10:25:02,42363.60,25,380425
20221114,10:25:12,42349.05,25,380425
20221114,10:25:19,42348.50,50,380425
20221114,10:25:20,42343.90,25,380425
20221114,10:25:56,42347.70,50,380425
20221114,10:26:06,42344.05,25,380425
20221114,10:26:14,42344.00,50,380425
20221114,10:26:27,42341.70,25,380425
20221114,10:26:43,42349.50,50,380500
20221114,10:26:49,42341.70,25,380500
20221114,10:26:54,42346.30,50,380500
20221114,10:26:57,42340.00,50,380500
20221114,10:27:01,42335.15,25,380500
20221114,10:27:23,42340.05,50,380500
20221114,10:27:29,42337.05,25,380500
20221114,10:27:33,42337.05,25,380500
20221114,10:27:53,42346.10,25,380500
20221114,10:28:00,42345.10,25,380500
20221114,10:28:03,42338.00,125,380500
20221114,10:28:09,42343.90,25,380500
20221114,10:28:19,42346.35,50,380500
20221114,10:28:22,42343.80,25,380500
20221114,10:28:25,42343.25,25,380500
20221114,10:28:39,42340.00,25,380500
20221114,10:28:52,42340.00,25,380500
20221114,10:29:03,42336.50,50,380500
20221114,10:29:05,42336.50,25,380500
20221114,10:29:06,42335.15,50,380500
20221114,10:29:10,42335.00,25,380500
20221114,10:29:11,42337.20,25,380500
20221114,10:29:18,42340.00,75,380500
20221114,10:29:33,42343.10,25,380500
20221114,10:29:55,42328.25,200,380500
20221114,10:29:57,42327.35,25,380425
20221114,10:30:09,42341.30,125,380425
20221114,10:30:24,42341.30,25,380425
20221114,10:30:26,42338.45,25,380425
20221114,10:30:29,42341.30,50,380425
20221114,10:30:45,42340.00,25,380425
20221114,10:31:09,42333.00,25,380425
20221114,10:31:21,42338.30,25,380425
20221114,10:31:24,42338.55,25,380425
20221114,10:31:40,42334.20,900,380425
20221114,10:31:43,42345.00,50,380425
20221114,10:31:57,42346.00,125,380425
20221114,10:32:02,42340.80,25,380425
20221114,10:32:21,42347.80,25,380425
20221114,10:32:38,42347.35,25,380425
20221114,10:32:40,42347.20,25,380425
20221114,10:33:03,42338.20,25,380800
20221114,10:33:05,42333.15,25,380800
20221114,10:33:07,42325.10,75,380800
20221114,10:33:08,42316.00,1325,380800
20221114,10:33:10,42310.00,50,380800
20221114,10:33:13,42317.70,25,380800
20221114,10:33:22,42322.75,150,380800
20221114,10:33:25,42324.65,50,380800
20221114,10:33:30,42317.30,125,380800
20221114,10:33:38,42322.20,50,380800
20221114,10:33:43,42329.55,25,380800
20221114,10:33:50,42333.25,25,380800
20221114,10:34:01,42334.40,25,380800
20221114,10:34:06,42340.45,25,380800
20221114,10:34:35,42335.15,25,380800
20221114,10:34:48,42333.70,25,380800
20221114,10:34:51,42333.95,25,380800
20221114,10:34:53,42324.30,25,380800
20221114,10:35:00,42335.90,25,380800
20221114,10:35:29,42330.00,25,380800
20221114,10:35:43,42322.25,50,381575
20221114,10:35:48,42324.55,25,381575
20221114,10:36:09,42328.05,50,381575
20221114,10:36:18,42325.00,25,381575
20221114,10:36:39,42338.95,25,381575
20221114,10:36:55,42340.00,50,381575
20221114,10:37:22,42335.00,25,381575
20221114,10:37:24,42335.70,25,381575
20221114,10:37:29,42330.05,25,381575
20221114,10:38:04,42339.75,25,381575
20221114,10:38:44,42333.15,25,381675
20221114,10:39:05,42328.10,100,381675
20221114,10:39:22,42351.15,100,381675
20221114,10:39:27,42348.55,25,381675
20221114,10:39:30,42346.25,25,381675
20221114,10:39:51,42353.00,25,381675
20221114,10:39:59,42361.10,75,381675
20221114,10:40:03,42368.75,25,381675
20221114,10:40:09,42360.00,25,381675
20221114,10:40:19,42356.75,50,381675
20221114,10:40:40,42356.45,25,381675
20221114,10:40:48,42350.05,25,381675
20221114,10:40:52,42359.85,25,381675
20221114,10:40:54,42351.45,25,381675
20221114,10:40:57,42359.00,25,381675
20221114,10:41:03,42360.00,25,381675
20221114,10:41:05,42365.00,25,381675
20221114,10:41:11,42360.00,25,381675
20221114,10:41:15,42358.95,25,381675
20221114,10:41:29,42357.45,25,381675
20221114,10:41:59,42357.75,25,381675
20221114,10:42:09,42359.30,25,381675
20221114,10:42:13,42358.90,25,381675
20221114,10:42:25,42365.00,25,381675
20221114,10:42:46,42370.00,125,381675
20221114,10:42:50,42381.00,125,381675
20221114,10:42:52,42381.85,25,381675
20221114,10:43:09,42384.35,25,381675
20221114,10:43:12,42380.00,25,381675
20221114,10:43:14,42380.00,25,381675
20221114,10:43:15,42381.85,25,381675
20221114,10:43:17,42380.00,200,381675
20221114,10:43:25,42369.95,25,381675
20221114,10:43:39,42367.90,25,381675
20221114,10:43:40,42365.00,25,381675
20221114,10:43:42,42365.00,50,381675
20221114,10:43:43,42367.10,25,381675
20221114,10:43:50,42368.15,25,381675
20221114,10:43:51,42369.00,25,381675
20221114,10:44:10,42360.75,25,381675
20221114,10:44:15,42356.90,25,381675
20221114,10:44:56,42365.00,25,381750
20221114,10:45:06,42360.00,25,381750
20221114,10:45:10,42355.60,25,381750
20221114,10:45:29,42356.00,25,381750
20221114,10:45:33,42357.95,25,381750
20221114,10:45:50,42355.00,25,381750
20221114,10:46:02,42355.00,25,381750
20221114,10:46:16,42357.95,25,381750
20221114,10:46:18,42360.00,25,381750
20221114,10:46:26,42370.00,50,381750
20221114,10:47:07,42374.85,25,381750
20221114,10:47:28,42370.00,75,381750
20221114,10:47:32,42370.00,50,381750
20221114,10:47:51,42370.00,50,381800
20221114,10:47:59,42370.45,25,381800
20221114,10:48:04,42368.70,25,381800
20221114,10:48:07,42379.90,25,381800
20221114,10:48:15,42380.00,25,381800
20221114,10:48:18,42379.35,50,381800
20221114,10:48:20,42380.00,25,381800
20221114,10:48:42,42375.50,25,381800
20221114,10:49:28,42378.00,25,381800
20221114,10:49:45,42380.00,25,381800
20221114,10:49:49,42379.00,50,381800
20221114,10:49:56,42380.00,100,381800
20221114,10:50:00,42385.00,100,381800
20221114,10:50:08,42390.35,25,381800
20221114,10:50:11,42385.00,25,381800
20221114,10:50:13,42388.35,25,381800
20221114,10:50:24,42390.60,125,381800
20221114,10:50:31,42388.35,25,381800
20221114,10:50:44,42399.00,25,381800
20221114,10:50:45,42399.00,25,381800
20221114,10:50:48,42399.00,50,381875
20221114,10:51:01,42400.00,75,381875
20221114,10:51:04,42400.00,75,381875
20221114,10:51:07,42410.95,25,381875
20221114,10:51:08,42410.90,25,381875
20221114,10:51:10,42412.95,50,381875
20221114,10:51:12,42404.25,275,381875
20221114,10:51:19,42415.95,25,381875
20221114,10:51:29,42410.00,75,381875
20221114,10:51:34,42408.95,25,381875
20221114,10:51:47,42408.95,25,381875
20221114,10:51:53,42410.00,150,381875
20221114,10:52:03,42411.00,100,381875
20221114,10:52:04,42405.00,25,381875
20221114,10:52:23,42399.00,100,381875
20221114,10:52:28,42398.95,50,381875
20221114,10:52:39,42390.00,50,381875
20221114,10:52:42,42390.00,25,381875
20221114,10:52:44,42388.60,25,381875
20221114,10:53:06,42382.00,25,381875
20221114,10:53:16,42374.80,25,381875
20221114,10:53:24,42374.85,25,381875
20221114,10:53:49,42375.90,25,381375
20221114,10:53:51,42377.90,25,381375
20221114,10:53:54,42380.95,25,381375
20221114,10:54:17,42384.00,25,381375
20221114,10:54:32,42385.00,25,381375
20221114,10:54:35,42385.00,25,381375
20221114,10:54:50,42382.90,25,381375
20221114,10:55:04,42385.05,25,381375
20221114,10:55:09,42394.80,25,381375
20221114,10:55:17,42397.95,25,381375
20221114,10:55:18,42398.95,25,381375
20221114,10:55:39,42390.00,25,381375
20221114,10:55:41,42385.00,25,381375
20221114,10:55:44,42387.00,225,381375
20221114,10:55:54,42372.65,25,381375
20221114,10:56:07,42375.40,50,381375
20221114,10:56:10,42375.10,25,381375
20221114,10:56:31,42375.10,25,381375
20221114,10:56:39,42376.70,25,381375
20221114,10:56:44,42389.20,50,381375
20221114,10:57:42,42375.55,100,381475
20221114,10:58:14,42379.05,50,381475
20221114,10:58:18,42375.10,25,381475
20221114,10:58:21,42375.00,25,381475
20221114,10:58:27,42375.00,50,381475
20221114,10:58:54,42370.00,25,381475
20221114,10:59:17,42357.95,25,381475
20221114,10:59:20,42356.80,75,381475
20221114,11:00:06,42357.00,25,381700
20221114,11:00:09,42357.00,25,381700
20221114,11:00:13,42357.00,75,381700
20221114,11:00:14,42350.00,100,381700
20221114,11:01:20,42365.00,50,381700
20221114,11:01:23,42371.90,25,381700
20221114,11:01:29,42371.85,25,381700
20221114,11:02:33,42358.05,100,381700
20221114,11:02:44,42361.40,75,381700
20221114,11:02:55,42372.75,75,381725
20221114,11:03:09,42373.40,50,381725
20221114,11:03:13,42369.30,25,381725
20221114,11:03:18,42366.45,25,381725
20221114,11:03:22,42373.45,25,381725
20221114,11:03:24,42370.00,25,381725
20221114,11:04:08,42371.65,25,381725
20221114,11:04:47,42375.00,50,381725
20221114,11:05:19,42380.00,25,381725
20221114,11:05:21,42375.55,25,381725
20221114,11:06:17,42375.55,600,381775
20221114,11:06:51,42370.00,25,381775
20221114,11:06:52,42366.95,25,381775
20221114,11:06:56,42361.40,25,381775
20221114,11:07:37,42359.00,25,381775
20221114,11:07:50,42356.85,25,381775
20221114,11:07:52,42352.00,25,381775
20221114,11:08:03,42350.00,25,381775
20221114,11:09:22,42351.90,25,382075
20221114,11:09:23,42350.00,25,382075
20221114,11:09:28,42350.00,175,382075
20221114,11:09:30,42347.10,50,382075
20221114,11:09:54,42350.00,50,382075
20221114,11:10:00,42347.85,25,382075
20221114,11:10:06,42352.95,25,382075
20221114,11:10:18,42355.00,25,382075
20221114,11:10:47,42340.00,75,382075
20221114,11:11:13,42350.20,50,382075
20221114,11:11:19,42342.45,25,382075
20221114,11:11:26,42342.75,25,382075
20221114,11:11:50,42359.25,25,382300
20221114,11:12:09,42365.00,25,382300
20221114,11:12:16,42366.75,25,382300
20221114,11:12:40,42360.35,25,382300
20221114,11:13:26,42350.00,25,382300
20221114,11:14:02,42350.00,25,382300
20221114,11:14:32,42350.00,25,382300
20221114,11:15:11,42355.25,25,382325
20221114,11:15:30,42360.00,25,382325
20221114,11:15:32,42365.20,25,382325
20221114,11:15:39,42365.20,25,382325
20221114,11:15:53,42359.75,25,382325
20221114,11:16:09,42359.75,25,382325
20221114,11:16:21,42352.85,25,382325
20221114,11:17:18,42352.90,50,382325
20221114,11:18:19,42350.10,50,382375
20221114,11:18:21,42350.05,50,382375
20221114,11:18:41,42350.00,25,382375
20221114,11:18:53,42350.00,25,382375
20221114,11:19:11,42353.95,50,382375
20221114,11:19:22,42347.40,200,382375
20221114,11:19:37,42352.95,25,382375
20221114,11:19:41,42341.15,200,382375
20221114,11:20:06,42348.85,25,382375
20221114,11:20:11,42346.10,200,382375
20221114,11:21:34,42359.00,50,382025
20221114,11:21:36,42358.95,25,382025
20221114,11:21:47,42355.00,25,382025
20221114,11:21:49,42355.95,25,382025
20221114,11:21:52,42355.95,25,382025
20221114,11:21:58,42349.40,50,382025
20221114,11:22:28,42362.00,50,382025
20221114,11:22:42,42362.95,25,382025
20221114,11:22:48,42363.00,50,382025
20221114,11:23:17,42365.00,25,382025
20221114,11:23:54,42359.60,25,381975
20221114,11:24:02,42362.80,25,381975
20221114,11:24:10,42349.65,25,381975
20221114,11:24:14,42356.85,25,381975
20221114,11:24:59,42348.00,25,381975
20221114,11:25:02,42348.00,125,381975
20221114,11:25:14,42348.00,25,381975
20221114,11:25:22,42348.10,350,381975
20221114,11:25:40,42345.00,25,381975
20221114,11:26:52,42351.35,25,381650
20221114,11:28:12,42345.95,25,381650
20221114,11:28:59,42345.65,25,381650
20221114,11:29:16,42341.50,25,381650
20221114,11:30:05,42344.95,25,381625
20221114,11:30:25,42345.00,100,381625
20221114,11:30:38,42355.80,25,381625
20221114,11:30:43,42349.35,25,381625
20221114,11:30:52,42349.35,25,381625
20221114,11:31:53,42344.15,25,381625
20221114,11:32:39,42346.20,75,381625
20221114,11:32:56,42351.30,25,381725
20221114,11:33:32,42342.00,25,381725
20221114,11:33:40,42341.60,25,381725
20221114,11:33:41,42344.95,25,381725
20221114,11:33:49,42343.95,50,381725
20221114,11:33:56,42340.00,75,381725
20221114,11:34:12,42340.00,25,381725
20221114,11:34:15,42340.00,25,381725
20221114,11:34:16,42335.00,25,381725
20221114,11:34:18,42335.00,25,381725
20221114,11:35:00,42342.95,25,381725
20221114,11:35:19,42341.00,75,381725
20221114,11:35:23,42340.90,25,381725
20221114,11:35:26,42344.50,25,381725
20221114,11:35:39,42349.00,25,381725
20221114,11:35:43,42349.00,25,381725
20221114,11:37:00,42341.40,25,381825
20221114,11:37:06,42340.10,75,381825
20221114,11:37:11,42338.00,25,381825
20221114,11:37:27,42335.00,25,381825
20221114,11:37:34,42331.00,25,381825
20221114,11:39:08,42342.10,25,381725
20221114,11:39:24,42339.55,100,381725
20221114,11:39:42,42346.95,25,381725
20221114,11:39:57,42334.80,100,381725
20221114,11:40:02,42337.40,25,381725
20221114,11:40:28,42342.20,50,381725
20221114,11:40:31,42347.00,25,381725
20221114,11:40:38,42349.00,25,381725
20221114,11:40:54,42343.40,25,381725
20221114,11:42:17,42344.15,25,381725
20221114,11:42:20,42349.85,75,381725
20221114,11:42:30,42361.10,25,381725
20221114,11:43:05,42368.95,25,381725
20221114,11:43:11,42364.30,25,381725
20221114,11:43:36,42351.70,25,381725
20221114,11:43:40,42355.05,50,381725
20221114,11:45:03,42355.10,25,381750
20221114,11:45:14,42357.15,25,381750
20221114,11:45:26,42372.90,100,381750
20221114,11:45:54,42370.00,25,381750
20221114,11:46:08,42360.00,25,381750
20221114,11:46:49,42352.05,25,381750
20221114,11:47:23,42353.90,50,381750
20221114,11:47:29,42355.00,25,381750
20221114,11:47:40,42359.15,25,381750
20221114,11:48:29,42366.80,25,381875
20221114,11:49:41,42358.40,25,381875
20221114,11:49:46,42352.10,25,381875
20221114,11:50:13,42358.40,25,381875
20221114,11:50:21,42359.95,25,381875
20221114,11:50:34,42352.15,25,381875
20221114,11:50:58,42352.10,25,381875
20221114,11:51:10,42352.00,25,381875
20221114,11:51:40,42355.00,25,381875
20221114,11:52:01,42360.00,25,381875
20221114,11:52:26,42366.00,25,381875
20221114,11:52:35,42364.10,25,381875
20221114,11:52:37,42365.80,75,381875
20221114,11:52:45,42367.50,25,381875
20221114,11:52:53,42368.90,25,381875
20221114,11:52:57,42380.00,100,381875
20221114,11:53:23,42375.20,25,381875
20221114,11:53:26,42370.00,25,381875
20221114,11:53:28,42369.75,25,381875
20221114,11:54:21,42371.15,25,381700
20221114,11:54:27,42375.00,25,381700
20221114,11:54:45,42374.95,25,381700
20221114,11:54:51,42370.00,25,381700
20221114,11:55:28,42375.00,25,381700
20221114,11:56:14,42375.00,25,381700
20221114,11:56:17,42371.00,25,381700
20221114,11:56:57,42374.55,25,381725
20221114,11:57:27,42374.40,50,381725
20221114,11:57:43,42372.85,25,381725
20221114,11:58:03,42367.05,25,381725
20221114,11:58:19,42365.20,25,381725
20221114,11:58:21,42365.20,50,381725
20221114,11:59:00,42367.85,25,381725
20221114,11:59:08,42376.80,125,381725
20221114,11:59:44,42375.00,25,381725
20221114,12:00:02,42375.00,25,381825
20221114,12:00:23,42376.05,25,381825
20221114,12:00:46,42378.65,25,381825
20221114,12:01:01,42381.50,25,381825
20221114,12:01:18,42375.00,50,381825
20221114,12:01:45,42370.65,25,381825
20221114,12:02:00,42370.50,125,381825
20221114,12:02:01,42370.50,75,381825
20221114,12:02:15,42361.00,25,381825
20221114,12:02:18,42353.10,25,381825
20221114,12:02:36,42351.00,25,381825
20221114,12:02:37,42350.00,75,381825
20221114,12:05:38,42351.75,25,382050
20221114,12:05:43,42350.75,25,382050
20221114,12:05:55,42350.00,25,382050
20221114,12:05:59,42345.00,25,382100
20221114,12:06:02,42344.00,25,382100
20221114,12:06:09,42341.45,25,382100
20221114,12:06:12,42349.85,25,382100
20221114,12:06:22,42351.65,25,382100
20221114,12:07:07,42335.00,200,382100
20221114,12:07:40,42335.15,250,382100
20221114,12:07:43,42343.95,25,382100
20221114,12:07:45,42344.05,25,382100
20221114,12:07:48,42343.55,25,382100
20221114,12:08:22,42343.40,50,382100
20221114,12:08:30,42343.50,25,382100
20221114,12:08:33,42340.65,25,382100
20221114,12:08:47,42340.45,25,382100
20221114,12:08:57,42348.30,75,382100
20221114,12:09:20,42340.00,50,382175
20221114,12:09:29,42340.00,25,382175
20221114,12:09:34,42346.30,100,382175
20221114,12:09:44,42343.45,25,382175
20221114,12:09:55,42345.15,50,382175
20221114,12:10:17,42344.35,25,382175
20221114,12:10:20,42337.25,75,382175
20221114,12:10:21,42344.55,25,382175
20221114,12:10:23,42340.15,25,382175
20221114,12:10:30,42340.05,25,382175
20221114,12:10:39,42352.70,25,382175
20221114,12:10:59,42349.85,225,382175
20221114,12:12:10,42347.00,25,382050
20221114,12:12:36,42351.30,100,382050
20221114,12:12:52,42347.35,25,382050
20221114,12:13:04,42345.00,75,382050
20221114,12:13:08,42335.00,25,382050
20221114,12:13:13,42327.25,175,382050
20221114,12:13:14,42322.20,50,382050
20221114,12:13:19,42322.05,25,382050
20221114,12:13:45,42339.85,25,382050
20221114,12:13:47,42337.70,25,382050
20221114,12:14:48,42350.00,25,382050
20221114,12:15:35,42372.95,225,382000
20221114,12:15:54,42365.00,25,382000
20221114,12:16:07,42364.85,25,382000
20221114,12:16:15,42360.00,25,382000
20221114,12:16:40,42363.30,25,382000
20221114,12:16:47,42360.00,50,382000
20221114,12:17:25,42350.15,25,382000
20221114,12:17:59,42362.80,50,382000
20221114,12:18:55,42369.40,25,382150
20221114,12:19:59,42369.05,25,382150
20221114,12:21:11,42369.05,25,382150
20221114,12:21:14,42373.00,25,382150
20221114,12:21:27,42368.00,25,382150
20221114,12:21:59,42370.00,25,382150
20221114,12:22:39,42377.95,200,382150
20221114,12:23:05,42375.00,50,382150
20221114,12:23:09,42377.25,250,382150
20221114,12:23:11,42375.00,25,382150
20221114,12:23:55,42367.45,50,382150
20221114,12:24:43,42366.45,25,382325
20221114,12:24:56,42361.10,50,382325
20221114,12:25:34,42358.20,75,382325
20221114,12:25:40,42352.65,600,382325
20221114,12:25:54,42352.65,50,382325
20221114,12:25:56,42359.95,25,382325
20221114,12:26:01,42360.45,25,382325
20221114,12:27:16,42357.25,25,382725
20221114,12:28:22,42350.90,25,382725
20221114,12:28:49,42354.60,100,382725
20221114,12:28:50,42359.95,25,382725
20221114,12:29:03,42360.00,75,382725
20221114,12:29:16,42365.00,25,382725
20221114,12:29:58,42364.75,25,382725
20221114,12:30:49,42370.45,25,382650
20221114,12:30:50,42373.45,25,382650
20221114,12:30:53,42380.00,125,382650
20221114,12:30:58,42385.00,50,382650
20221114,12:31:00,42385.00,50,382650
20221114,12:31:11,42385.00,25,382650
20221114,12:31:31,42375.90,25,382650
20221114,12:31:39,42377.80,25,382650
20221114,12:31:44,42380.25,25,382650
20221114,12:32:18,42385.50,250,382650
20221114,12:32:32,42372.20,25,382650
20221114,12:33:08,42372.50,25,382500
20221114,12:33:37,42374.05,50,382500
20221114,12:33:42,42374.80,250,382500
20221114,12:33:45,42374.95,100,382500
20221114,12:33:48,42374.80,50,382500
20221114,12:33:50,42374.80,75,382500
20221114,12:33:52,42374.80,75,382500
20221114,12:33:59,42374.35,100,382500
20221114,12:34:34,42374.35,25,382500
20221114,12:35:00,42374.35,25,382500
20221114,12:35:21,42374.35,375,382500
20221114,12:35:52,42369.00,25,382500
20221114,12:35:55,42372.90,250,382500
20221114,12:37:00,42371.15,150,383325
20221114,12:37:37,42369.90,25,383325
20221114,12:38:33,42369.80,25,383325
20221114,12:39:08,42370.00,75,383400
20221114,12:39:57,42368.30,50,383400
20221114,12:40:03,42366.75,75,383400
20221114,12:40:07,42361.90,50,383400
20221114,12:41:07,42368.30,25,383400
20221114,12:41:20,42369.95,25,383400
20221114,12:41:37,42374.00,25,383400
20221114,12:41:49,42374.05,25,383400
20221114,12:42:12,42373.50,25,383625
20221114,12:42:24,42374.05,25,383625
20221114,12:42:25,42380.00,50,383625
20221114,12:43:02,42367.95,25,383625
20221114,12:43:22,42375.35,25,383625
20221114,12:43:23,42374.90,25,383625
20221114,12:43:25,42375.35,25,383625
20221114,12:43:26,42372.30,25,383625
20221114,12:43:28,42371.85,25,383625
20221114,12:43:30,42371.20,25,383625
20221114,12:44:19,42373.90,25,383625
20221114,12:44:20,42375.00,25,383625
20221114,12:44:22,42376.45,25,383625
20221114,12:44:23,42375.85,25,383625
20221114,12:44:25,42374.90,25,383625
20221114,12:44:41,42366.10,25,383625
20221114,12:46:26,42366.10,25,383850
20221114,12:53:50,42369.65,25,383850
20221114,12:54:31,42370.00,25,383875
20221114,12:54:53,42372.55,25,383875
20221114,12:55:21,42370.05,25,383875
20221114,12:55:32,42372.00,75,383875
20221114,12:56:13,42361.90,25,383875
20221114,12:56:26,42361.15,25,383875
20221114,12:56:51,42361.15,25,383875
20221114,12:57:12,42365.00,25,384000
20221114,12:58:23,42370.00,25,384000
20221114,12:58:46,42365.00,25,384000
20221114,12:58:48,42361.00,50,384000
20221114,12:58:53,42365.40,50,384000
20221114,12:59:02,42360.00,175,384000
20221114,12:59:07,42350.00,75,384000
20221114,12:59:09,42353.00,50,384000
20221114,12:59:17,42354.30,25,384000
20221114,12:59:18,42350.70,100,384000
20221114,12:59:21,42350.05,100,384000
20221114,12:59:23,42355.00,25,384000
20221114,12:59:26,42352.65,200,384000
20221114,12:59:28,42353.05,100,384000
20221114,12:59:33,42356.15,100,384000
20221114,12:59:36,42358.10,100,384000
20221114,12:59:38,42354.75,100,384000
20221114,12:59:46,42354.95,100,384000
20221114,13:00:02,42380.00,25,384000
20221114,13:00:05,42400.45,500,384000
20221114,13:00:10,42412.90,250,384000
20221114,13:00:12,42420.00,50,384000
20221114,13:00:15,42424.45,100,383650
20221114,13:00:18,42426.80,75,383650
20221114,13:00:25,42404.35,25,383650
20221114,13:00:31,42397.05,50,383650
20221114,13:00:51,42399.95,25,383650
20221114,13:00:54,42400.00,25,383650
20221114,13:00:58,42394.10,25,383650
20221114,13:01:10,42401.00,25,383650
20221114,13:01:26,42393.95,25,383650
20221114,13:01:31,42388.90,50,383650
20221114,13:01:38,42378.45,25,383650
20221114,13:01:40,42366.95,175,383650
20221114,13:01:58,42365.40,25,383650
20221114,13:02:03,42365.40,25,383650
20221114,13:02:11,42369.00,25,383650
20221114,13:02:20,42375.00,25,383650
20221114,13:02:43,42370.00,50,383650
20221114,13:02:47,42370.00,25,383650
20221114,13:02:49,42372.00,25,383650
20221114,13:03:26,42390.25,25,383750
20221114,13:03:47,42392.10,25,383750
20221114,13:04:00,42400.00,50,383750
20221114,13:04:24,42401.00,25,383750
20221114,13:04:39,42410.95,25,383750
20221114,13:05:01,42414.90,25,383750
20221114,13:05:16,42414.90,25,383750
20221114,13:05:22,42415.00,50,383750
20221114,13:05:32,42425.00,25,383750
20221114,13:05:40,42419.40,25,383750
20221114,13:05:43,42429.00,25,383750
20221114,13:05:49,42419.80,25,383750
20221114,13:06:02,42432.00,25,383750
20221114,13:06:13,42429.95,25,383775
20221114,13:06:16,42424.10,200,383775
20221114,13:06:18,42430.95,50,383775
20221114,13:06:26,42420.00,50,383775
20221114,13:06:30,42420.00,25,383775
20221114,13:06:42,42404.25,25,383775
20221114,13:06:43,42413.95,25,383775
20221114,13:07:32,42424.55,50,383775
20221114,13:07:39,42424.00,25,383775
20221114,13:07:55,42421.40,25,383775
20221114,13:07:58,42420.70,25,383775
20221114,13:08:35,42420.70,50,383775
20221114,13:08:52,42420.70,100,383775
20221114,13:09:25,42415.00,25,384175
20221114,13:09:58,42421.00,25,384175
20221114,13:10:00,42421.00,25,384175
20221114,13:10:03,42421.05,50,384175
20221114,13:10:21,42424.00,25,384175
20221114,13:10:29,42421.00,25,384175
20221114,13:10:52,42410.00,25,384175
20221114,13:11:03,42416.95,25,384175
20221114,13:12:02,42410.00,25,384175
20221114,13:12:04,42414.95,25,384175
20221114,13:12:20,42410.00,25,384250
20221114,13:12:21,42412.00,25,384250
20221114,13:13:05,42413.00,25,384250
20221114,13:13:37,42414.00,25,384250
20221114,13:13:46,42415.00,50,384250
20221114,13:14:23,42415.20,25,384250
20221114,13:14:35,42414.90,50,384250
20221114,13:15:48,42416.95,25,384325
20221114,13:15:56,42417.00,25,384325
20221114,13:15:58,42414.05,25,384325
20221114,13:16:09,42421.95,50,384325
20221114,13:16:12,42414.00,25,384325
20221114,13:16:34,42407.05,25,384325
20221114,13:16:46,42408.70,25,384325
20221114,13:17:17,42415.00,25,384325
20221114,13:17:24,42415.00,100,384325
20221114,13:17:45,42408.70,50,384325
20221114,13:18:06,42415.00,275,384325
20221114,13:18:10,42414.65,100,384325
20221114,13:18:12,42415.30,25,384700
20221114,13:18:17,42422.00,25,384700
20221114,13:18:18,42422.05,25,384700
20221114,13:18:27,42421.00,25,384700
20221114,13:18:32,42415.00,50,384700
20221114,13:18:37,42414.95,25,384700
20221114,13:18:46,42417.00,100,384700
20221114,13:20:08,42420.90,25,384700
20221114,13:20:16,42415.00,25,384700
20221114,13:20:17,42415.00,25,384700
20221114,13:20:19,42410.10,100,384700
20221114,13:20:23,42415.00,25,384700
20221114,13:20:25,42415.00,25,384700
20221114,13:20:43,42415.10,50,384700
20221114,13:20:48,42420.10,50,384700
20221114,13:20:52,42420.40,50,384700
20221114,13:20:56,42421.70,25,384700
20221114,13:21:01,42422.00,50,384700
20221114,13:21:02,42415.00,50,384700
20221114,13:21:16,42410.05,25,384925
20221114,13:21:53,42415.95,25,384925
20221114,13:22:04,42420.40,25,384925
20221114,13:22:11,42415.35,100,384925
20221114,13:22:26,42422.00,200,384925
20221114,13:22:27,42439.85,125,384925
20221114,13:22:29,42432.30,50,384925
20221114,13:23:11,42438.00,25,384925
20221114,13:23:13,42444.00,125,384925
20221114,13:23:16,42445.00,50,384925
20221114,13:23:45,42445.00,50,384925
20221114,13:23:56,42445.00,25,384925
20221114,13:24:03,42449.00,25,384925
20221114,13:24:12,42445.50,25,384925
20221114,13:24:14,42450.00,100,384925
20221114,13:24:16,42449.00,50,384875
20221114,13:24:22,42449.00,25,384875
20221114,13:24:26,42450.00,75,384875
20221114,13:24:27,42448.25,50,384875
20221114,13:24:29,42450.00,125,384875
20221114,13:24:37,42443.10,25,384875
20221114,13:24:46,42442.85,50,384875
20221114,13:24:50,42449.95,25,384875
20221114,13:25:01,42449.30,50,384875
20221114,13:25:03,42444.10,25,384875
20221114,13:25:05,42449.10,25,384875
20221114,13:25:06,42448.60,25,384875
20221114,13:25:09,42447.25,25,384875
20221114,13:25:14,42443.10,25,384875
20221114,13:25:16,42450.00,425,384875
20221114,13:25:24,42443.00,25,384875
20221114,13:25:30,42445.00,25,384875
20221114,13:25:42,42441.80,25,384875
20221114,13:25:47,42440.05,75,384875
20221114,13:25:50,42441.70,50,384875
20221114,13:25:52,42448.00,100,384875
20221114,13:25:56,42444.60,25,384875
20221114,13:26:13,42435.00,25,384875
20221114,13:26:16,42435.00,75,384875
20221114,13:26:21,42430.50,75,384875
20221114,13:26:26,42430.60,25,384875
20221114,13:26:37,42430.70,25,384875
20221114,13:26:49,42436.75,25,384875
20221114,13:26:54,42441.80,25,384875
20221114,13:26:59,42436.00,25,384875
20221114,13:27:11,42437.20,25,384875
20221114,13:27:21,42436.20,25,385875
20221114,13:27:27,42435.10,75,385875
20221114,13:28:11,42444.05,25,385875
20221114,13:28:21,42450.00,25,385875
20221114,13:28:22,42444.25,25,385875
20221114,13:28:25,42451.85,125,385875
20221114,13:28:30,42444.40,25,385875
20221114,13:28:55,42445.20,25,385875
20221114,13:29:01,42443.00,25,385875
20221114,13:29:03,42446.15,25,385875
20221114,13:29:09,42445.00,25,385875
20221114,13:29:16,42444.30,125,385875
20221114,13:29:25,42441.90,25,385875
20221114,13:29:27,42444.70,25,385875
20221114,13:29:48,42445.00,25,385875
20221114,13:29:49,42445.00,25,385875
20221114,13:29:51,42445.00,775,385875
20221114,13:29:52,42454.15,400,385875
20221114,13:29:57,42453.95,400,385875
20221114,13:30:09,42457.35,25,385875
20221114,13:30:10,42456.55,25,385875
20221114,13:30:14,42462.90,75,385875
20221114,13:30:15,42462.85,25,387100
20221114,13:30:17,42460.45,50,387100
20221114,13:30:24,42462.85,25,387100
20221114,13:30:25,42464.75,50,387100
20221114,13:30:27,42465.00,50,387100
20221114,13:30:28,42464.95,25,387100
20221114,13:30:30,42457.00,25,387100
20221114,13:30:33,42466.80,50,387100
20221114,13:30:37,42468.85,25,387100
20221114,13:30:40,42460.55,150,387100
20221114,13:30:41,42467.50,25,387100
20221114,13:30:45,42466.80,25,387100
20221114,13:30:49,42460.00,50,387100
20221114,13:31:01,42467.05,75,387100
20221114,13:31:02,42470.00,100,387100
20221114,13:31:06,42474.95,100,387100
20221114,13:31:17,42472.25,25,387100
20221114,13:31:21,42474.00,100,387100
20221114,13:31:29,42467.10,25,387100
20221114,13:31:32,42471.15,50,387100
20221114,13:31:34,42472.30,50,387100
20221114,13:31:38,42475.00,25,387100
20221114,13:31:42,42477.20,50,387100
20221114,13:31:50,42477.80,50,387100
20221114,13:31:58,42472.90,25,387100
20221114,13:31:59,42479.95,100,387100
20221114,13:32:01,42480.45,275,387100
20221114,13:32:03,42492.15,475,387100
20221114,13:32:07,42492.05,25,387100
20221114,13:32:09,42493.90,25,387100
20221114,13:32:12,42485.05,25,387100
20221114,13:32:14,42496.05,25,387100
20221114,13:32:16,42495.00,25,387100
20221114,13:32:17,42499.95,250,387100
20221114,13:32:19,42497.00,25,387100
20221114,13:32:28,42496.00,25,387100
20221114,13:32:29,42500.00,225,387100
20221114,13:32:36,42495.00,25,387100
20221114,13:32:37,42500.00,50,387100
20221114,13:32:41,42500.00,25,387100
20221114,13:32:42,42495.00,25,387100
20221114,13:32:44,42500.00,100,387100
20221114,13:32:46,42495.00,50,387100
20221114,13:32:47,42500.00,25,387100
20221114,13:32:52,42498.45,75,387100
20221114,13:32:59,42499.50,25,387100
20221114,13:33:02,42499.50,25,387100
20221114,13:33:04,42496.05,100,387100
20221114,13:33:06,42501.00,175,387100
20221114,13:33:07,42500.00,50,387100
20221114,13:33:14,42500.00,550,387100
20221114,13:33:15,42500.00,25,387100
20221114,13:33:17,42500.45,150,387925
20221114,13:33:19,42490.00,175,387925
20221114,13:33:27,42490.20,25,387925
20221114,13:33:36,42493.15,50,387925
20221114,13:33:38,42491.65,50,387925
20221114,13:33:44,42494.90,25,387925
20221114,13:33:47,42494.25,50,387925
20221114,13:33:53,42499.00,25,387925
20221114,13:33:55,42490.00,50,387925
20221114,13:33:58,42488.25,25,387925
20221114,13:34:02,42488.95,25,387925
20221114,13:34:10,42488.10,50,387925
20221114,13:34:23,42488.00,25,387925
20221114,13:34:37,42491.50,25,387925
20221114,13:34:40,42496.00,25,387925
20221114,13:34:44,42492.80,50,387925
20221114,13:34:55,42494.95,50,387925
20221114,13:35:04,42492.80,50,387925
20221114,13:35:11,42495.00,25,387925
20221114,13:35:22,42495.95,25,387925
20221114,13:35:24,42495.80,25,387925
20221114,13:35:30,42491.15,50,387925
20221114,13:35:31,42487.10,450,387925
20221114,13:35:46,42484.35,25,387925
20221114,13:35:47,42480.05,75,387925
20221114,13:35:52,42480.00,75,387925
20221114,13:35:59,42475.95,25,387925
20221114,13:36:04,42477.15,25,387925
20221114,13:36:20,42475.00,25,388300
20221114,13:36:23,42477.15,50,388300
20221114,13:36:30,42473.00,25,388300
20221114,13:36:31,42477.15,25,388300
20221114,13:36:33,42475.85,25,388300
20221114,13:36:35,42473.80,25,388300
20221114,13:36:40,42475.35,25,388300
20221114,13:36:48,42476.60,25,388300
20221114,13:36:55,42478.10,25,388300
20221114,13:36:56,42477.95,25,388300
20221114,13:37:01,42475.80,50,388300
20221114,13:37:23,42475.80,25,388300
20221114,13:37:37,42480.00,50,388300
20221114,13:37:40,42480.00,25,388300
20221114,13:37:44,42480.00,25,388300
20221114,13:37:46,42480.10,25,388300
20221114,13:37:50,42480.20,25,388300
20221114,13:37:51,42485.00,75,388300
20221114,13:38:15,42482.00,50,388300
20221114,13:38:28,42488.80,50,388300
20221114,13:38:31,42489.55,25,388300
20221114,13:38:33,42484.25,25,388300
20221114,13:38:38,42490.00,75,388300
20221114,13:38:39,42494.95,25,388300
20221114,13:38:41,42488.15,50,388300
20221114,13:39:19,42493.75,50,388625
20221114,13:39:25,42494.95,75,388625
20221114,13:39:27,42495.00,50,388625
20221114,13:39:40,42494.00,75,388625
20221114,13:39:43,42498.45,25,388625
20221114,13:39:45,42497.85,25,388625
20221114,13:39:47,42497.35,50,388625
20221114,13:39:58,42499.00,25,388625
20221114,13:40:01,42499.85,100,388625
20221114,13:40:03,42500.00,25,388625
20221114,13:40:04,42501.00,275,388625
20221114,13:40:09,42496.60,75,388625
20221114,13:40:13,42496.10,25,388625
20221114,13:40:14,42500.00,50,388625
20221114,13:40:16,42495.85,25,388625
20221114,13:40:18,42495.60,50,388625
20221114,13:40:19,42495.05,25,388625
20221114,13:40:21,42494.80,25,388625
20221114,13:40:24,42491.75,25,388625
20221114,13:40:26,42491.50,25,388625
20221114,13:40:31,42491.00,50,388625
20221114,13:40:34,42489.80,50,388625
20221114,13:40:39,42486.30,50,388625
20221114,13:40:48,42490.00,25,388625
20221114,13:40:50,42486.30,25,388625
20221114,13:40:56,42488.15,50,388625
20221114,13:41:12,42488.10,75,388625
20221114,13:41:18,42482.10,25,388625
20221114,13:41:22,42480.00,25,388625
20221114,13:41:25,42480.00,125,388625
20221114,13:41:28,42469.40,100,388625
20221114,13:41:35,42468.90,25,388625
20221114,13:41:39,42482.10,25,388625
20221114,13:41:53,42482.10,25,388625
20221114,13:42:17,42482.10,25,389375
20221114,13:42:27,42485.50,25,389375
20221114,13:42:34,42489.25,125,389375
20221114,13:42:35,42489.45,50,389375
20221114,13:42:37,42482.10,50,389375
20221114,13:42:59,42492.80,50,389375
20221114,13:43:03,42498.55,25,389375
20221114,13:43:11,42494.50,50,389375
20221114,13:43:12,42499.50,725,389375
20221114,13:43:14,42501.00,25,389375
20221114,13:43:22,42509.00,25,389375
20221114,13:43:24,42508.30,75,389375
20221114,13:43:26,42504.20,25,389375
20221114,13:43:29,42506.95,275,389375
20221114,13:43:31,42506.60,50,389375
20221114,13:43:34,42503.70,100,389375
20221114,13:43:49,42506.95,25,389375
20221114,13:44:05,42503.15,25,389375
20221114,13:44:07,42510.00,50,389375
20221114,13:44:14,42510.60,25,389375
20221114,13:44:15,42511.40,25,389375
20221114,13:44:18,42506.30,25,389375
20221114,13:44:22,42506.30,25,389375
20221114,13:44:23,42506.00,25,389375
20221114,13:44:33,42508.05,25,389375
20221114,13:44:35,42505.90,50,389375
20221114,13:44:37,42510.00,25,389375
20221114,13:44:49,42510.00,50,389375
20221114,13:44:51,42513.95,25,389375
20221114,13:44:53,42510.00,50,389375
20221114,13:44:56,42505.85,25,389375
20221114,13:45:01,42512.65,25,389375
20221114,13:45:07,42505.60,25,389375
20221114,13:45:14,42505.35,25,389375
20221114,13:45:22,42505.10,75,389575
20221114,13:45:24,42510.00,25,389575
20221114,13:45:25,42510.95,75,389575
20221114,13:45:27,42509.95,25,389575
20221114,13:45:32,42510.00,50,389575
20221114,13:45:34,42504.60,50,389575
20221114,13:45:35,42509.00,25,389575
20221114,13:45:38,42510.00,25,389575
20221114,13:45:40,42510.00,25,389575
20221114,13:45:45,42506.85,25,389575
20221114,13:45:47,42507.15,25,389575
20221114,13:45:48,42506.65,75,389575
20221114,13:45:50,42507.55,25,389575
20221114,13:45:51,42510.50,25,389575
20221114,13:45:55,42513.40,150,389575
20221114,13:45:58,42511.70,25,389575
20221114,13:46:06,42519.90,150,389575
20221114,13:46:07,42514.30,25,389575
20221114,13:46:12,42519.45,25,389575
20221114,13:46:16,42517.85,50,389575
20221114,13:46:17,42511.15,125,389575
20221114,13:46:25,42507.55,100,389575
20221114,13:46:38,42507.30,25,389575
20221114,13:46:56,42514.60,50,389575
20221114,13:47:11,42513.20,25,389575
20221114,13:47:20,42512.95,25,389575
20221114,13:47:31,42515.00,50,389575
20221114,13:47:33,42514.80,25,389575
20221114,13:47:48,42515.70,50,389575
20221114,13:47:57,42515.00,125,389575
20221114,13:48:07,42514.95,100,389575
20221114,13:48:56,42514.95,50,390075
20221114,13:49:10,42510.00,25,390075
20221114,13:49:16,42515.00,25,390075
20221114,13:49:19,42515.85,25,390075
20221114,13:49:23,42515.00,25,390075
20221114,13:49:40,42510.40,75,390075
20221114,13:49:51,42514.85,25,390075
20221114,13:50:05,42515.00,25,390075
20221114,13:50:10,42515.00,50,390075
20221114,13:50:11,42515.00,25,390075
20221114,13:50:16,42518.00,225,390075
20221114,13:50:27,42518.00,25,390075
20221114,13:50:32,42518.75,50,390075
20221114,13:50:40,42513.25,75,390075
20221114,13:50:43,42512.70,50,390075
20221114,13:50:44,42510.75,50,390075
20221114,13:50:48,42509.80,50,390075
20221114,13:50:54,42500.00,25,390075
20221114,13:50:56,42498.55,125,390075
20221114,13:51:01,42502.80,25,390075
20221114,13:51:06,42508.20,50,390075
20221114,13:51:09,42506.65,50,390075
20221114,13:51:10,42506.30,150,390075
20221114,13:51:12,42505.90,25,390075
20221114,13:51:21,42506.55,75,390550
20221114,13:51:24,42501.50,125,390550
20221114,13:51:26,42500.10,25,390550
20221114,13:51:29,42505.00,25,390550
20221114,13:51:31,42500.10,50,390550
20221114,13:51:46,42505.00,25,390550
20221114,13:51:49,42508.20,25,390550
20221114,13:52:02,42507.80,50,390550
20221114,13:52:18,42511.95,75,390550
20221114,13:52:19,42513.00,25,390550
20221114,13:52:29,42515.00,50,390550
20221114,13:52:31,42515.00,75,390550
20221114,13:52:34,42512.20,25,390550
20221114,13:52:46,42515.00,25,390550
20221114,13:52:53,42512.15,25,390550
20221114,13:52:54,42511.90,25,390550
20221114,13:52:57,42516.95,25,390550
20221114,13:53:00,42512.15,25,390550
20221114,13:53:07,42513.00,25,390550
20221114,13:53:12,42517.85,25,390550
20221114,13:53:24,42518.05,25,390550
20221114,13:53:29,42520.00,125,390550
20221114,13:53:33,42521.00,150,390550
20221114,13:53:41,42524.95,50,390550
20221114,13:53:44,42525.00,175,390550
20221114,13:53:46,42530.00,125,390550
20221114,13:53:55,42539.00,100,390550
20221114,13:53:57,42537.45,100,390550
20221114,13:54:00,42535.00,50,390550
20221114,13:54:04,42530.00,100,390550
20221114,13:54:07,42531.75,75,390550
20221114,13:54:08,42531.25,25,390550
20221114,13:54:18,42537.45,25,390550
20221114,13:54:23,42534.30,50,391025
20221114,13:54:32,42532.70,25,391025
20221114,13:54:36,42532.65,25,391025
20221114,13:54:42,42530.00,50,391025
20221114,13:54:45,42530.30,25,391025
20221114,13:54:48,42528.15,25,391025
20221114,13:54:53,42529.30,25,391025
20221114,13:54:58,42523.85,125,391025
20221114,13:54:59,42527.70,125,391025
20221114,13:55:01,42532.10,50,391025
20221114,13:55:02,42530.25,125,391025
20221114,13:55:04,42530.10,25,391025
20221114,13:55:14,42540.00,100,391025
20221114,13:55:15,42542.00,50,391025
20221114,13:55:17,42542.00,75,391025
20221114,13:55:19,42540.00,25,391025
20221114,13:55:20,42540.00,50,391025
20221114,13:55:22,42541.20,125,391025
20221114,13:55:24,42538.80,50,391025
20221114,13:55:25,42538.00,75,391025
20221114,13:55:32,42537.50,25,391025
20221114,13:55:33,42537.25,25,391025
20221114,13:55:37,42542.00,75,391025
20221114,13:55:38,42548.90,200,391025
20221114,13:55:47,42549.85,75,391025
20221114,13:55:50,42547.40,25,391025
20221114,13:55:51,42546.95,25,391025
20221114,13:55:53,42543.35,25,391025
20221114,13:55:56,42542.85,50,391025
20221114,13:56:01,42542.60,25,391025
20221114,13:56:05,42542.35,25,391025
20221114,13:56:06,42540.00,100,391025
20221114,13:56:08,42534.80,50,391025
20221114,13:56:16,42540.00,50,391025
20221114,13:56:22,42539.05,75,391025
20221114,13:56:24,42539.45,25,391025
20221114,13:56:27,42536.00,150,391025
20221114,13:56:30,42538.95,25,391025
20221114,13:56:43,42538.70,25,391025
20221114,13:56:46,42538.45,25,391025
20221114,13:56:49,42538.20,25,391025
20221114,13:56:54,42537.95,25,391025
20221114,13:56:57,42538.95,25,391025
20221114,13:57:05,42538.00,25,391025
20221114,13:57:08,42538.95,75,391025
20221114,13:57:19,42539.25,50,391025
20221114,13:57:23,42538.95,25,390975
20221114,13:57:24,42539.00,25,390975
20221114,13:57:30,42538.75,25,390975
20221114,13:57:37,42538.50,75,390975
20221114,13:57:40,42538.00,25,390975
20221114,13:57:43,42537.50,50,390975
20221114,13:57:53,42535.00,25,390975
20221114,13:57:55,42534.45,25,390975
20221114,13:57:57,42528.05,75,390975
20221114,13:57:58,42536.60,25,390975
20221114,13:58:08,42529.95,25,390975
20221114,13:58:09,42529.70,50,390975
20221114,13:58:16,42521.15,100,390975
20221114,13:58:19,42525.05,300,390975
20221114,13:58:33,42527.30,25,390975
20221114,13:58:34,42526.85,25,390975
20221114,13:58:38,42526.60,25,390975
20221114,13:58:39,42526.35,25,390975
20221114,13:58:46,42523.95,25,390975
20221114,13:58:48,42523.10,25,390975
20221114,13:59:04,42518.40,25,390975
20221114,13:59:06,42515.00,25,390975
20221114,13:59:08,42511.55,50,390975
20221114,13:59:13,42505.25,25,390975
20221114,13:59:14,42502.10,25,390975
20221114,13:59:19,42505.25,25,390975
20221114,13:59:21,42502.45,75,390975
20221114,13:59:27,42502.40,50,390975
20221114,13:59:39,42503.10,25,390975
20221114,13:59:48,42508.00,100,390975
20221114,13:59:56,42510.00,25,390975
20221114,14:00:03,42507.60,25,390975
20221114,14:00:08,42507.05,25,390975
20221114,14:00:22,42510.75,75,391400
20221114,14:00:31,42511.05,50,391400
20221114,14:00:38,42512.00,75,391400
20221114,14:00:39,42521.85,25,391400
20221114,14:00:43,42523.00,50,391400
20221114,14:00:44,42519.05,50,391400
20221114,14:00:49,42525.70,100,391400
20221114,14:01:00,42519.80,25,391400
20221114,14:01:02,42518.60,50,391400
20221114,14:01:05,42516.00,25,391400
20221114,14:01:34,42521.95,25,391400
20221114,14:01:42,42519.10,50,391400
20221114,14:01:43,42521.95,50,391400
20221114,14:01:53,42520.00,25,391400
20221114,14:02:03,42521.60,25,391400
20221114,14:02:05,42516.00,25,391400
20221114,14:02:08,42517.35,25,391400
20221114,14:02:13,42519.40,25,391400
20221114,14:02:39,42513.00,25,391400
20221114,14:02:57,42514.70,25,391400
20221114,14:03:22,42514.70,25,391675
20221114,14:03:40,42515.45,25,391675
20221114,14:04:10,42520.00,50,391675
20221114,14:04:26,42514.75,25,391675
20221114,14:04:53,42518.00,25,391675
20221114,14:05:20,42518.00,25,391675
20221114,14:05:46,42515.00,50,391675
20221114,14:06:12,42515.00,25,391675
20221114,14:06:26,42511.30,50,391700
20221114,14:06:28,42510.05,25,391700
20221114,14:06:32,42515.00,25,391700
20221114,14:06:38,42520.00,25,391700
20221114,14:06:51,42514.05,25,391700
20221114,14:07:03,42522.60,50,391700
20221114,14:07:06,42514.05,25,391700
20221114,14:07:53,42518.10,25,391700
20221114,14:08:12,42515.05,25,391700
20221114,14:08:17,42522.65,25,391700
20221114,14:08:38,42517.20,75,391700
20221114,14:08:54,42525.00,25,391700
20221114,14:08:59,42523.45,50,391700
20221114,14:09:47,42525.00,25,391825
20221114,14:09:50,42528.00,225,391825
20221114,14:09:55,42530.00,100,391825
20221114,14:09:56,42532.60,25,391825
20221114,14:10:04,42528.00,50,391825
20221114,14:10:09,42527.05,175,391825
20221114,14:10:27,42521.50,25,391825
20221114,14:10:29,42522.90,25,391825
20221114,14:10:30,42525.80,25,391825
20221114,14:11:07,42532.45,50,391825
20221114,14:11:13,42524.15,25,391825
20221114,14:11:16,42530.45,25,391825
20221114,14:11:32,42521.00,25,391825
20221114,14:11:38,42529.85,25,391825
20221114,14:11:52,42525.90,25,391825
20221114,14:11:58,42531.05,25,391825
20221114,14:12:01,42537.00,25,391825
20221114,14:12:03,42538.00,25,391825
20221114,14:12:08,42538.00,25,391825
20221114,14:12:22,42538.00,25,391825
20221114,14:12:33,42540.00,50,391875
20221114,14:12:44,42542.95,25,391875
20221114,14:12:49,42542.95,25,391875
20221114,14:13:01,42542.95,25,391875
20221114,14:13:02,42542.90,50,391875
20221114,14:13:18,42542.90,50,391875
20221114,14:13:20,42542.95,25,391875
20221114,14:13:28,42542.45,50,391875
20221114,14:13:29,42536.75,50,391875
20221114,14:13:31,42541.00,75,391875
20221114,14:13:45,42559.75,1200,391875
20221114,14:13:47,42552.70,25,391875
20221114,14:13:50,42559.90,50,391875
20221114,14:13:52,42559.90,25,391875
20221114,14:13:55,42552.95,25,391875
20221114,14:13:56,42551.80,25,391875
20221114,14:14:04,42555.95,25,391875
20221114,14:14:08,42555.95,25,391875
20221114,14:14:11,42556.00,50,391875
20221114,14:14:13,42560.00,50,391875
20221114,14:14:17,42560.00,25,391875
20221114,14:14:19,42555.95,25,391875
20221114,14:14:21,42548.05,75,391875
20221114,14:14:24,42551.55,25,391875
20221114,14:14:29,42551.30,25,391875
20221114,14:14:32,42550.60,25,391875
20221114,14:14:35,42549.55,50,391875
20221114,14:14:37,42548.00,25,391875
20221114,14:14:47,42554.05,25,391875
20221114,14:15:10,42558.15,25,391875
20221114,14:15:15,42559.35,25,391875
20221114,14:15:17,42554.05,25,391875
20221114,14:15:30,42552.10,25,392600
20221114,14:15:32,42548.00,75,392600
20221114,14:15:45,42548.00,25,392600
20221114,14:15:46,42545.00,25,392600
20221114,14:15:49,42542.10,50,392600
20221114,14:15:57,42542.10,50,392600
20221114,14:16:01,42546.05,25,392600
20221114,14:16:02,42544.25,50,392600
20221114,14:16:04,42546.15,25,392600
20221114,14:16:26,42542.10,25,392600
20221114,14:16:34,42541.05,50,392600
20221114,14:16:44,42546.10,25,392600
20221114,14:16:52,42546.15,25,392600
20221114,14:16:59,42541.05,25,392600
20221114,14:17:03,42540.30,125,392600
20221114,14:17:22,42548.00,25,392600
20221114,14:17:24,42546.70,25,392600
20221114,14:17:43,42547.40,25,392600
20221114,14:17:57,42547.40,25,392600
20221114,14:18:07,42546.50,25,392600
20221114,14:18:12,42545.85,25,392600
20221114,14:18:17,42545.85,25,392600
20221114,14:18:23,42543.40,50,392600
20221114,14:18:38,42541.85,25,392775
20221114,14:18:39,42538.05,75,392775
20221114,14:18:52,42540.85,25,392775
20221114,14:18:56,42540.00,25,392775
20221114,14:19:10,42539.50,25,392775
20221114,14:19:16,42537.85,50,392775
20221114,14:19:20,42535.00,25,392775
20221114,14:19:24,42537.35,50,392775
20221114,14:19:37,42537.00,50,392775
20221114,14:19:47,42537.00,25,392775
20221114,14:20:01,42534.20,25,392775
20221114,14:20:09,42530.00,25,392775
20221114,14:20:14,42523.60,175,392775
20221114,14:20:19,42527.05,50,392775
20221114,14:20:22,42525.00,50,392775
20221114,14:20:25,42529.95,50,392775
20221114,14:20:35,42527.90,50,392775
20221114,14:20:46,42522.95,25,392775
20221114,14:21:28,42520.00,25,393025
20221114,14:21:35,42514.70,75,393025
20221114,14:21:44,42514.00,100,393025
20221114,14:21:51,42519.90,25,393025
20221114,14:21:54,42517.70,25,393025
20221114,14:21:55,42515.95,25,393025
20221114,14:22:13,42510.00,50,393025
20221114,14:22:18,42502.10,25,393025
20221114,14:22:20,42501.95,25,393025
20221114,14:22:33,42495.40,275,393025
20221114,14:22:36,42500.00,25,393025
20221114,14:22:41,42500.00,75,393025
20221114,14:22:49,42499.35,150,393025
20221114,14:22:58,42505.80,50,393025
20221114,14:23:04,42500.00,25,393025
20221114,14:23:22,42504.15,25,393025
20221114,14:23:30,42503.95,25,393025
20221114,14:23:43,42503.95,25,393025
20221114,14:24:02,42494.30,25,393025
20221114,14:24:03,42490.00,25,393025
20221114,14:24:41,42489.10,75,393250
20221114,14:24:59,42488.90,25,393250
20221114,14:25:01,42482.90,25,393250
20221114,14:25:11,42484.20,25,393250
20221114,14:25:22,42488.90,25,393250
20221114,14:25:25,42488.90,50,393250
20221114,14:25:38,42492.05,25,393250
20221114,14:25:40,42492.00,75,393250
20221114,14:26:11,42505.00,25,393250
20221114,14:26:23,42505.00,25,393250
20221114,14:26:37,42494.60,25,393250
20221114,14:26:41,42495.15,25,393250
20221114,14:26:57,42515.70,50,393250
20221114,14:27:01,42507.80,25,393250
20221114,14:27:03,42516.35,25,393250
20221114,14:28:08,42511.00,25,393200
20221114,14:28:14,42507.30,50,393200
20221114,14:28:16,42508.30,25,393200
20221114,14:28:33,42500.35,25,393200
20221114,14:28:44,42502.85,25,393200
20221114,14:29:47,42517.45,25,393200
20221114,14:29:52,42515.00,25,393200
20221114,14:30:00,42515.15,25,393200
20221114,14:30:40,42508.60,50,393275
20221114,14:30:48,42515.65,25,393275
20221114,14:31:16,42508.60,25,393275
20221114,14:31:17,42500.00,175,393275
20221114,14:31:24,42499.05,25,393275
20221114,14:31:29,42500.40,25,393275
20221114,14:31:44,42495.25,125,393275
20221114,14:31:57,42496.90,25,393275
20221114,14:32:08,42496.90,25,393275
20221114,14:32:09,42492.15,25,393275
20221114,14:32:39,42495.95,25,393275
20221114,14:33:00,42495.95,25,393275
20221114,14:33:07,42487.35,25,393275
20221114,14:33:15,42490.00,25,393275
20221114,14:33:16,42495.20,25,393275
20221114,14:33:20,42495.20,25,393275
20221114,14:33:37,42500.00,25,393375
20221114,14:33:55,42500.00,100,393375
20221114,14:33:57,42504.10,25,393375
20221114,14:34:05,42505.95,25,393375
20221114,14:35:22,42490.95,25,393375
20221114,14:35:27,42490.40,25,393375
20221114,14:35:35,42492.05,50,393375
20221114,14:35:39,42490.65,25,393375
20221114,14:36:01,42499.95,25,393375
20221114,14:36:02,42490.65,225,393375
20221114,14:36:13,42493.45,25,393375
20221114,14:36:33,42492.20,50,393350
20221114,14:37:08,42493.00,200,393350
20221114,14:37:35,42488.00,125,393350
20221114,14:37:40,42476.00,150,393350
20221114,14:37:53,42475.15,100,393350
20221114,14:38:01,42467.35,75,393350
20221114,14:38:02,42466.50,25,393350
20221114,14:38:06,42471.70,25,393350
20221114,14:38:13,42465.00,25,393350
20221114,14:38:32,42473.80,25,393350
20221114,14:38:58,42474.90,25,393350
20221114,14:39:05,42460.00,75,393350
20221114,14:39:16,42466.65,25,393350
20221114,14:39:27,42472.95,25,393350
20221114,14:39:45,42477.95,25,393375
20221114,14:39:59,42477.95,25,393375
20221114,14:40:06,42477.95,50,393375
20221114,14:40:22,42474.05,125,393375
20221114,14:40:24,42481.00,100,393375
20221114,14:40:38,42484.00,25,393375
20221114,14:41:35,42472.00,25,393375
20221114,14:41:44,42479.90,25,393375
20221114,14:41:47,42472.20,25,393375
20221114,14:42:26,42472.00,75,393375
20221114,14:42:43,42472.00,25,393300
20221114,14:43:05,42470.20,125,393300
20221114,14:43:17,42475.00,100,393300
20221114,14:43:19,42473.05,25,393300
20221114,14:43:22,42473.05,500,393300
20221114,14:43:27,42478.95,25,393300
20221114,14:43:36,42480.00,25,393300
20221114,14:44:00,42480.00,25,393300
20221114,14:44:08,42480.95,50,393300
20221114,14:44:19,42482.00,100,393300
20221114,14:44:21,42474.05,75,393300
20221114,14:44:23,42475.05,25,393300
20221114,14:44:29,42474.00,75,393300
20221114,14:44:55,42470.00,50,393300
20221114,14:45:00,42470.00,25,393300
20221114,14:45:03,42470.00,25,393300
20221114,14:45:05,42462.05,525,393300
20221114,14:45:13,42448.00,575,393300
20221114,14:45:17,42450.00,25,393300
20221114,14:45:30,42467.70,25,393300
20221114,14:45:42,42486.00,25,392775
20221114,14:45:53,42490.00,25,392775
20221114,14:46:00,42491.85,25,392775
20221114,14:46:06,42486.00,25,392775
20221114,14:46:19,42486.00,75,392775
20221114,14:46:23,42486.00,25,392775
20221114,14:46:41,42480.25,100,392775
20221114,14:46:43,42486.00,25,392775
20221114,14:46:46,42484.30,25,392775
20221114,14:46:48,42484.30,75,392775
20221114,14:46:57,42480.05,25,392775
20221114,14:46:59,42489.25,25,392775
20221114,14:47:03,42485.90,25,392775
20221114,14:47:31,42472.10,50,392775
20221114,14:48:00,42472.70,25,392775
20221114,14:48:09,42472.15,50,392775
20221114,14:48:11,42471.70,100,392775
20221114,14:48:16,42479.95,25,392775
20221114,14:48:32,42460.00,75,392800
20221114,14:48:34,42456.60,25,392800
20221114,14:48:44,42456.70,200,392800
20221114,14:48:56,42461.90,25,392800
20221114,14:49:46,42461.90,25,392800
20221114,14:49:51,42461.90,25,392800
20221114,14:51:11,42455.00,25,392800
20221114,14:51:12,42455.15,25,392800
20221114,14:51:20,42457.85,50,392800
20221114,14:51:29,42455.15,25,392800
20221114,14:51:38,42455.00,75,393050
20221114,14:52:20,42452.00,125,393050
20221114,14:52:21,42455.00,25,393050
20221114,14:52:25,42450.00,300,393050
20221114,14:52:26,42450.00,225,393050
20221114,14:52:28,42450.65,25,393050
20221114,14:52:33,42445.00,25,393050
20221114,14:52:46,42448.00,25,393050
20221114,14:52:49,42454.95,125,393050
20221114,14:52:55,42455.00,50,393050
20221114,14:53:57,42465.95,25,393050
20221114,14:54:03,42453.00,25,393050
20221114,14:54:04,42455.75,25,393050
20221114,14:54:41,42452.00,75,393075
20221114,14:54:45,42452.45,100,393075
20221114,14:54:53,42452.80,25,393075
20221114,14:55:07,42450.05,25,393075
20221114,14:55:10,42445.00,25,393075
20221114,14:55:12,42440.00,75,393075
20221114,14:55:15,42440.00,175,393075
20221114,14:55:20,42434.65,200,393075
20221114,14:55:29,42435.00,25,393075
20221114,14:55:32,42434.65,25,393075
20221114,14:55:46,42434.65,25,393075
20221114,14:55:48,42439.95,50,393075
20221114,14:55:59,42440.00,25,393075
20221114,14:56:13,42446.00,25,393075
20221114,14:56:44,42449.00,25,393075
20221114,14:57:04,42447.75,25,393075
20221114,14:57:08,42441.00,25,393075
20221114,14:57:11,42440.85,25,393075
20221114,14:57:15,42440.00,50,393075
20221114,14:57:16,42439.00,75,393075
20221114,14:57:45,42439.00,25,392850
20221114,14:58:18,42449.10,25,392850
20221114,14:58:27,42440.25,25,392850
20221114,14:58:34,42441.15,25,392850
20221114,14:59:16,42449.00,25,392850
20221114,14:59:33,42450.95,25,392850
20221114,14:59:47,42455.40,25,392850
20221114,14:59:52,42452.50,50,392850
20221114,14:59:54,42450.00,25,392850
20221114,14:59:57,42450.00,50,392850
20221114,15:00:00,42450.00,850,392850
20221114,15:00:07,42449.00,25,392850
20221114,15:00:20,42450.00,75,392850
20221114,15:00:22,42450.00,25,392850
20221114,15:00:23,42450.00,50,392850
20221114,15:00:25,42450.00,50,392850
20221114,15:01:08,42450.00,50,392250
20221114,15:01:37,42461.00,25,392250
20221114,15:01:48,42452.55,25,392250
20221114,15:01:50,42454.10,25,392250
20221114,15:02:04,42452.50,25,392250
20221114,15:02:56,42459.70,50,392250
20221114,15:03:23,42458.70,25,392250
20221114,15:03:34,42450.05,500,392325
20221114,15:03:51,42458.45,25,392325
20221114,15:03:54,42450.05,25,392325
20221114,15:03:59,42450.00,100,392325
20221114,15:04:00,42450.00,425,392325
20221114,15:04:13,42440.00,100,392325
20221114,15:04:18,42430.00,25,392325
20221114,15:04:22,42422.75,125,392325
20221114,15:04:40,42417.25,750,392325
20221114,15:04:47,42417.30,25,392325
20221114,15:04:52,42417.00,25,392325
20221114,15:04:57,42416.00,25,392325
20221114,15:05:03,42414.00,50,392325
20221114,15:05:05,42409.95,275,392325
20221114,15:05:15,42404.00,100,392325
20221114,15:05:19,42405.25,150,392325
20221114,15:05:22,42416.35,25,392325
20221114,15:05:25,42416.40,50,392325
20221114,15:05:29,42416.40,25,392325
20221114,15:05:32,42416.45,50,392325
20221114,15:05:33,42416.45,200,392325
20221114,15:05:35,42412.30,50,392325
20221114,15:05:44,42420.00,250,392325
20221114,15:05:47,42428.20,25,392325
20221114,15:05:55,42410.05,25,392325
20221114,15:06:02,42410.00,50,392325
20221114,15:06:03,42410.00,25,392325
20221114,15:06:05,42410.00,50,392325
20221114,15:06:08,42409.00,175,392325
20221114,15:06:23,42413.00,75,392325
20221114,15:06:25,42413.00,175,392325
20221114,15:06:27,42405.15,125,392325
20221114,15:06:42,42406.35,100,389100
20221114,15:07:04,42409.95,50,389100
20221114,15:07:24,42410.95,50,389100
20221114,15:07:34,42411.00,25,389100
20221114,15:07:38,42411.00,25,389100
20221114,15:08:07,42417.00,25,389100
20221114,15:08:10,42408.55,25,389100
20221114,15:08:12,42408.50,25,389100
20221114,15:08:15,42406.90,25,389100
20221114,15:08:29,42413.95,125,389100
20221114,15:08:36,42412.95,25,389100
20221114,15:08:45,42405.40,25,389100
20221114,15:08:49,42405.60,25,389100
20221114,15:08:50,42405.50,25,389100
20221114,15:08:52,42405.25,100,389100
20221114,15:08:54,42405.20,100,389100
20221114,15:08:55,42405.05,25,389100
20221114,15:09:06,42405.00,75,389100
20221114,15:09:13,42410.00,25,389100
20221114,15:09:15,42410.00,25,389100
20221114,15:09:45,42405.00,75,389125
20221114,15:09:47,42402.05,25,389125
20221114,15:09:57,42399.85,1150,389125
20221114,15:10:02,42397.85,400,389125
20221114,15:10:05,42409.90,75,389125
20221114,15:10:13,42400.45,25,389125
20221114,15:10:17,42400.80,25,389125
20221114,15:10:20,42400.00,50,389125
20221114,15:10:21,42400.65,25,389125
20221114,15:10:25,42407.90,25,389125
20221114,15:10:36,42402.85,25,389125
20221114,15:10:39,42402.00,25,389125
20221114,15:10:42,42400.10,500,389125
20221114,15:10:46,42400.45,125,389125
20221114,15:11:22,42409.95,25,389125
20221114,15:11:23,42409.95,50,389125
20221114,15:11:42,42413.35,25,389125
20221114,15:11:43,42421.50,125,389125
20221114,15:11:45,42422.55,50,389125
20221114,15:11:53,42419.90,25,389125
20221114,15:11:58,42412.15,25,389125
20221114,15:12:01,42411.70,50,389125
20221114,15:12:04,42412.35,25,389125
20221114,15:12:17,42412.15,25,389125
20221114,15:12:37,42412.15,25,390025
20221114,15:13:08,42409.50,325,390025
20221114,15:13:10,42404.45,25,390025
20221114,15:13:15,42404.20,50,390025
20221114,15:13:17,42401.00,125,390025
20221114,15:13:20,42395.00,25,390025
20221114,15:13:23,42394.15,25,390025
20221114,15:13:33,42405.95,25,390025
20221114,15:13:36,42397.05,25,390025
20221114,15:13:56,42402.95,100,390025
20221114,15:13:58,42400.45,50,390025
20221114,15:14:06,42402.80,25,390025
20221114,15:14:11,42402.80,25,390025
20221114,15:14:14,42402.95,25,390025
20221114,15:14:17,42403.40,25,390025
20221114,15:14:28,42399.20,25,390025
20221114,15:14:31,42400.00,25,390025
20221114,15:14:33,42406.15,50,390025
20221114,15:14:38,42408.40,25,390025
20221114,15:14:41,42402.60,25,390025
20221114,15:14:55,42403.20,25,390025
20221114,15:15:05,42403.20,75,390025
20221114,15:15:10,42410.00,25,390025
20221114,15:15:11,42413.60,25,390025
20221114,15:15:21,42414.35,75,390025
20221114,15:15:23,42412.20,25,390025
20221114,15:15:25,42410.15,75,390025
20221114,15:15:26,42410.85,25,390025
20221114,15:15:33,42410.00,25,390025
20221114,15:15:36,42408.05,25,390225
20221114,15:15:37,42409.65,25,390225
20221114,15:15:42,42413.70,50,390225
20221114,15:15:46,42419.15,125,390225
20221114,15:16:00,42419.30,25,390225
20221114,15:16:11,42415.85,25,390225
20221114,15:16:22,42418.00,25,390225
20221114,15:16:29,42415.00,25,390225
20221114,15:16:31,42412.00,25,390225
20221114,15:16:32,42411.65,25,390225
20221114,15:16:41,42416.95,50,390225
20221114,15:16:49,42424.55,25,390225
20221114,15:17:03,42418.25,50,390225
20221114,15:17:11,42415.00,100,390225
20221114,15:17:14,42407.25,25,390225
20221114,15:17:19,42410.00,25,390225
20221114,15:17:29,42410.00,50,390225
20221114,15:17:41,42410.00,50,390225
20221114,15:18:10,42414.00,50,390225
20221114,15:18:12,42410.00,25,390225
20221114,15:18:18,42413.95,25,390225
20221114,15:18:21,42406.20,25,390225
20221114,15:18:46,42401.20,25,390275
20221114,15:18:52,42401.00,25,390275
20221114,15:18:58,42401.00,75,390275
20221114,15:19:00,42401.00,25,390275
20221114,15:19:06,42401.00,25,390275
20221114,15:19:10,42401.00,25,390275
20221114,15:19:17,42400.15,25,390275
20221114,15:19:19,42401.30,25,390275
20221114,15:19:24,42400.15,25,390275
20221114,15:19:27,42400.00,25,390275
20221114,15:19:39,42402.50,25,390275
20221114,15:19:43,42405.60,50,390275
20221114,15:20:04,42402.50,100,390275
20221114,15:20:06,42401.80,25,390275
20221114,15:20:17,42400.10,25,390275
20221114,15:20:23,42400.00,675,390275
20221114,15:20:30,42397.15,25,390275
20221114,15:20:31,42397.85,25,390275
20221114,15:20:35,42395.00,100,390275
20221114,15:20:36,42395.00,50,390275
20221114,15:20:38,42396.50,50,390275
20221114,15:20:40,42395.00,50,390275
20221114,15:20:41,42393.00,25,390275
20221114,15:20:45,42390.80,25,390275
20221114,15:20:48,42395.00,150,390275
20221114,15:20:53,42395.95,25,390275
20221114,15:20:54,42390.00,50,390275
20221114,15:20:59,42390.00,75,390275
20221114,15:21:01,42390.00,25,390275
20221114,15:21:04,42390.00,25,390275
20221114,15:21:15,42392.85,250,390275
20221114,15:21:18,42384.85,75,390275
20221114,15:21:29,42393.95,25,390275
20221114,15:21:32,42386.55,25,390275
20221114,15:21:48,42390.00,25,389350
20221114,15:22:02,42391.80,50,389350
20221114,15:22:11,42392.00,25,389350
20221114,15:22:14,42390.00,25,389350
20221114,15:22:18,42390.00,25,389350
20221114,15:22:27,42387.65,50,389350
20221114,15:22:35,42382.05,50,389350
20221114,15:22:43,42385.00,25,389350
20221114,15:22:45,42385.00,75,389350
20221114,15:22:46,42385.00,25,389350
20221114,15:22:50,42385.00,25,389350
20221114,15:22:51,42390.55,25,389350
20221114,15:22:54,42390.75,25,389350
20221114,15:22:58,42385.00,25,389350
20221114,15:22:59,42385.00,50,389350
20221114,15:23:01,42385.00,25,389350
20221114,15:23:07,42385.10,50,389350
20221114,15:23:17,42385.00,25,389350
20221114,15:23:20,42385.00,25,389350
20221114,15:23:21,42385.00,100,389350
20221114,15:23:26,42391.00,50,389350
20221114,15:23:28,42385.00,100,389350
20221114,15:23:29,42390.95,25,389350
20221114,15:23:34,42385.10,75,389350
20221114,15:23:47,42385.15,50,389350
20221114,15:23:50,42390.00,25,389350
20221114,15:23:52,42390.00,50,389350
20221114,15:23:53,42391.60,100,389350
20221114,15:24:00,42393.95,25,389350
20221114,15:24:01,42385.00,500,389350
20221114,15:24:03,42393.95,50,389350
20221114,15:24:11,42390.00,25,389350
20221114,15:24:29,42390.00,25,389350
20221114,15:24:34,42390.00,75,389350
20221114,15:24:40,42390.00,25,389900
20221114,15:24:43,42390.00,25,389900
20221114,15:24:49,42394.85,25,389900
20221114,15:24:57,42390.00,25,389900
20221114,15:25:06,42392.00,25,389900
20221114,15:25:07,42390.00,50,389900
20221114,15:25:20,42390.00,25,389900
20221114,15:25:29,42392.00,25,389900
20221114,15:25:33,42388.30,25,389900
20221114,15:25:36,42395.00,50,389900
20221114,15:25:39,42395.00,25,389900
20221114,15:25:44,42394.75,25,389900
20221114,15:25:51,42393.90,25,389900
20221114,15:26:18,42400.00,100,389900
20221114,15:26:23,42400.00,100,389900
20221114,15:26:26,42403.15,25,389900
20221114,15:26:36,42400.05,25,389900
20221114,15:26:42,42403.15,25,389900
20221114,15:26:44,42400.05,50,389900
20221114,15:26:53,42400.00,25,389900
20221114,15:26:58,42400.05,25,389900
20221114,15:27:09,42400.05,50,389900
20221114,15:27:13,42394.80,200,389900
20221114,15:27:21,42391.70,100,389900
20221114,15:27:24,42394.00,75,389900
20221114,15:27:26,42400.00,25,389900
20221114,15:27:27,42399.00,25,389900
20221114,15:27:29,42392.65,25,389900
20221114,15:27:32,42400.00,100,389900
20221114,15:27:34,42393.35,25,389900
20221114,15:27:39,42393.35,25,389900
20221114,15:27:40,42400.05,175,390350
20221114,15:27:43,42404.65,125,390350
20221114,15:27:58,42400.00,25,390350
20221114,15:28:01,42400.00,25,390350
20221114,15:28:02,42404.65,225,390350
20221114,15:28:04,42400.85,25,390350
20221114,15:28:07,42400.50,25,390350
20221114,15:28:14,42397.45,25,390350
20221114,15:28:17,42404.65,50,390350
20221114,15:28:21,42400.00,50,390350
20221114,15:28:22,42400.30,25,390350
20221114,15:28:24,42400.30,25,390350
20221114,15:28:26,42404.75,50,390350
20221114,15:28:27,42404.70,25,390350
20221114,15:28:30,42396.45,25,390350
20221114,15:28:37,42404.65,50,390350
20221114,15:28:40,42395.60,25,390350
20221114,15:28:42,42404.40,25,390350
20221114,15:29:02,42404.35,25,390350
20221114,15:29:07,42397.05,50,390350
20221114,15:29:10,42403.90,50,390350
20221114,15:29:11,42397.05,100,390350
20221114,15:29:13,42397.05,25,390350
20221114,15:29:16,42400.00,25,390350
20221114,15:29:21,42400.00,50,390350
20221114,15:29:22,42400.00,150,390350
20221114,15:29:26,42397.00,25,390350
20221114,15:29:27,42400.00,175,390350
20221114,15:29:30,42403.00,25,390350
20221114,15:29:35,42404.40,25,390350
20221114,15:29:37,42398.00,25,390350
20221114,15:29:38,42413.40,925,390350
20221114,15:29:41,42400.00,175,390350
20221114,15:29:43,42400.00,25,390350
20221114,15:29:46,42411.55,175,390350
20221114,15:29:49,42410.50,50,390350
20221114,15:29:50,42398.40,25,390350
20221114,15:29:52,42398.15,25,390350
20221114,15:29:53,42409.65,50,390350
20221114,15:29:55,42399.15,25,390350
20221114,15:29:58,42416.40,625,390350
