20221114,09:15:05,42636.40,1,46050
20221114,09:15:05,42636.40,25,46050
20221114,09:15:21,42600.00,25,46050
20221114,09:15:26,42530.00,25,46050
20221114,09:15:28,42530.00,25,46050
20221114,09:15:29,42558.95,25,46050
20221114,09:15:31,42537.85,25,46050
20221114,09:15:40,42565.00,25,46050
20221114,09:15:43,42606.45,50,46050
20221114,09:15:50,42591.50,25,46050
20221114,09:15:59,42574.00,125,46050
20221114,09:16:01,42586.15,50,46050
20221114,09:16:08,42556.35,75,46050
20221114,09:16:21,42560.00,50,46050
20221114,09:16:24,42555.00,25,46050
20221114,09:16:30,42550.00,75,46050
20221114,09:16:46,42573.95,125,46050
20221114,09:16:52,42565.30,25,46050
20221114,09:16:53,42563.75,25,46050
20221114,09:16:56,42555.00,50,46050
20221114,09:16:59,42561.30,25,46050
20221114,09:17:02,42550.00,50,46050
20221114,09:17:10,42558.70,25,46050
20221114,09:17:11,42550.10,150,46050
20221114,09:17:29,42559.05,25,46000
20221114,09:17:38,42574.25,25,46000
20221114,09:17:59,42575.00,25,46000
20221114,09:18:08,42589.95,25,46000
20221114,09:18:10,42581.60,25,46000
20221114,09:18:13,42589.95,50,46000
20221114,09:18:30,42590.00,25,46000
20221114,09:18:31,42590.00,75,46000
20221114,09:18:34,42590.00,25,46000
20221114,09:18:42,42583.95,25,46000
20221114,09:18:57,42585.75,25,46000
20221114,09:19:00,42600.00,25,46000
20221114,09:19:13,42649.95,50,46000
20221114,09:19:15,42655.00,75,46000
20221114,09:19:22,42655.25,25,46000
20221114,09:19:25,42655.25,50,46000
20221114,09:19:30,42655.00,25,46000
20221114,09:19:33,42655.15,25,46000
20221114,09:19:37,42637.95,25,46000
20221114,09:19:50,42637.95,50,46000
20221114,09:19:53,42635.45,50,46000
20221114,09:19:55,42622.40,25,46000
20221114,09:20:05,42622.40,25,46000
20221114,09:20:20,42620.00,100,46000
20221114,09:20:28,42620.00,25,46000
20221114,09:20:33,42600.00,50,46075
20221114,09:20:40,42583.95,50,46075
20221114,09:21:03,42601.25,25,46075
20221114,09:21:48,42575.20,25,46075
20221114,09:21:56,42592.45,100,46075
20221114,09:21:58,42592.40,25,46075
20221114,09:22:06,42589.15,25,46075
20221114,09:22:17,42592.60,50,46075
20221114,09:22:46,42582.50,25,46075
20221114,09:22:56,42587.65,25,46075
20221114,09:23:03,42585.80,25,46075
20221114,09:23:07,42570.65,100,46075
20221114,09:23:11,42578.50,25,46075
20221114,09:23:24,42599.85,25,46100
20221114,09:23:29,42600.00,25,46100
20221114,09:23:40,42602.00,25,46100
20221114,09:23:55,42604.85,125,46100
20221114,09:24:00,42600.00,75,46100
20221114,09:24:07,42604.80,25,46100
20221114,09:24:25,42604.85,125,46100
20221114,09:24:45,42641.85,25,46100
20221114,09:25:34,42621.30,25,46100
20221114,09:25:42,42622.90,25,46100
20221114,09:25:44,42624.20,100,46100
20221114,09:26:12,42627.15,25,46100
20221114,09:26:33,42626.10,25,45925
20221114,09:26:52,42640.50,250,45925
20221114,09:26:59,42645.35,25,45925
20221114,09:27:05,42636.65,25,45925
20221114,09:27:10,42626.80,25,45925
20221114,09:27:46,42626.00,25,45925
20221114,09:27:54,42630.00,25,45925
20221114,09:28:27,42624.95,25,45925
20221114,09:28:33,42621.95,25,45925
20221114,09:28:37,42617.45,25,45925
20221114,09:28:41,42617.20,25,45925
20221114,09:29:02,42605.25,25,45925
20221114,09:29:30,42605.45,25,46100
20221114,09:29:37,42601.00,25,46100
20221114,09:29:38,42600.00,75,46100
20221114,09:29:43,42600.00,25,46100
20221114,09:29:45,42600.00,100,46100
20221114,09:30:01,42586.00,300,46100
20221114,09:30:08,42580.00,25,46100
20221114,09:30:22,42586.65,25,46100
20221114,09:30:35,42580.00,25,46100
20221114,09:30:43,42570.00,50,46100
20221114,09:30:58,42568.90,25,46100
20221114,09:31:06,42560.00,25,46100
20221114,09:31:15,42555.00,25,46100
20221114,09:32:00,42555.75,25,46100
20221114,09:32:11,42555.00,25,46100
20221114,09:32:26,42558.75,50,46025
20221114,09:32:44,42556.85,50,46025
20221114,09:32:52,42556.85,25,46025
20221114,09:32:55,42556.85,25,46025
20221114,09:33:02,42550.00,125,46025
20221114,09:33:12,42545.80,475,46025
20221114,09:33:13,42539.00,100,46025
20221114,09:33:15,42539.00,200,46025
20221114,09:33:23,42539.00,50,46025
20221114,09:34:05,42530.00,100,46025
20221114,09:34:09,42522.40,50,46025
20221114,09:34:11,42522.40,50,46025
20221114,09:34:14,42520.00,25,46025
20221114,09:34:43,42520.00,25,46025
20221114,09:35:06,42525.35,25,46025
20221114,09:35:09,42520.00,25,46025
20221114,09:35:13,42518.35,25,46025
20221114,09:35:14,42510.00,25,46025
20221114,09:35:19,42510.00,25,46025
20221114,09:35:42,42510.00,25,45175
20221114,09:35:53,42510.00,25,45175
20221114,09:36:19,42534.05,100,45175
20221114,09:36:21,42539.00,200,45175
20221114,09:36:27,42539.00,25,45175
20221114,09:36:29,42539.00,50,45175
20221114,09:36:32,42539.00,25,45175
20221114,09:36:44,42539.00,25,45175
20221114,09:36:45,42539.60,75,45175
20221114,09:36:47,42533.90,25,45175
20221114,09:36:50,42524.45,25,45175
20221114,09:37:11,42540.45,25,45175
20221114,09:37:22,42546.00,25,45175
20221114,09:37:30,42534.65,200,45175
20221114,09:37:40,42540.00,25,45175
20221114,09:38:40,42530.00,25,45300
20221114,09:38:44,42525.00,25,45300
20221114,09:38:47,42522.80,200,45300
20221114,09:38:51,42531.50,25,45300
20221114,09:39:06,42520.00,50,45300
20221114,09:39:09,42523.05,25,45300
20221114,09:39:16,42532.40,25,45300
20221114,09:39:29,42532.00,25,45300
20221114,09:39:32,42530.00,25,45300
20221114,09:40:09,42551.35,50,45300
20221114,09:40:30,42580.00,25,45300
20221114,09:40:38,42586.30,50,45300
20221114,09:40:49,42578.90,25,45300
20221114,09:41:14,42569.35,25,45300
20221114,09:41:26,42569.35,50,45175
20221114,09:41:28,42568.75,25,45175
20221114,09:41:31,42568.25,25,45175
20221114,09:42:35,42568.00,25,45175
20221114,09:44:08,42563.55,50,45175
20221114,09:45:39,42544.95,25,45200
20221114,09:45:42,42550.20,25,45200
20221114,09:45:45,42553.00,50,45200
20221114,09:46:27,42553.00,25,45200
20221114,09:46:29,42552.60,25,45200
20221114,09:46:42,42544.85,25,45200
20221114,09:46:45,42550.30,25,45200
20221114,09:47:11,42550.30,25,45200
20221114,09:48:15,42555.00,25,45150
20221114,09:49:01,42555.00,50,45150
20221114,09:49:35,42540.00,25,45150
20221114,09:49:37,42540.00,50,45150
20221114,09:49:38,42540.00,175,45150
20221114,09:49:47,42535.75,25,45150
20221114,09:49:55,42530.05,25,45150
20221114,09:50:01,42530.00,325,45150
20221114,09:50:13,42530.00,25,45150
20221114,09:50:14,42530.00,25,45150
20221114,09:50:44,42525.05,25,45100
20221114,09:50:49,42525.00,25,45100
20221114,09:50:51,42516.20,50,45100
20221114,09:51:07,42507.25,50,45100
20221114,09:51:09,42502.60,25,45100
20221114,09:52:23,42502.60,75,45100
20221114,09:52:29,42511.50,25,45100
20221114,09:52:44,42511.00,25,45100
20221114,09:52:51,42514.50,25,45100
20221114,09:53:00,42513.85,25,45100
20221114,09:53:07,42515.65,50,45100
20221114,09:53:10,42516.90,25,45100
20221114,09:53:51,42514.00,25,45025
20221114,09:54:57,42530.00,25,45025
20221114,09:55:18,42530.00,25,45025
20221114,09:56:15,42548.00,25,45025
20221114,09:57:50,42529.70,25,45025
20221114,09:59:07,42555.00,75,45050
20221114,09:59:59,42563.55,25,45025
20221114,10:00:20,42584.85,25,45025
20221114,10:00:28,42584.85,50,45025
20221114,10:01:23,42558.60,25,45025
20221114,10:01:30,42564.05,25,45025
20221114,10:01:36,42559.75,25,45025
20221114,10:03:11,42559.00,25,45025
20221114,10:03:16,42560.00,25,45025
20221114,10:03:42,42565.00,25,45025
20221114,10:04:01,42545.85,25,45025
20221114,10:05:04,42542.80,100,45025
20221114,10:05:15,42538.00,25,45025
20221114,10:07:11,42520.10,25,45050
20221114,10:07:28,42530.00,25,45050
20221114,10:07:29,42520.10,250,45050
20221114,10:08:29,42542.05,25,45200
20221114,10:09:59,42520.15,25,45200
20221114,10:10:00,42525.90,25,45200
20221114,10:10:47,42531.80,100,45200
20221114,10:11:04,42534.10,25,45200
20221114,10:11:09,42540.00,25,45200
20221114,10:12:23,42538.55,25,45325
20221114,10:13:23,42530.00,25,45325
20221114,10:14:16,42520.20,25,45325
20221114,10:14:21,42520.10,25,45325
20221114,10:14:22,42520.00,25,45325
20221114,10:14:24,42520.00,25,45325
20221114,10:14:53,42520.75,25,45300
20221114,10:15:08,42510.00,25,45300
20221114,10:15:15,42510.00,50,45300
20221114,10:15:39,42500.00,750,45300
20221114,10:16:18,42500.00,25,45300
20221114,10:16:45,42509.85,100,45300
20221114,10:17:03,42500.00,75,45300
20221114,10:17:04,42481.05,100,45300
20221114,10:17:07,42480.00,75,45300
20221114,10:17:25,42478.15,50,45300
20221114,10:19:19,42478.15,25,45225
20221114,10:19:43,42505.80,25,45225
20221114,10:19:47,42506.05,50,45225
20221114,10:19:55,42503.00,50,45225
20221114,10:20:11,42516.85,25,45225
20221114,10:21:55,42534.70,25,45225
20221114,10:22:23,42523.55,25,45400
20221114,10:23:13,42501.00,25,45400
20221114,10:26:08,42501.00,25,45400
20221114,10:26:54,42498.75,25,45375
20221114,10:27:36,42497.00,25,45375
20221114,10:28:22,42495.00,25,45375
20221114,10:28:41,42491.45,25,45375
20221114,10:28:48,42490.90,75,45375
20221114,10:28:52,42490.95,25,45375
20221114,10:29:03,42489.95,25,45375
20221114,10:29:21,42489.00,25,45375
20221114,10:29:26,42494.95,75,45375
20221114,10:30:39,42500.00,25,45250
20221114,10:31:06,42495.75,50,45250
20221114,10:31:28,42498.40,25,45250
20221114,10:32:59,42498.00,25,45325
20221114,10:33:01,42495.00,25,45325
20221114,10:33:04,42490.00,25,45325
20221114,10:33:07,42480.00,100,45325
20221114,10:33:09,42470.00,200,45325
20221114,10:33:14,42460.90,25,45325
20221114,10:35:41,42460.90,25,45325
20221114,10:36:08,42481.00,25,45325
20221114,10:36:09,42480.90,25,45325
20221114,10:36:14,42480.90,25,45325
20221114,10:36:16,42483.65,25,45325
20221114,10:36:41,42485.35,25,45325
20221114,10:37:22,42490.00,50,45325
20221114,10:39:04,42485.35,200,45325
20221114,10:39:12,42490.00,25,45325
20221114,10:39:34,42499.65,25,45325
20221114,10:40:11,42510.00,25,45325
20221114,10:40:16,42512.45,50,45325
20221114,10:40:48,42511.90,25,45325
20221114,10:42:25,42520.00,50,45350
20221114,10:42:27,42516.05,25,45350
20221114,10:42:35,42524.95,25,45350
20221114,10:42:45,42525.00,50,45350
20221114,10:42:48,42535.90,25,45350
20221114,10:47:30,42525.30,50,45400
20221114,10:49:30,42532.05,25,45400
20221114,10:50:01,42536.00,25,45400
20221114,10:50:15,42534.40,25,45400
20221114,10:50:28,42543.85,25,45400
20221114,10:51:04,42550.50,150,45375
20221114,10:51:40,42547.15,25,45375
20221114,10:51:43,42550.00,25,45375
20221114,10:52:21,42552.00,25,45375
20221114,10:52:44,42540.00,25,45375
20221114,10:56:18,42516.05,50,45225
20221114,10:59:04,42516.00,150,45175
20221114,11:00:20,42501.50,125,45050
20221114,11:05:09,42530.30,25,45025
20221114,11:05:27,42530.95,25,45025
20221114,11:06:27,42516.50,25,45050
20221114,11:06:32,42515.90,25,45050
20221114,11:06:37,42514.90,25,45050
20221114,11:07:14,42514.60,25,45050
20221114,11:09:30,42500.80,25,45100
20221114,11:09:54,42505.80,25,45100
20221114,11:09:59,42504.45,25,45100
20221114,11:10:15,42504.75,25,45100
20221114,11:10:28,42500.00,25,45100
20221114,11:10:48,42493.90,25,45100
20221114,11:10:53,42494.65,25,45100
20221114,11:10:58,42491.70,25,45100
20221114,11:11:03,42491.15,25,45100
20221114,11:11:08,42494.65,25,45100
20221114,11:11:20,42493.00,25,45100
20221114,11:11:25,42495.00,25,45100
20221114,11:11:28,42495.00,25,45100
20221114,11:11:33,42495.00,25,45100
20221114,11:12:05,42502.85,25,45425
20221114,11:14:01,42502.00,25,45425
20221114,11:14:03,42500.00,25,45425
20221114,11:15:23,42506.50,25,45450
20221114,11:15:42,42509.70,25,45450
20221114,11:15:57,42509.70,25,45450
20221114,11:16:00,42510.00,50,45450
20221114,11:16:18,42505.00,25,45450
20221114,11:16:32,42501.50,25,45450
20221114,11:16:46,42498.20,25,45450
20221114,11:21:11,42500.00,25,45500
20221114,11:21:14,42502.00,25,45500
20221114,11:21:17,42500.95,25,45500
20221114,11:21:30,42515.25,25,45500
20221114,11:21:40,42512.65,25,45500
20221114,11:22:06,42498.10,25,45500
20221114,11:22:40,42510.00,25,45500
20221114,11:22:49,42510.30,25,45500
20221114,11:24:05,42516.50,50,45550
20221114,11:24:07,42516.50,250,45550
20221114,11:24:10,42516.50,200,45550
20221114,11:24:36,42510.00,25,45550
20221114,11:25:47,42503.25,25,45550
20221114,11:26:28,42503.25,50,45550
20221114,11:26:46,42501.60,25,45550
20221114,11:27:02,42507.00,25,45675
20221114,11:27:13,42505.10,25,45675
20221114,11:28:42,42494.25,25,45675
20221114,11:30:32,42495.85,25,45750
20221114,11:31:02,42490.50,25,45750
20221114,11:34:17,42490.50,75,45750
20221114,11:36:18,42509.75,150,45725
20221114,11:36:37,42500.00,25,45725
20221114,11:37:49,42494.75,25,45725
20221114,11:42:17,42500.00,25,45800
20221114,11:45:04,42511.75,50,45800
20221114,11:45:14,42511.75,25,45800
20221114,11:45:31,42530.80,50,45800
20221114,11:49:52,42510.00,25,45750
20221114,11:50:23,42516.75,25,45750
20221114,11:52:11,42516.75,25,45725
20221114,11:52:58,42525.00,25,45725
20221114,11:52:59,42530.00,25,45725
20221114,11:54:29,42530.85,25,45775
20221114,11:55:33,42538.90,25,45775
20221114,11:55:50,42530.00,25,45775
20221114,12:01:44,42525.00,25,45775
20221114,12:03:12,42500.00,25,45775
20221114,12:09:43,42495.00,25,45775
20221114,12:10:09,42495.00,25,45750
20221114,12:13:02,42496.05,125,45725
20221114,12:13:06,42496.00,800,45725
20221114,12:13:13,42472.05,300,45725
20221114,12:14:56,42500.00,25,45600
20221114,12:15:10,42511.60,75,45600
20221114,12:15:30,42527.20,50,45600
20221114,12:16:15,42520.00,25,45600
20221114,12:17:30,42510.00,50,45600
20221114,12:18:26,42526.45,25,45675
20221114,12:18:35,42523.35,50,45675
20221114,12:20:51,42522.35,25,45675
20221114,12:21:16,42523.35,50,45750
20221114,12:27:25,42509.00,25,45775
20221114,12:30:54,42530.00,250,45800
20221114,12:33:08,42530.00,25,45800
20221114,12:34:42,42520.00,25,45800
20221114,12:37:58,42524.00,25,45825
20221114,12:39:25,42519.00,25,45825
20221114,12:39:30,42522.40,50,45825
20221114,12:42:24,42524.00,150,45900
20221114,12:42:25,42524.00,275,45900
20221114,12:42:27,42524.00,75,45900
20221114,12:45:00,42524.95,25,45700
20221114,12:45:22,42523.70,25,45700
20221114,12:49:07,42520.00,25,45675
20221114,12:58:54,42515.00,25,45650
20221114,12:59:05,42511.00,50,45650
20221114,12:59:07,42501.00,400,45650
20221114,12:59:09,42509.75,500,45650
20221114,13:00:02,42527.50,125,46450
20221114,13:00:05,42541.20,75,46450
20221114,13:00:07,42553.50,150,46450
20221114,13:00:09,42571.50,275,46450
20221114,13:00:14,42580.00,25,46450
20221114,13:00:15,42580.30,25,46450
20221114,13:00:22,42574.40,25,46450
20221114,13:01:45,42509.75,375,46450
20221114,13:02:57,42520.00,25,46450
20221114,13:04:45,42560.00,25,46425
20221114,13:05:29,42566.25,25,46425
20221114,13:05:30,42571.55,25,46425
20221114,13:05:32,42580.00,25,46425
20221114,13:05:48,42580.00,25,46425
20221114,13:05:54,42579.00,25,46425
20221114,13:06:02,42580.00,50,46400
20221114,13:06:24,42575.00,25,46400
20221114,13:07:04,42568.00,25,46400
20221114,13:07:36,42570.00,25,46400
20221114,13:08:46,42569.95,25,46400
20221114,13:09:30,42569.95,50,46475
20221114,13:09:44,42570.00,50,46475
20221114,13:09:57,42583.05,25,46475
20221114,13:10:05,42585.00,25,46475
20221114,13:10:33,42569.00,25,46475
20221114,13:11:16,42565.00,25,46475
20221114,13:11:52,42568.20,50,46475
20221114,13:12:17,42571.30,25,46450
20221114,13:12:22,42570.00,25,46450
20221114,13:12:47,42568.20,25,46450
20221114,13:13:32,42568.00,25,46450
20221114,13:13:43,42571.85,25,46450
20221114,13:14:36,42570.00,25,46450
20221114,13:19:08,42575.90,25,46500
20221114,13:19:10,42574.95,25,46500
20221114,13:22:13,42570.75,25,46500
20221114,13:22:24,42580.00,25,46500
20221114,13:22:28,42580.00,25,46500
20221114,13:24:03,42599.00,50,46500
20221114,13:24:08,42600.00,50,46475
20221114,13:24:09,42600.00,100,46475
20221114,13:24:13,42600.00,25,46475
20221114,13:24:39,42600.00,25,46475
20221114,13:25:19,42600.00,50,46475
20221114,13:25:22,42599.00,25,46475
20221114,13:25:25,42597.55,25,46475
20221114,13:25:52,42596.00,25,46475
20221114,13:26:16,42592.00,75,46475
20221114,13:26:59,42593.00,25,46475
20221114,13:27:27,42596.85,50,46675
20221114,13:28:26,42608.45,25,46675
20221114,13:28:42,42606.45,25,46675
20221114,13:28:55,42602.20,25,46675
20221114,13:29:11,42601.00,25,46675
20221114,13:29:16,42601.30,100,46675
20221114,13:29:51,42602.00,50,46675
20221114,13:29:53,42604.65,25,46675
20221114,13:29:58,42605.05,25,46675
20221114,13:30:07,42606.00,25,46700
20221114,13:30:09,42614.40,25,46700
20221114,13:30:14,42620.00,50,46700
20221114,13:30:24,42620.00,25,46700
20221114,13:30:27,42620.00,25,46700
20221114,13:30:29,42620.00,50,46700
20221114,13:30:34,42623.75,25,46700
20221114,13:30:40,42625.10,25,46700
20221114,13:31:01,42625.10,25,46700
20221114,13:31:56,42630.00,25,46700
20221114,13:32:00,42635.00,25,46700
20221114,13:32:01,42635.20,50,46700
20221114,13:32:03,42650.00,475,46700
20221114,13:32:06,42650.00,25,46700
20221114,13:32:18,42654.00,50,46700
20221114,13:32:29,42653.80,75,46700
20221114,13:33:19,42656.00,50,47000
20221114,13:33:21,42650.00,75,47000
20221114,13:33:22,42653.80,25,47000
20221114,13:33:30,42653.80,25,47000
20221114,13:33:46,42653.80,25,47000
20221114,13:33:49,42653.00,25,47000
20221114,13:33:55,42650.00,25,47000
20221114,13:34:37,42650.00,25,47000
20221114,13:34:44,42650.00,50,47000
20221114,13:34:55,42650.00,25,47000
20221114,13:34:57,42650.00,25,47000
20221114,13:35:05,42650.00,50,47000
20221114,13:35:11,42650.00,25,47000
20221114,13:35:22,42650.00,25,47000
20221114,13:35:24,42650.00,50,47000
20221114,13:35:30,42652.05,50,47000
20221114,13:35:48,42640.60,50,47000
20221114,13:35:53,42637.15,25,47000
20221114,13:36:20,42632.15,25,47275
20221114,13:37:28,42632.15,75,47275
20221114,13:38:04,42645.95,25,47275
20221114,13:38:09,42645.80,25,47275
20221114,13:38:15,42642.15,50,47275
20221114,13:38:28,42645.95,50,47275
20221114,13:38:30,42646.00,25,47275
20221114,13:38:38,42646.00,25,47275
20221114,13:38:39,42646.00,25,47275
20221114,13:38:41,42646.00,50,47275
20221114,13:38:51,42646.35,50,47275
20221114,13:39:26,42652.20,50,47375
20221114,13:39:43,42655.05,50,47375
20221114,13:39:47,42654.55,50,47375
20221114,13:40:05,42658.00,25,47375
20221114,13:40:09,42658.00,75,47375
20221114,13:40:13,42653.30,25,47375
20221114,13:40:14,42656.45,25,47375
20221114,13:40:19,42652.55,25,47375
20221114,13:40:21,42652.00,25,47375
20221114,13:40:24,42648.95,25,47375
20221114,13:40:26,42648.70,25,47375
20221114,13:40:31,42648.20,50,47375
20221114,13:40:39,42645.20,25,47375
20221114,13:40:45,42645.00,25,47375
20221114,13:40:56,42644.00,75,47375
20221114,13:41:12,42645.30,50,47375
20221114,13:41:13,42644.00,25,47375
20221114,13:41:22,42637.15,25,47375
20221114,13:41:53,42639.05,25,47375
20221114,13:42:03,42642.10,25,47375
20221114,13:42:19,42645.00,25,47650
20221114,13:43:00,42650.00,50,47650
20221114,13:43:01,42650.00,25,47650
20221114,13:43:08,42655.00,50,47650
20221114,13:43:23,42667.00,50,47650
20221114,13:43:29,42667.00,25,47650
20221114,13:43:31,42667.00,25,47650
20221114,13:43:40,42667.00,25,47650
20221114,13:45:19,42665.00,50,47725
20221114,13:45:27,42665.00,25,47725
20221114,13:45:52,42670.00,25,47725
20221114,13:45:55,42675.00,50,47725
20221114,13:46:03,42675.00,25,47725
20221114,13:46:06,42675.00,50,47725
20221114,13:46:13,42676.75,25,47725
20221114,13:46:17,42676.75,100,47725
20221114,13:46:39,42664.50,25,47725
20221114,13:47:22,42668.00,25,47725
20221114,13:48:11,42674.90,25,47700
20221114,13:49:31,42670.05,25,47700
20221114,13:50:08,42674.00,50,47700
20221114,13:50:15,42675.00,25,47700
20221114,13:50:46,42670.00,25,47700
20221114,13:50:48,42668.00,50,47700
20221114,13:51:29,42660.00,25,47775
20221114,13:52:55,42664.90,25,47775
20221114,13:52:58,42670.00,25,47775
20221114,13:53:41,42678.00,25,47775
20221114,13:53:43,42680.00,25,47775
20221114,13:53:56,42690.00,25,47775
20221114,13:54:02,42694.95,50,47775
20221114,13:54:15,42695.00,25,47750
20221114,13:54:18,42695.00,25,47750
20221114,13:54:29,42697.35,25,47750
20221114,13:54:37,42697.35,25,47750
20221114,13:54:42,42687.35,25,47750
20221114,13:54:55,42689.95,25,47750
20221114,13:55:01,42690.00,25,47750
20221114,13:55:12,42698.00,25,47750
20221114,13:55:27,42698.95,25,47750
20221114,13:55:39,42699.00,50,47750
20221114,13:55:47,42699.00,50,47750
20221114,13:55:50,42699.00,50,47750
20221114,13:55:53,42699.00,25,47750
20221114,13:56:01,42698.00,50,47750
20221114,13:56:08,42698.00,25,47750
20221114,13:56:23,42699.00,50,47750
20221114,13:56:37,42698.00,25,47750
20221114,13:56:48,42698.00,25,47750
20221114,13:57:24,42698.00,50,47950
20221114,13:57:34,42698.00,25,47950
20221114,13:58:11,42686.00,50,47950
20221114,13:58:26,42681.75,50,47950
20221114,13:58:38,42681.00,25,47950
20221114,13:58:40,42683.65,25,47950
20221114,13:59:08,42670.00,50,47950
20221114,13:59:19,42658.30,25,47950
20221114,13:59:21,42659.05,25,47950
20221114,13:59:39,42660.00,25,47950
20221114,13:59:47,42661.55,25,47950
20221114,14:00:43,42679.00,25,48025
20221114,14:01:34,42679.00,25,48025
20221114,14:02:57,42670.40,175,48025
20221114,14:04:18,42674.40,25,48025
20221114,14:05:15,42674.30,25,48000
20221114,14:05:54,42675.75,25,48000
20221114,14:06:37,42672.35,25,48075
20221114,14:08:12,42672.35,25,48075
20221114,14:08:34,42680.00,25,48075
20221114,14:09:50,42684.40,25,48050
20221114,14:10:09,42683.40,25,48050
20221114,14:10:11,42682.60,25,48050
20221114,14:11:58,42688.00,25,48050
20221114,14:12:00,42690.00,50,48050
20221114,14:12:44,42699.00,25,48150
20221114,14:12:49,42699.00,50,48150
20221114,14:12:55,42700.00,25,48150
20221114,14:13:01,42700.00,25,48150
20221114,14:13:02,42699.95,50,48150
20221114,14:13:17,42699.95,25,48150
20221114,14:13:18,42699.95,25,48150
20221114,14:13:20,42700.00,25,48150
20221114,14:13:28,42700.00,25,48150
20221114,14:13:30,42692.40,200,48150
20221114,14:13:31,42698.40,50,48150
20221114,14:13:45,42709.95,525,48150
20221114,14:13:47,42718.65,25,48150
20221114,14:13:50,42718.65,50,48150
20221114,14:14:08,42715.00,25,48150
20221114,14:14:18,42715.70,25,48150
20221114,14:14:21,42712.40,25,48150
20221114,14:14:24,42712.15,25,48150
20221114,14:14:36,42707.20,25,48150
20221114,14:15:11,42712.15,25,48150
20221114,14:15:16,42716.80,25,48450
20221114,14:15:17,42711.45,25,48450
20221114,14:15:30,42706.95,125,48450
20221114,14:15:50,42699.30,50,48450
20221114,14:15:58,42699.55,25,48450
20221114,14:16:26,42699.50,25,48450
20221114,14:16:27,42706.10,75,48450
20221114,14:17:57,42705.00,50,48450
20221114,14:18:23,42706.00,25,48675
20221114,14:19:11,42700.00,25,48675
20221114,14:20:22,42681.70,25,48675
20221114,14:20:59,42680.00,25,48675
20221114,14:21:03,42680.00,25,48675
20221114,14:21:04,42680.00,25,48675
20221114,14:21:16,42677.50,25,48675
20221114,14:21:41,42673.95,100,48650
20221114,14:23:22,42660.35,25,48650
20221114,14:24:02,42651.50,25,48650
20221114,14:24:58,42655.00,25,48575
20221114,14:25:00,42651.50,25,48575
20221114,14:25:01,42651.50,50,48575
20221114,14:25:03,42650.00,75,48575
20221114,14:25:22,42650.00,50,48575
20221114,14:25:52,42660.00,50,48575
20221114,14:25:59,42660.00,25,48575
20221114,14:26:46,42665.00,25,48575
20221114,14:26:57,42673.00,25,48575
20221114,14:27:46,42682.95,25,48650
20221114,14:28:13,42670.00,25,48650
20221114,14:29:52,42672.30,25,48650
20221114,14:31:11,42662.30,25,48675
20221114,14:31:24,42656.25,25,48675
20221114,14:31:33,42652.50,25,48675
20221114,14:33:18,42652.50,25,48700
20221114,14:34:13,42665.00,25,48700
20221114,14:34:35,42668.20,50,48700
20221114,14:35:16,42650.05,25,48700
20221114,14:37:14,42655.00,25,48700
20221114,14:37:35,42650.00,25,48700
20221114,14:37:43,42639.00,25,48700
20221114,14:39:21,42635.35,25,48725
20221114,14:39:55,42636.00,25,48725
20221114,14:42:07,42635.00,25,48725
20221114,14:42:18,42635.00,25,48725
20221114,14:42:34,42635.00,25,48700
20221114,14:42:35,42635.00,25,48700
20221114,14:44:53,42635.00,25,48700
20221114,14:45:03,42625.00,100,48700
20221114,14:45:05,42618.35,50,48700
20221114,14:45:37,42640.00,25,48675
20221114,14:46:02,42653.20,25,48675
20221114,14:47:11,42648.05,25,48675
20221114,14:48:34,42621.00,25,48675
20221114,14:48:36,42611.35,25,48675
20221114,14:48:38,42619.25,25,48675
20221114,14:48:46,42617.40,25,48675
20221114,14:49:10,42620.00,25,48675
20221114,14:49:41,42622.80,25,48675
20221114,14:50:32,42623.75,50,48675
20221114,14:51:16,42610.00,300,48675
20221114,14:51:43,42615.00,25,48575
20221114,14:52:25,42615.00,50,48575
20221114,14:52:33,42601.55,125,48575
20221114,14:52:46,42605.05,25,48575
20221114,14:52:49,42605.05,75,48575
20221114,14:55:07,42606.00,25,48650
20221114,14:55:09,42605.05,25,48650
20221114,14:55:12,42600.00,300,48650
20221114,14:55:14,42600.00,25,48650
20221114,14:55:16,42600.00,100,48650
20221114,14:55:29,42592.00,50,48650
20221114,14:56:59,42608.00,300,48650
20221114,14:57:15,42600.00,50,48650
20221114,14:57:16,42597.00,25,48650
20221114,14:58:26,42609.70,25,48750
20221114,14:58:34,42609.95,25,48750
20221114,14:58:50,42609.95,25,48750
20221114,14:59:07,42609.95,25,48750
20221114,14:59:20,42620.00,25,48750
20221114,15:00:38,42615.25,50,48750
20221114,15:01:18,42605.35,25,48750
20221114,15:01:24,42609.80,25,48750
20221114,15:02:42,42622.60,25,48750
20221114,15:02:44,42623.20,25,48750
20221114,15:03:54,42606.00,250,48850
20221114,15:04:12,42600.00,25,48850
20221114,15:04:14,42600.00,25,48850
20221114,15:04:15,42599.15,25,48850
20221114,15:04:17,42598.00,25,48850
20221114,15:04:47,42582.00,25,48850
20221114,15:04:57,42580.00,75,48850
20221114,15:05:12,42570.00,25,48850
20221114,15:06:08,42570.00,50,48850
20221114,15:06:21,42570.00,25,48850
20221114,15:07:29,42572.95,25,48925
20221114,15:07:50,42574.45,25,48925
20221114,15:08:46,42574.00,25,48925
20221114,15:09:21,42569.15,25,48925
20221114,15:09:42,42570.00,25,48950
20221114,15:10:17,42560.00,500,48950
20221114,15:10:28,42559.30,25,48950
20221114,15:10:59,42570.40,25,48950
20221114,15:11:37,42576.90,25,48950
20221114,15:11:40,42584.50,50,48950
20221114,15:13:15,42560.00,100,49175
20221114,15:13:23,42550.70,300,49175
20221114,15:13:33,42555.60,25,49175
20221114,15:14:45,42564.65,25,49175
20221114,15:15:42,42583.30,75,49325
20221114,15:16:53,42583.00,25,49325
20221114,15:17:05,42576.00,25,49325
20221114,15:17:11,42576.00,200,49325
20221114,15:17:16,42576.00,25,49325
20221114,15:18:08,42576.90,50,49325
20221114,15:18:14,42575.55,25,49325
20221114,15:18:26,42565.40,50,49325
20221114,15:19:05,42564.65,25,49275
20221114,15:19:58,42564.00,25,49275
20221114,15:20:06,42566.40,25,49275
20221114,15:20:09,42567.00,75,49275
20221114,15:20:11,42567.00,50,49275
20221114,15:20:23,42556.85,25,49275
20221114,15:21:01,42552.55,25,49275
20221114,15:21:04,42550.05,25,49275
20221114,15:21:09,42551.75,25,49275
20221114,15:21:10,42550.05,25,49275
20221114,15:21:12,42552.75,25,49275
20221114,15:21:25,42550.00,150,49275
20221114,15:21:53,42550.00,50,49275
20221114,15:21:57,42550.00,25,49275
20221114,15:22:16,42551.45,25,49275
20221114,15:22:21,42550.00,25,49275
20221114,15:22:58,42541.85,25,49275
20221114,15:23:28,42550.00,25,49275
20221114,15:23:36,42554.25,125,49275
20221114,15:23:37,42543.60,25,49275
20221114,15:23:55,42555.60,25,49275
20221114,15:23:58,42554.75,25,49275
20221114,15:24:42,42554.00,25,49350
20221114,15:25:04,42554.00,50,49350
20221114,15:25:07,42558.95,25,49350
20221114,15:25:33,42558.95,25,49350
20221114,15:25:36,42553.50,25,49350
20221114,15:25:45,42567.35,25,49350
20221114,15:26:29,42566.90,25,49350
20221114,15:27:05,42566.90,250,49350
20221114,15:27:23,42557.90,25,49350
20221114,15:27:47,42563.00,50,49550
20221114,15:27:48,42563.00,50,49550
20221114,15:27:51,42563.00,25,49550
20221114,15:27:53,42563.00,200,49550
20221114,15:27:54,42563.00,50,49550
20221114,15:27:55,42563.00,25,49550
20221114,15:28:00,42563.00,125,49550
20221114,15:28:03,42565.00,25,49550
20221114,15:28:19,42570.00,475,49550
20221114,15:28:51,42570.00,25,49550
20221114,15:29:15,42570.00,25,49550
20221114,15:29:16,42565.00,50,49550
20221114,15:29:26,42571.00,25,49550
20221114,15:29:30,42571.00,250,49550
20221114,15:29:32,42572.75,50,49550
20221114,15:29:41,42570.00,75,49550
20221114,15:29:43,42571.95,25,49550
