20221114,09:15:00,42325.10,1,2656425
20221114,09:15:00,42332.05,1,2656425
20221114,09:15:00,42266.55,1,2656425
20221114,09:15:00,42300.00,725,2656425
20221114,09:15:01,42300.00,450,2656425
20221114,09:15:02,42273.75,725,2656425
20221114,09:15:03,42239.80,675,2656425
20221114,09:15:05,42259.05,1200,2656425
20221114,09:15:06,42261.45,1325,2656425
20221114,09:15:08,42272.55,3250,2656425
20221114,09:15:09,42271.50,1750,2656425
20221114,09:15:10,42250.60,2350,2656425
20221114,09:15:12,42218.20,4525,2656425
20221114,09:15:13,42216.05,725,2656425
20221114,09:15:14,42228.05,750,2656425
20221114,09:15:16,42200.60,3275,2656425
20221114,09:15:17,42200.55,800,2656425
20221114,09:15:19,42215.75,925,2656425
20221114,09:15:20,42225.15,625,2656425
20221114,09:15:22,42223.00,1975,2656425
20221114,09:15:23,42209.60,575,2656425
20221114,09:15:24,42200.05,1950,2656425
20221114,09:15:26,42178.35,2450,2656425
20221114,09:15:27,42177.65,1350,2656425
20221114,09:15:29,42200.00,975,2656425
20221114,09:15:30,42197.05,2325,2656425
20221114,09:15:32,42191.80,750,2656425
20221114,09:15:33,42191.00,1250,2656425
20221114,09:15:35,42200.10,2125,2656425
20221114,09:15:36,42205.80,1825,2656425
20221114,09:15:38,42208.65,1475,2656425
20221114,09:15:39,42216.75,2050,2656425
20221114,09:15:40,42248.85,900,2656425
20221114,09:15:42,42260.40,2800,2656425
20221114,09:15:44,42265.05,1825,2656425
20221114,09:15:45,42268.45,575,2656425
20221114,09:15:47,42249.00,650,2656425
20221114,09:15:48,42243.20,250,2656425
20221114,09:15:50,42241.20,775,2656425
20221114,09:15:51,42257.65,325,2656425
20221114,09:15:53,42262.55,875,2656425
20221114,09:15:54,42257.10,1050,2656425
20221114,09:15:56,42238.55,175,2656425
20221114,09:15:57,42227.80,275,2656425
20221114,09:15:59,42227.00,600,2656425
20221114,09:16:00,42210.50,550,2656425
20221114,09:16:02,42214.70,1750,2656425
20221114,09:16:03,42220.00,1150,2656425
20221114,09:16:05,42202.95,675,2656425
20221114,09:16:06,42200.35,2800,2656425
20221114,09:16:08,42207.40,4350,2656425
20221114,09:16:09,42216.10,675,2656425
20221114,09:16:11,42216.20,1250,2656425
20221114,09:16:12,42211.55,475,2656425
20221114,09:16:14,42215.05,1050,2656425
20221114,09:16:15,42224.00,1125,2656425
20221114,09:16:17,42205.00,6050,2656425
20221114,09:16:18,42204.00,6600,2656425
20221114,09:16:19,42205.10,4625,2656425
20221114,09:16:21,42201.05,11550,2656425
20221114,09:16:22,42203.15,4825,2656425
20221114,09:16:24,42195.70,8225,2656425
20221114,09:16:25,42193.25,1350,2656425
20221114,09:16:27,42200.00,5000,2656425
20221114,09:16:28,42189.90,725,2656425
20221114,09:16:30,42193.10,5100,2656425
20221114,09:16:31,42200.00,950,2656425
20221114,09:16:33,42201.65,3025,2656425
20221114,09:16:34,42199.95,1200,2656425
20221114,09:16:36,42200.10,725,2656425
20221114,09:16:37,42208.80,450,2656425
20221114,09:16:39,42201.15,175,2656425
20221114,09:16:40,42206.95,750,2656425
20221114,09:16:42,42207.00,1025,2656425
20221114,09:16:43,42206.55,125,2656425
20221114,09:16:45,42207.20,2100,2656425
20221114,09:16:46,42210.00,925,2656425
20221114,09:16:48,42209.95,350,2656425
20221114,09:16:50,42201.00,300,2656425
20221114,09:16:51,42195.25,1500,2656425
20221114,09:16:53,42199.75,325,2656425
20221114,09:16:54,42198.70,350,2656425
20221114,09:16:56,42195.90,4150,2656425
20221114,09:16:57,42192.10,450,2656425
20221114,09:16:59,42195.25,275,2656425
20221114,09:17:00,42192.10,575,2656425
20221114,09:17:02,42186.15,2650,2656425
20221114,09:17:03,42180.90,3775,2656425
20221114,09:17:05,42175.35,6525,2656425
20221114,09:17:06,42197.00,3000,2656425
20221114,09:17:08,42190.10,275,2656425
20221114,09:17:09,42194.45,950,2656425
20221114,09:17:11,42190.00,1800,2656425
20221114,09:17:12,42201.95,775,2656425
20221114,09:17:14,42197.50,225,2656425
20221114,09:17:15,42198.95,250,2656425
20221114,09:17:17,42205.55,475,2656425
20221114,09:17:18,42209.00,75,2656425
20221114,09:17:20,42210.70,25,2656425
20221114,09:17:21,42216.00,175,2656425
20221114,09:17:23,42219.30,300,2656425
20221114,09:17:24,42222.00,275,2586800
20221114,09:17:26,42223.00,400,2586800
20221114,09:17:27,42211.00,700,2586800
20221114,09:17:29,42213.65,650,2586800
20221114,09:17:30,42207.35,300,2586800
20221114,09:17:32,42215.00,100,2586800
20221114,09:17:33,42209.95,350,2586800
20221114,09:17:35,42210.50,550,2586800
20221114,09:17:36,42207.70,450,2586800
20221114,09:17:38,42211.90,175,2586800
20221114,09:17:39,42205.50,300,2586800
20221114,09:17:41,42207.30,125,2586800
20221114,09:17:42,42208.15,575,2586800
20221114,09:17:44,42210.55,375,2586800
20221114,09:17:45,42210.55,475,2586800
20221114,09:17:47,42211.00,950,2586800
20221114,09:17:48,42210.75,325,2586800
20221114,09:17:50,42207.35,850,2586800
20221114,09:17:51,42209.70,125,2586800
20221114,09:17:53,42210.00,75,2586800
20221114,09:17:54,42215.00,350,2586800
20221114,09:17:55,42222.00,775,2586800
20221114,09:17:57,42219.50,75,2586800
20221114,09:17:59,42216.85,50,2586800
20221114,09:18:00,42220.95,75,2586800
20221114,09:18:02,42229.60,1375,2586800
20221114,09:18:03,42230.00,175,2586800
20221114,09:18:05,42221.20,175,2586800
20221114,09:18:06,42223.65,225,2586800
20221114,09:18:08,42226.55,175,2586800
20221114,09:18:10,42228.40,200,2586800
20221114,09:18:11,42237.70,275,2586800
20221114,09:18:13,42234.10,475,2586800
20221114,09:18:15,42234.40,350,2586800
20221114,09:18:16,42231.10,275,2586800
20221114,09:18:18,42230.00,125,2586800
20221114,09:18:19,42229.35,4625,2586800
20221114,09:18:21,42230.55,2025,2586800
20221114,09:18:23,42230.00,225,2586800
20221114,09:18:24,42220.75,200,2586800
20221114,09:18:26,42220.00,925,2586800
20221114,09:18:27,42222.75,125,2586800
20221114,09:18:29,42228.05,450,2586800
20221114,09:18:31,42239.85,350,2586800
20221114,09:18:32,42234.55,300,2586800
20221114,09:18:34,42230.00,125,2586800
20221114,09:18:36,42234.75,100,2586800
20221114,09:18:37,42227.00,200,2586800
20221114,09:18:39,42226.65,1075,2586800
20221114,09:18:40,42220.30,5825,2586800
20221114,09:18:42,42228.50,2675,2586800
20221114,09:18:45,42220.40,2425,2586800
20221114,09:18:47,42228.35,75,2586800
20221114,09:18:48,42228.50,325,2586800
20221114,09:18:50,42229.80,175,2586800
20221114,09:18:52,42226.85,150,2586800
20221114,09:18:53,42234.75,150,2586800
20221114,09:18:55,42235.00,125,2586800
20221114,09:18:56,42237.70,75,2586800
20221114,09:18:58,42239.85,200,2586800
20221114,09:19:00,42248.00,2625,2586800
20221114,09:19:01,42245.00,1075,2586800
20221114,09:19:03,42258.45,1525,2586800
20221114,09:19:05,42258.15,150,2586800
20221114,09:19:06,42256.65,250,2586800
20221114,09:19:08,42257.20,50,2586800
20221114,09:19:10,42270.00,1275,2586800
20221114,09:19:11,42280.00,775,2586800
20221114,09:19:13,42295.00,775,2586800
20221114,09:19:15,42302.00,3600,2586800
20221114,09:19:16,42312.05,3125,2586800
20221114,09:19:18,42300.00,1350,2586800
20221114,09:19:20,42287.05,1300,2586800
20221114,09:19:21,42292.40,1350,2586800
20221114,09:19:23,42308.25,300,2586800
20221114,09:19:25,42293.35,1650,2586800
20221114,09:19:26,42303.20,375,2586800
20221114,09:19:28,42299.75,500,2586800
20221114,09:19:30,42296.05,450,2586800
20221114,09:19:31,42299.55,1375,2586800
20221114,09:19:33,42299.95,525,2586800
20221114,09:19:35,42285.10,400,2586800
20221114,09:19:36,42282.65,325,2586800
20221114,09:19:38,42283.40,525,2586800
20221114,09:19:40,42279.10,725,2586800
20221114,09:19:41,42268.70,2700,2586800
20221114,09:19:43,42267.40,400,2586800
20221114,09:19:45,42265.75,750,2586800
20221114,09:19:46,42264.85,100,2586800
20221114,09:19:48,42271.20,1225,2586800
20221114,09:19:50,42279.85,425,2586800
20221114,09:19:51,42270.00,50,2586800
20221114,09:19:53,42268.45,500,2586800
20221114,09:19:55,42274.30,25,2586800
20221114,09:19:56,42258.60,475,2586800
20221114,09:19:58,42265.45,300,2586800
20221114,09:20:00,42260.15,300,2586800
20221114,09:20:01,42262.80,275,2586800
20221114,09:20:03,42265.00,225,2586800
20221114,09:20:05,42267.55,550,2586800
20221114,09:20:06,42268.80,25,2586800
20221114,09:20:08,42267.80,75,2586800
20221114,09:20:09,42286.55,375,2586800
20221114,09:20:11,42278.25,325,2586800
20221114,09:20:13,42282.00,100,2586800
20221114,09:20:14,42270.05,400,2586800
20221114,09:20:16,42260.90,925,2586800
20221114,09:20:18,42272.25,950,2586800
20221114,09:20:19,42258.55,1250,2586800
20221114,09:20:21,42266.35,125,2586800
20221114,09:20:23,42257.60,2025,2586800
20221114,09:20:25,42254.55,250,2573650
20221114,09:20:26,42259.80,225,2573650
20221114,09:20:28,42254.80,250,2573650
20221114,09:20:29,42251.30,175,2573650
20221114,09:20:31,42240.95,3250,2573650
20221114,09:20:33,42237.65,1750,2573650
20221114,09:20:34,42233.55,1325,2573650
20221114,09:20:36,42227.70,400,2573650
20221114,09:20:38,42232.80,400,2573650
20221114,09:20:39,42221.30,1525,2573650
20221114,09:20:41,42231.10,350,2573650
20221114,09:20:43,42232.00,475,2573650
20221114,09:20:44,42230.15,375,2573650
20221114,09:20:46,42239.55,425,2573650
20221114,09:20:48,42250.00,25,2573650
20221114,09:20:49,42250.10,250,2573650
20221114,09:20:51,42247.55,250,2573650
20221114,09:20:53,42240.90,4050,2573650
20221114,09:20:54,42236.95,300,2573650
20221114,09:20:56,42243.40,1350,2573650
20221114,09:20:58,42242.55,400,2573650
20221114,09:20:59,42250.00,50,2573650
20221114,09:21:01,42245.90,575,2573650
20221114,09:21:03,42257.05,825,2573650
20221114,09:21:04,42246.90,50,2573650
20221114,09:21:06,42240.00,100,2573650
20221114,09:21:07,42241.30,250,2573650
20221114,09:21:09,42242.45,1875,2573650
20221114,09:21:11,42245.75,400,2573650
20221114,09:21:12,42250.00,125,2573650
20221114,09:21:14,42242.75,100,2573650
20221114,09:21:16,42242.50,75,2573650
20221114,09:21:17,42243.85,175,2573650
20221114,09:21:19,42248.50,250,2573650
20221114,09:21:21,42240.00,450,2573650
20221114,09:21:22,42238.90,25,2573650
20221114,09:21:24,42240.90,325,2573650
20221114,09:21:26,42235.30,100,2573650
20221114,09:21:27,42231.15,200,2573650
20221114,09:21:29,42231.90,175,2573650
20221114,09:21:31,42230.50,300,2573650
20221114,09:21:32,42230.15,125,2573650
20221114,09:21:34,42221.30,1600,2573650
20221114,09:21:36,42224.45,1500,2573650
20221114,09:21:37,42231.10,850,2573650
20221114,09:21:39,42220.50,1950,2573650
20221114,09:21:41,42220.50,25,2573650
20221114,09:21:42,42221.00,275,2573650
20221114,09:21:44,42216.70,250,2573650
20221114,09:21:46,42220.00,225,2573650
20221114,09:21:47,42223.05,225,2573650
20221114,09:21:49,42224.80,325,2573650
20221114,09:21:51,42224.40,25,2573650
20221114,09:21:52,42232.25,150,2573650
20221114,09:21:54,42235.00,100,2573650
20221114,09:21:56,42241.20,125,2573650
20221114,09:21:57,42229.25,75,2573650
20221114,09:21:59,42230.30,100,2573650
20221114,09:22:01,42232.45,25,2573650
20221114,09:22:02,42227.00,75,2573650
20221114,09:22:04,42226.00,175,2573650
20221114,09:22:06,42226.65,175,2573650
20221114,09:22:09,42228.55,150,2573650
20221114,09:22:10,42229.80,225,2573650
20221114,09:22:12,42227.40,100,2573650
20221114,09:22:13,42228.60,75,2573650
20221114,09:22:15,42230.25,200,2573650
20221114,09:22:17,42230.00,125,2573650
20221114,09:22:18,42234.00,675,2573650
20221114,09:22:20,42234.70,100,2573650
20221114,09:22:22,42236.60,400,2573650
20221114,09:22:23,42230.80,675,2573650
20221114,09:22:25,42236.75,475,2573650
20221114,09:22:27,42240.25,225,2573650
20221114,09:22:28,42242.80,375,2573650
20221114,09:22:30,42232.80,300,2573650
20221114,09:22:31,42230.90,125,2573650
20221114,09:22:33,42237.85,325,2573650
20221114,09:22:35,42234.40,100,2573650
20221114,09:22:36,42235.00,25,2573650
20221114,09:22:40,42234.85,150,2573650
20221114,09:22:41,42230.05,750,2573650
20221114,09:22:43,42223.25,175,2573650
20221114,09:22:44,42230.05,200,2573650
20221114,09:22:46,42233.95,100,2573650
20221114,09:22:48,42223.10,525,2573650
20221114,09:22:49,42229.15,1000,2573650
20221114,09:22:51,42222.00,25,2573650
20221114,09:22:52,42221.85,475,2573650
20221114,09:22:54,42223.00,625,2573650
20221114,09:22:56,42221.90,300,2573650
20221114,09:22:57,42225.55,925,2573650
20221114,09:22:59,42225.55,200,2573650
20221114,09:23:01,42221.90,200,2573650
20221114,09:23:02,42216.00,250,2573650
20221114,09:23:04,42216.80,225,2573650
20221114,09:23:06,42211.45,275,2573650
20221114,09:23:07,42216.85,175,2573650
20221114,09:23:09,42211.55,50,2573650
20221114,09:23:10,42219.80,175,2573650
20221114,09:23:12,42224.60,350,2573650
20221114,09:23:14,42215.00,600,2573650
20221114,09:23:15,42218.85,150,2573650
20221114,09:23:17,42221.75,1275,2573650
20221114,09:23:19,42229.45,175,2573650
20221114,09:23:20,42235.00,1000,2573650
20221114,09:23:22,42232.00,450,2573650
20221114,09:23:24,42232.00,825,2573650
20221114,09:23:25,42237.60,175,2567000
20221114,09:23:27,42240.00,300,2567000
20221114,09:23:28,42242.45,275,2567000
20221114,09:23:30,42249.75,1000,2567000
20221114,09:23:32,42253.70,50,2567000
20221114,09:23:33,42250.00,275,2567000
20221114,09:23:35,42240.30,200,2567000
20221114,09:23:37,42244.00,275,2567000
20221114,09:23:38,42249.80,150,2567000
20221114,09:23:40,42250.00,175,2567000
20221114,09:23:41,42250.00,200,2567000
20221114,09:23:43,42251.15,75,2567000
20221114,09:23:46,42248.85,50,2567000
20221114,09:23:48,42251.40,175,2567000
20221114,09:23:50,42246.30,100,2567000
20221114,09:23:51,42246.80,325,2567000
20221114,09:23:53,42245.55,250,2567000
20221114,09:23:54,42252.30,400,2567000
20221114,09:23:56,42246.50,100,2567000
20221114,09:23:58,42252.55,50,2567000
20221114,09:23:59,42236.00,1250,2567000
20221114,09:24:01,42236.00,75,2567000
20221114,09:24:03,42240.65,50,2567000
20221114,09:24:04,42244.50,100,2567000
20221114,09:24:06,42240.30,75,2567000
20221114,09:24:07,42237.60,75,2567000
20221114,09:24:09,42239.65,150,2567000
20221114,09:24:10,42242.90,175,2567000
20221114,09:24:12,42239.80,150,2567000
20221114,09:24:14,42239.80,250,2567000
20221114,09:24:15,42241.65,325,2567000
20221114,09:24:17,42238.35,150,2567000
20221114,09:24:18,42239.40,125,2567000
20221114,09:24:20,42242.75,375,2567000
20221114,09:24:22,42244.20,375,2567000
20221114,09:24:23,42245.05,225,2567000
20221114,09:24:25,42248.60,400,2567000
20221114,09:24:26,42252.00,275,2567000
20221114,09:24:28,42254.40,275,2567000
20221114,09:24:30,42252.50,50,2567000
20221114,09:24:31,42259.00,700,2567000
20221114,09:24:33,42262.90,350,2567000
20221114,09:24:35,42267.15,1200,2567000
20221114,09:24:36,42266.70,1275,2567000
20221114,09:24:38,42267.70,150,2567000
20221114,09:24:40,42275.00,1100,2567000
20221114,09:24:41,42275.10,100,2567000
20221114,09:24:43,42274.45,300,2567000
20221114,09:24:45,42273.05,450,2567000
20221114,09:24:46,42277.15,150,2567000
20221114,09:24:48,42278.40,850,2567000
20221114,09:24:50,42279.00,900,2567000
20221114,09:24:51,42271.20,150,2567000
20221114,09:24:53,42273.40,75,2567000
20221114,09:24:54,42273.05,275,2567000
20221114,09:24:56,42265.75,925,2567000
20221114,09:24:58,42262.20,250,2567000
20221114,09:24:59,42268.75,175,2567000
20221114,09:25:02,42263.15,550,2567000
20221114,09:25:04,42256.65,375,2567000
20221114,09:25:06,42263.30,150,2567000
20221114,09:25:09,42264.45,75,2567000
20221114,09:25:10,42271.65,300,2567000
20221114,09:25:12,42271.70,175,2567000
20221114,09:25:13,42275.00,400,2567000
20221114,09:25:15,42269.05,250,2567000
20221114,09:25:16,42271.70,50,2567000
20221114,09:25:18,42268.75,225,2567000
20221114,09:25:20,42268.70,650,2567000
20221114,09:25:21,42258.60,125,2567000
20221114,09:25:23,42258.50,75,2567000
20221114,09:25:24,42262.35,50,2567000
20221114,09:25:26,42266.10,225,2567000
20221114,09:25:28,42264.35,50,2567000
20221114,09:25:29,42260.25,25,2567000
20221114,09:25:31,42262.75,125,2567000
20221114,09:25:33,42261.75,75,2567000
20221114,09:25:34,42267.35,200,2567000
20221114,09:25:36,42262.75,250,2567000
20221114,09:25:37,42262.05,75,2567000
20221114,09:25:39,42260.45,150,2567000
20221114,09:25:41,42264.80,100,2567000
20221114,09:25:42,42267.80,375,2567000
20221114,09:25:44,42269.80,125,2567000
20221114,09:25:46,42269.80,150,2567000
20221114,09:25:47,42260.00,450,2567000
20221114,09:25:49,42264.70,200,2567000
20221114,09:25:50,42261.30,50,2567000
20221114,09:25:52,42261.70,125,2567000
20221114,09:25:54,42266.35,300,2567000
20221114,09:25:55,42268.80,175,2567000
20221114,09:25:57,42262.05,25,2567000
20221114,09:26:00,42263.50,50,2567000
20221114,09:26:01,42268.90,125,2567000
20221114,09:26:03,42262.00,125,2567000
20221114,09:26:04,42266.90,425,2567000
20221114,09:26:06,42257.30,100,2567000
20221114,09:26:07,42260.10,275,2567000
20221114,09:26:09,42266.95,400,2567000
20221114,09:26:10,42262.00,225,2567000
20221114,09:26:14,42259.60,125,2567000
20221114,09:26:15,42262.00,225,2567000
20221114,09:26:17,42257.15,125,2567000
20221114,09:26:18,42262.55,175,2567000
20221114,09:26:20,42256.95,700,2567000
20221114,09:26:22,42259.90,175,2567000
20221114,09:26:23,42264.00,200,2567000
20221114,09:26:25,42261.55,75,2567000
20221114,09:26:26,42261.15,200,2571000
20221114,09:26:28,42258.80,50,2571000
20221114,09:26:30,42259.05,50,2571000
20221114,09:26:31,42262.30,25,2571000
20221114,09:26:33,42264.80,175,2571000
20221114,09:26:34,42260.10,25,2571000
20221114,09:26:36,42261.90,200,2571000
20221114,09:26:37,42259.35,225,2571000
20221114,09:26:39,42259.80,100,2571000
20221114,09:26:40,42259.85,150,2571000
20221114,09:26:42,42262.00,225,2571000
20221114,09:26:43,42263.35,300,2571000
20221114,09:26:45,42266.80,1425,2571000
20221114,09:26:47,42266.00,875,2571000
20221114,09:26:48,42272.70,425,2571000
20221114,09:26:50,42275.30,725,2571000
20221114,09:26:52,42288.50,925,2571000
20221114,09:26:54,42284.15,625,2571000
20221114,09:26:55,42283.50,1075,2571000
20221114,09:26:57,42281.85,500,2571000
20221114,09:26:58,42283.50,700,2571000
20221114,09:27:00,42274.55,1075,2571000
20221114,09:27:02,42270.30,450,2571000
20221114,09:27:03,42272.80,1550,2571000
20221114,09:27:05,42272.80,300,2571000
20221114,09:27:07,42268.00,425,2571000
20221114,09:27:08,42268.05,150,2571000
20221114,09:27:10,42262.40,100,2571000
20221114,09:27:11,42260.35,600,2571000
20221114,09:27:13,42261.85,975,2571000
20221114,09:27:15,42263.35,1075,2571000
20221114,09:27:16,42269.05,300,2571000
20221114,09:27:18,42264.05,350,2571000
20221114,09:27:20,42268.90,200,2571000
20221114,09:27:21,42268.40,200,2571000
20221114,09:27:23,42264.50,375,2571000
20221114,09:27:24,42265.05,150,2571000
20221114,09:27:26,42268.05,300,2571000
20221114,09:27:27,42267.95,300,2571000
20221114,09:27:29,42267.05,1025,2571000
20221114,09:27:31,42267.05,125,2571000
20221114,09:27:32,42266.10,50,2571000
20221114,09:27:34,42267.00,200,2571000
20221114,09:27:35,42270.00,375,2571000
20221114,09:27:37,42271.80,250,2571000
20221114,09:27:38,42270.35,150,2571000
20221114,09:27:40,42271.50,25,2571000
20221114,09:27:41,42271.70,675,2571000
20221114,09:27:43,42270.45,200,2571000
20221114,09:27:44,42267.40,325,2571000
20221114,09:27:46,42265.15,175,2571000
20221114,09:27:48,42269.30,325,2571000
20221114,09:27:49,42271.90,450,2571000
20221114,09:27:51,42274.95,75,2571000
20221114,09:27:52,42267.50,250,2571000
20221114,09:27:54,42269.30,225,2571000
20221114,09:27:55,42267.40,150,2571000
20221114,09:27:57,42266.05,275,2571000
20221114,09:27:58,42265.95,575,2571000
20221114,09:28:00,42263.90,325,2571000
20221114,09:28:02,42265.45,225,2571000
20221114,09:28:03,42262.60,100,2571000
20221114,09:28:05,42263.45,175,2571000
20221114,09:28:06,42263.85,100,2571000
20221114,09:28:08,42265.70,75,2571000
20221114,09:28:09,42269.25,175,2571000
20221114,09:28:13,42268.45,325,2571000
20221114,09:28:14,42268.90,525,2571000
20221114,09:28:16,42268.90,50,2571000
20221114,09:28:17,42267.00,250,2571000
20221114,09:28:19,42267.00,200,2571000
20221114,09:28:21,42266.40,325,2571000
20221114,09:28:22,42266.40,25,2571000
20221114,09:28:25,42262.35,1225,2571000
20221114,09:28:27,42258.35,1225,2571000
20221114,09:28:28,42259.50,1400,2571000
20221114,09:28:30,42260.00,725,2571000
20221114,09:28:33,42259.75,50,2571000
20221114,09:28:35,42253.50,1025,2571000
20221114,09:28:37,42251.60,475,2571000
20221114,09:28:38,42255.00,700,2571000
20221114,09:28:40,42254.70,325,2571000
20221114,09:28:41,42250.00,325,2571000
20221114,09:28:43,42249.80,550,2571000
20221114,09:28:45,42244.90,150,2571000
20221114,09:28:46,42242.90,125,2571000
20221114,09:28:48,42251.15,325,2571000
20221114,09:28:49,42250.75,25,2571000
20221114,09:28:51,42254.70,325,2571000
20221114,09:28:53,42252.75,300,2571000
20221114,09:28:54,42254.60,500,2571000
20221114,09:28:56,42255.30,200,2571000
20221114,09:28:57,42257.45,1000,2571000
20221114,09:28:59,42253.95,150,2571000
20221114,09:29:01,42250.00,75,2571000
20221114,09:29:02,42247.85,750,2571000
20221114,09:29:04,42245.00,825,2571000
20221114,09:29:06,42243.70,200,2571000
20221114,09:29:07,42244.15,1225,2571000
20221114,09:29:09,42254.15,525,2571000
20221114,09:29:10,42255.95,100,2571000
20221114,09:29:12,42249.65,50,2571000
20221114,09:29:14,42251.60,175,2571000
20221114,09:29:17,42253.60,50,2571000
20221114,09:29:19,42247.10,125,2571000
20221114,09:29:20,42249.55,175,2571000
20221114,09:29:22,42247.00,150,2571000
20221114,09:29:24,42247.00,225,2571000
20221114,09:29:25,42245.85,450,2571000
20221114,09:29:27,42242.25,325,2570450
20221114,09:29:28,42240.30,275,2570450
20221114,09:29:30,42239.55,175,2570450
20221114,09:29:32,42249.10,525,2570450
20221114,09:29:33,42243.50,75,2570450
20221114,09:29:35,42240.00,125,2570450
20221114,09:29:36,42238.00,275,2570450
20221114,09:29:38,42240.00,175,2570450
20221114,09:29:40,42240.00,75,2570450
20221114,09:29:41,42237.95,125,2570450
20221114,09:29:43,42235.00,100,2570450
20221114,09:29:45,42237.80,175,2570450
20221114,09:29:46,42231.05,175,2570450
20221114,09:29:48,42231.80,700,2570450
20221114,09:29:50,42235.00,475,2570450
20221114,09:29:51,42233.90,125,2570450
20221114,09:29:53,42232.10,300,2570450
20221114,09:29:54,42232.70,300,2570450
20221114,09:29:56,42233.00,100,2570450
20221114,09:29:58,42230.00,950,2570450
20221114,09:29:59,42225.10,250,2570450
20221114,09:30:01,42221.95,1200,2570450
20221114,09:30:03,42220.00,550,2570450
20221114,09:30:04,42214.65,4800,2570450
20221114,09:30:06,42214.05,1650,2570450
20221114,09:30:08,42214.80,325,2570450
20221114,09:30:09,42219.10,500,2570450
20221114,09:30:11,42224.85,300,2570450
20221114,09:30:12,42224.75,375,2570450
20221114,09:30:14,42220.85,125,2570450
20221114,09:30:16,42223.50,225,2570450
20221114,09:30:17,42226.05,475,2570450
20221114,09:30:19,42231.70,725,2570450
20221114,09:30:20,42231.10,300,2570450
20221114,09:30:22,42229.05,175,2570450
20221114,09:30:24,42227.75,50,2570450
20221114,09:30:25,42224.75,25,2570450
20221114,09:30:27,42223.35,275,2570450
20221114,09:30:29,42220.40,325,2570450
20221114,09:30:30,42219.80,225,2570450
20221114,09:30:32,42218.35,100,2570450
20221114,09:30:33,42220.00,275,2570450
20221114,09:30:35,42213.55,550,2570450
20221114,09:30:37,42210.00,1375,2570450
20221114,09:30:38,42208.45,275,2570450
20221114,09:30:40,42213.40,250,2570450
20221114,09:30:42,42207.25,175,2570450
20221114,09:30:43,42213.15,325,2570450
20221114,09:30:45,42209.75,125,2570450
20221114,09:30:46,42206.75,200,2570450
20221114,09:30:48,42205.75,125,2570450
20221114,09:30:50,42209.20,125,2570450
20221114,09:30:51,42209.75,275,2570450
20221114,09:30:53,42206.30,175,2570450
20221114,09:30:55,42209.55,375,2570450
20221114,09:30:56,42205.65,200,2570450
20221114,09:30:58,42199.30,5775,2570450
20221114,09:30:59,42199.10,700,2570450
20221114,09:31:01,42200.00,200,2570450
20221114,09:31:03,42200.20,150,2570450
20221114,09:31:04,42199.30,175,2570450
20221114,09:31:06,42195.00,250,2570450
20221114,09:31:07,42195.50,375,2570450
20221114,09:31:09,42199.35,900,2570450
20221114,09:31:10,42196.85,175,2570450
20221114,09:31:12,42200.90,500,2570450
20221114,09:31:14,42192.15,575,2570450
20221114,09:31:15,42195.65,700,2570450
20221114,09:31:17,42204.95,500,2570450
20221114,09:31:18,42202.00,850,2570450
20221114,09:31:20,42200.00,75,2570450
20221114,09:31:22,42196.85,150,2570450
20221114,09:31:23,42200.20,250,2570450
20221114,09:31:25,42202.10,375,2570450
20221114,09:31:26,42202.40,1150,2570450
20221114,09:31:28,42211.95,825,2570450
20221114,09:31:30,42217.80,150,2570450
20221114,09:31:31,42219.95,225,2570450
20221114,09:31:33,42216.10,200,2570450
20221114,09:31:34,42216.65,225,2570450
20221114,09:31:36,42212.25,550,2570450
20221114,09:31:38,42208.85,100,2570450
20221114,09:31:39,42208.40,300,2570450
20221114,09:31:41,42209.90,275,2570450
20221114,09:31:42,42209.85,625,2570450
20221114,09:31:44,42202.95,25,2570450
20221114,09:31:45,42202.10,50,2570450
20221114,09:31:47,42200.00,350,2570450
20221114,09:31:49,42201.70,550,2570450
20221114,09:31:50,42203.60,575,2570450
20221114,09:31:52,42203.55,450,2570450
20221114,09:31:53,42203.00,75,2570450
20221114,09:31:55,42200.15,725,2570450
20221114,09:31:56,42200.00,375,2570450
20221114,09:31:58,42200.00,125,2570450
20221114,09:32:00,42200.95,300,2570450
20221114,09:32:01,42202.10,75,2570450
20221114,09:32:03,42202.00,200,2570450
20221114,09:32:04,42204.90,25,2570450
20221114,09:32:06,42200.00,700,2570450
20221114,09:32:08,42194.45,800,2570450
20221114,09:32:09,42197.30,225,2570450
20221114,09:32:11,42190.00,500,2570450
20221114,09:32:13,42190.00,250,2570450
20221114,09:32:14,42190.85,300,2570450
20221114,09:32:16,42192.60,2600,2570450
20221114,09:32:18,42200.00,300,2570450
20221114,09:32:19,42200.00,225,2570450
20221114,09:32:21,42203.60,525,2570450
20221114,09:32:23,42198.70,75,2570450
20221114,09:32:26,42200.35,50,2568450
20221114,09:32:27,42201.05,100,2568450
20221114,09:32:29,42195.35,1075,2568450
20221114,09:32:31,42200.30,25,2568450
20221114,09:32:32,42193.05,500,2568450
20221114,09:32:34,42192.25,25,2568450
20221114,09:32:36,42195.10,575,2568450
20221114,09:32:37,42200.20,150,2568450
20221114,09:32:39,42197.00,425,2568450
20221114,09:32:41,42189.75,275,2568450
20221114,09:32:42,42189.00,225,2568450
20221114,09:32:44,42188.90,1600,2568450
20221114,09:32:46,42192.60,425,2568450
20221114,09:32:47,42192.80,250,2568450
20221114,09:32:49,42190.80,275,2568450
20221114,09:32:50,42194.95,200,2568450
20221114,09:32:52,42200.00,1525,2568450
20221114,09:32:54,42199.75,125,2568450
20221114,09:32:55,42202.20,50,2568450
20221114,09:32:57,42199.45,325,2568450
20221114,09:32:58,42195.00,1000,2568450
20221114,09:33:00,42192.90,100,2568450
20221114,09:33:02,42188.25,1200,2568450
20221114,09:33:03,42188.05,3675,2568450
20221114,09:33:05,42190.85,250,2568450
20221114,09:33:07,42190.85,100,2568450
20221114,09:33:08,42187.10,475,2568450
20221114,09:33:10,42184.35,200,2568450
20221114,09:33:11,42170.95,12925,2568450
20221114,09:33:13,42171.00,250,2568450
20221114,09:33:15,42169.30,1225,2568450
20221114,09:33:16,42176.90,325,2568450
20221114,09:33:18,42186.50,2100,2568450
20221114,09:33:19,42180.00,250,2568450
20221114,09:33:21,42180.00,125,2568450
20221114,09:33:23,42173.90,375,2568450
20221114,09:33:24,42172.40,75,2568450
20221114,09:33:26,42168.05,1625,2568450
20221114,09:33:27,42168.05,275,2568450
20221114,09:33:29,42169.75,250,2568450
20221114,09:33:30,42171.60,425,2568450
20221114,09:33:32,42172.15,1725,2568450
20221114,09:33:33,42178.30,325,2568450
20221114,09:33:35,42170.85,975,2568450
20221114,09:33:37,42176.45,325,2568450
20221114,09:33:38,42176.90,1625,2568450
20221114,09:33:40,42175.80,450,2568450
20221114,09:33:41,42170.85,175,2568450
20221114,09:33:43,42174.95,125,2568450
20221114,09:33:44,42179.65,1100,2568450
20221114,09:33:46,42175.45,150,2568450
20221114,09:33:47,42171.15,150,2568450
20221114,09:33:49,42170.55,350,2568450
20221114,09:33:51,42168.20,1025,2568450
20221114,09:33:52,42178.50,50,2568450
20221114,09:33:54,42178.35,50,2568450
20221114,09:33:55,42170.00,75,2568450
20221114,09:33:57,42172.90,50,2568450
20221114,09:33:58,42174.55,225,2568450
20221114,09:34:00,42174.55,125,2568450
20221114,09:34:01,42172.50,225,2568450
20221114,09:34:03,42170.00,250,2568450
20221114,09:34:04,42164.95,1725,2568450
20221114,09:34:06,42163.15,575,2568450
20221114,09:34:07,42162.75,550,2568450
20221114,09:34:09,42158.45,1125,2568450
20221114,09:34:11,42157.00,1775,2568450
20221114,09:34:12,42156.40,1175,2568450
20221114,09:34:14,42155.50,450,2568450
20221114,09:34:16,42155.50,175,2568450
20221114,09:34:17,42158.50,125,2568450
20221114,09:34:19,42155.00,275,2568450
20221114,09:34:20,42157.90,275,2568450
20221114,09:34:22,42155.00,200,2568450
20221114,09:34:23,42158.50,825,2568450
20221114,09:34:25,42158.00,350,2568450
20221114,09:34:27,42157.00,300,2568450
20221114,09:34:28,42161.65,125,2568450
20221114,09:34:30,42165.50,725,2568450
20221114,09:34:31,42168.10,400,2568450
20221114,09:34:33,42169.55,175,2568450
20221114,09:34:34,42172.50,800,2568450
20221114,09:34:36,42169.05,325,2568450
20221114,09:34:38,42167.95,125,2568450
20221114,09:34:39,42167.80,175,2568450
20221114,09:34:42,42170.40,75,2568450
20221114,09:34:44,42175.70,100,2568450
20221114,09:34:45,42170.25,1575,2568450
20221114,09:34:47,42165.15,250,2568450
20221114,09:34:49,42165.20,375,2568450
20221114,09:34:50,42161.70,950,2568450
20221114,09:34:52,42160.65,175,2568450
20221114,09:34:54,42161.60,725,2568450
20221114,09:34:55,42160.65,100,2568450
20221114,09:34:57,42165.00,25,2568450
20221114,09:34:58,42162.10,950,2568450
20221114,09:35:00,42167.15,25,2568450
20221114,09:35:01,42158.55,1250,2568450
20221114,09:35:03,42158.50,350,2568450
20221114,09:35:04,42157.90,50,2568450
20221114,09:35:06,42157.90,400,2568450
20221114,09:35:08,42155.50,150,2568450
20221114,09:35:09,42150.10,3175,2568450
20221114,09:35:11,42145.95,4200,2568450
20221114,09:35:12,42146.25,3550,2568450
20221114,09:35:14,42141.70,2125,2568450
20221114,09:35:16,42141.70,1425,2568450
20221114,09:35:17,42140.00,525,2568450
20221114,09:35:19,42140.00,550,2568450
20221114,09:35:21,42144.75,2350,2568450
20221114,09:35:22,42146.85,3450,2568450
20221114,09:35:24,42146.45,825,2568450
20221114,09:35:26,42148.55,150,2568450
20221114,09:35:27,42148.55,375,2548700
20221114,09:35:29,42149.95,950,2548700
20221114,09:35:30,42149.90,200,2548700
20221114,09:35:32,42150.05,225,2548700
20221114,09:35:33,42145.45,300,2548700
20221114,09:35:35,42145.45,125,2548700
20221114,09:35:37,42147.75,125,2548700
20221114,09:35:40,42146.50,200,2548700
20221114,09:35:41,42151.10,2075,2548700
20221114,09:35:43,42157.90,200,2548700
20221114,09:35:45,42154.65,125,2548700
20221114,09:35:46,42164.45,400,2548700
20221114,09:35:48,42162.00,650,2548700
20221114,09:35:50,42162.00,225,2548700
20221114,09:35:51,42167.45,500,2548700
20221114,09:35:53,42167.45,375,2548700
20221114,09:35:55,42172.25,625,2548700
20221114,09:35:56,42171.60,450,2548700
20221114,09:35:58,42172.45,50,2548700
20221114,09:36:00,42169.00,50,2548700
20221114,09:36:01,42168.00,1300,2548700
20221114,09:36:03,42170.25,350,2548700
20221114,09:36:04,42172.00,125,2548700
20221114,09:36:06,42172.75,450,2548700
20221114,09:36:08,42176.00,925,2548700
20221114,09:36:09,42173.80,325,2548700
20221114,09:36:11,42175.40,150,2548700
20221114,09:36:12,42177.00,225,2548700
20221114,09:36:14,42177.05,100,2548700
20221114,09:36:16,42176.00,400,2548700
20221114,09:36:17,42177.05,1675,2548700
20221114,09:36:19,42183.75,75,2548700
20221114,09:36:21,42187.35,475,2548700
20221114,09:36:22,42187.00,200,2548700
20221114,09:36:24,42185.70,300,2548700
20221114,09:36:26,42177.40,400,2548700
20221114,09:36:27,42180.05,1475,2548700
20221114,09:36:29,42187.35,200,2548700
20221114,09:36:30,42187.35,275,2548700
20221114,09:36:32,42183.85,400,2548700
20221114,09:36:34,42185.55,75,2548700
20221114,09:36:35,42180.85,275,2548700
20221114,09:36:37,42186.90,1025,2548700
20221114,09:36:39,42181.20,200,2548700
20221114,09:36:40,42183.70,1225,2548700
20221114,09:36:42,42177.40,375,2548700
20221114,09:36:44,42177.80,100,2548700
20221114,09:36:45,42170.00,225,2548700
20221114,09:36:47,42168.00,1225,2548700
20221114,09:36:49,42165.40,250,2548700
20221114,09:36:50,42172.20,550,2548700
20221114,09:36:52,42165.45,25,2548700
20221114,09:36:54,42169.15,550,2548700
20221114,09:36:55,42168.20,75,2548700
20221114,09:36:57,42159.05,150,2548700
20221114,09:36:58,42165.40,250,2548700
20221114,09:37:00,42163.55,300,2548700
20221114,09:37:02,42171.60,525,2548700
20221114,09:37:03,42167.70,375,2548700
20221114,09:37:05,42168.05,125,2548700
20221114,09:37:06,42172.20,75,2548700
20221114,09:37:08,42172.05,425,2548700
20221114,09:37:10,42169.25,250,2548700
20221114,09:37:11,42177.05,275,2548700
20221114,09:37:13,42177.05,125,2548700
20221114,09:37:14,42174.55,175,2548700
20221114,09:37:16,42174.65,25,2548700
20221114,09:37:17,42180.00,450,2548700
20221114,09:37:19,42181.05,100,2548700
20221114,09:37:20,42178.65,50,2548700
20221114,09:37:22,42186.90,250,2548700
20221114,09:37:23,42187.00,125,2548700
20221114,09:37:27,42185.10,350,2548700
20221114,09:37:28,42182.25,250,2548700
20221114,09:37:30,42184.40,750,2548700
20221114,09:37:32,42177.85,75,2548700
20221114,09:37:33,42177.05,75,2548700
20221114,09:37:35,42184.55,225,2548700
20221114,09:37:36,42179.55,1050,2548700
20221114,09:37:38,42179.30,50,2548700
20221114,09:37:40,42177.05,50,2548700
20221114,09:37:41,42179.15,1025,2548700
20221114,09:37:43,42179.55,50,2548700
20221114,09:37:44,42180.00,75,2548700
20221114,09:37:46,42179.30,25,2548700
20221114,09:37:49,42179.35,125,2548700
20221114,09:37:50,42171.30,200,2548700
20221114,09:37:52,42170.85,150,2548700
20221114,09:37:54,42178.75,900,2548700
20221114,09:37:55,42179.95,75,2548700
20221114,09:37:57,42180.00,325,2548700
20221114,09:37:58,42178.70,50,2548700
20221114,09:38:00,42178.90,25,2548700
20221114,09:38:01,42182.55,325,2548700
20221114,09:38:03,42180.25,750,2548700
20221114,09:38:06,42183.95,25,2548700
20221114,09:38:08,42183.95,50,2548700
20221114,09:38:09,42182.55,75,2548700
20221114,09:38:11,42180.25,300,2548700
20221114,09:38:12,42172.50,125,2548700
20221114,09:38:14,42178.70,125,2548700
20221114,09:38:16,42173.65,225,2548700
20221114,09:38:17,42171.00,100,2548700
20221114,09:38:19,42175.85,25,2548700
20221114,09:38:20,42170.20,100,2548700
20221114,09:38:22,42179.35,900,2548700
20221114,09:38:24,42170.00,1725,2548700
20221114,09:38:25,42170.00,350,2548700
20221114,09:38:27,42169.75,25,2547375
20221114,09:38:28,42174.90,50,2547375
20221114,09:38:30,42173.00,25,2547375
20221114,09:38:32,42168.70,350,2547375
20221114,09:38:33,42173.40,25,2547375
20221114,09:38:35,42173.35,25,2547375
20221114,09:38:37,42173.20,150,2547375
20221114,09:38:38,42167.85,325,2547375
20221114,09:38:40,42163.65,100,2547375
20221114,09:38:43,42161.85,75,2547375
20221114,09:38:45,42164.95,325,2547375
20221114,09:38:48,42169.00,75,2547375
20221114,09:38:50,42166.90,75,2547375
20221114,09:38:51,42167.25,150,2547375
20221114,09:38:53,42165.15,50,2547375
20221114,09:38:54,42164.40,25,2547375
20221114,09:38:56,42155.10,575,2547375
20221114,09:38:58,42155.40,275,2547375
20221114,09:39:01,42156.25,300,2547375
20221114,09:39:02,42154.50,1100,2547375
20221114,09:39:04,42155.00,200,2547375
20221114,09:39:06,42153.10,1425,2547375
20221114,09:39:07,42155.00,125,2547375
20221114,09:39:09,42154.50,425,2547375
20221114,09:39:11,42154.65,100,2547375
20221114,09:39:12,42158.85,100,2547375
20221114,09:39:14,42163.55,700,2547375
20221114,09:39:16,42161.95,100,2547375
20221114,09:39:17,42161.65,25,2547375
20221114,09:39:19,42162.55,125,2547375
20221114,09:39:20,42163.95,225,2547375
20221114,09:39:22,42168.80,125,2547375
20221114,09:39:24,42168.50,825,2547375
20221114,09:39:27,42166.65,75,2547375
20221114,09:39:28,42174.80,125,2547375
20221114,09:39:32,42168.95,25,2547375
20221114,09:39:33,42170.25,325,2547375
20221114,09:39:35,42167.25,75,2547375
20221114,09:39:36,42172.60,375,2547375
20221114,09:39:38,42176.70,450,2547375
20221114,09:39:40,42179.95,850,2547375
20221114,09:39:41,42175.75,50,2547375
20221114,09:39:43,42179.95,75,2547375
20221114,09:39:44,42182.65,300,2547375
20221114,09:39:46,42176.10,300,2547375
20221114,09:39:48,42176.80,25,2547375
20221114,09:39:49,42176.35,225,2547375
20221114,09:39:51,42175.00,1300,2547375
20221114,09:39:54,42176.10,50,2547375
20221114,09:39:56,42175.10,550,2547375
20221114,09:39:57,42180.00,1100,2547375
20221114,09:39:59,42183.35,1125,2547375
20221114,09:40:01,42182.35,1225,2547375
20221114,09:40:02,42182.70,1000,2547375
20221114,09:40:04,42190.55,1525,2547375
20221114,09:40:05,42188.20,1125,2547375
20221114,09:40:07,42188.95,1000,2547375
20221114,09:40:09,42192.05,400,2547375
20221114,09:40:10,42198.95,325,2547375
20221114,09:40:12,42200.00,375,2547375
20221114,09:40:14,42194.90,125,2547375
20221114,09:40:15,42200.00,300,2547375
20221114,09:40:17,42200.90,525,2547375
20221114,09:40:18,42204.00,250,2547375
20221114,09:40:20,42204.00,125,2547375
20221114,09:40:22,42201.85,125,2547375
20221114,09:40:23,42209.00,100,2547375
20221114,09:40:25,42205.10,150,2547375
20221114,09:40:27,42206.05,475,2547375
20221114,09:40:28,42213.55,1075,2547375
20221114,09:40:30,42223.70,1650,2547375
20221114,09:40:31,42227.05,700,2547375
20221114,09:40:33,42220.00,500,2547375
20221114,09:40:35,42225.00,100,2547375
20221114,09:40:36,42223.70,150,2547375
20221114,09:40:38,42220.70,200,2547375
20221114,09:40:39,42225.00,200,2547375
20221114,09:40:41,42224.95,525,2547375
20221114,09:40:42,42220.25,125,2547375
20221114,09:40:44,42217.50,775,2547375
20221114,09:40:46,42218.05,25,2547375
20221114,09:40:47,42211.80,950,2547375
20221114,09:40:49,42216.80,650,2547375
20221114,09:40:50,42207.85,675,2547375
20221114,09:40:52,42210.50,250,2547375
20221114,09:40:53,42210.50,175,2547375
20221114,09:40:55,42210.55,300,2547375
20221114,09:40:57,42212.15,150,2547375
20221114,09:40:58,42210.50,350,2547375
20221114,09:41:00,42210.40,600,2547375
20221114,09:41:01,42217.10,150,2547375
20221114,09:41:03,42217.00,300,2547375
20221114,09:41:04,42209.55,175,2547375
20221114,09:41:06,42212.80,75,2547375
20221114,09:41:07,42208.95,225,2547375
20221114,09:41:10,42202.55,650,2547375
20221114,09:41:12,42203.30,25,2547375
20221114,09:41:14,42204.85,225,2547375
20221114,09:41:15,42205.05,375,2547375
20221114,09:41:17,42207.95,25,2547375
20221114,09:41:18,42204.00,25,2547375
20221114,09:41:20,42203.55,250,2547375
20221114,09:41:21,42208.00,225,2547375
20221114,09:41:23,42212.95,225,2547375
20221114,09:41:25,42211.45,200,2547375
20221114,09:41:26,42200.10,975,2547375
20221114,09:41:28,42200.15,200,2544550
20221114,09:41:29,42204.90,75,2544550
20221114,09:41:31,42200.10,75,2544550
20221114,09:41:32,42204.95,175,2544550
20221114,09:41:34,42201.30,50,2544550
20221114,09:41:35,42205.00,500,2544550
20221114,09:41:37,42202.20,25,2544550
20221114,09:41:38,42208.95,150,2544550
20221114,09:41:40,42208.00,75,2544550
20221114,09:41:41,42207.95,50,2544550
20221114,09:41:43,42204.05,75,2544550
20221114,09:41:44,42206.75,1175,2544550
20221114,09:41:46,42205.45,125,2544550
20221114,09:41:47,42213.45,475,2544550
20221114,09:41:49,42208.35,150,2544550
20221114,09:41:50,42215.00,75,2544550
20221114,09:41:52,42219.95,25,2544550
20221114,09:41:53,42213.00,125,2544550
20221114,09:41:55,42213.00,425,2544550
20221114,09:41:58,42217.15,50,2544550
20221114,09:41:59,42217.45,75,2544550
20221114,09:42:01,42218.15,75,2544550
20221114,09:42:02,42218.55,25,2544550
20221114,09:42:04,42217.15,175,2544550
20221114,09:42:05,42217.00,50,2544550
20221114,09:42:06,42213.50,25,2544550
20221114,09:42:08,42213.00,50,2544550
20221114,09:42:09,42213.90,25,2544550
20221114,09:42:11,42213.90,25,2544550
20221114,09:42:12,42217.00,75,2544550
20221114,09:42:14,42217.00,625,2544550
20221114,09:42:16,42217.00,950,2544550
20221114,09:42:17,42216.80,975,2544550
20221114,09:42:19,42215.75,225,2544550
20221114,09:42:20,42218.50,100,2544550
20221114,09:42:22,42218.15,25,2544550
20221114,09:42:24,42214.30,250,2544550
20221114,09:42:25,42216.90,25,2544550
20221114,09:42:27,42213.90,25,2544550
20221114,09:42:30,42215.75,100,2544550
20221114,09:42:31,42212.90,25,2544550
20221114,09:42:33,42213.90,25,2544550
20221114,09:42:35,42210.05,100,2544550
20221114,09:42:36,42205.00,75,2544550
20221114,09:42:38,42201.15,25,2544550
20221114,09:42:40,42204.90,25,2544550
20221114,09:42:41,42201.40,75,2544550
20221114,09:42:45,42201.40,50,2544550
20221114,09:42:46,42207.05,125,2544550
20221114,09:42:48,42201.00,25,2544550
20221114,09:42:49,42202.30,800,2544550
20221114,09:42:51,42208.45,125,2544550
20221114,09:42:52,42202.60,25,2544550
20221114,09:42:54,42205.00,25,2544550
20221114,09:42:56,42205.00,50,2544550
20221114,09:42:57,42204.35,200,2544550
20221114,09:42:59,42205.00,100,2544550
20221114,09:43:00,42202.00,150,2544550
20221114,09:43:02,42201.40,25,2544550
20221114,09:43:03,42207.10,75,2544550
20221114,09:43:05,42203.25,100,2544550
20221114,09:43:06,42209.35,50,2544550
20221114,09:43:08,42205.00,525,2544550
20221114,09:43:11,42207.10,75,2544550
20221114,09:43:13,42205.45,50,2544550
20221114,09:43:14,42210.00,200,2544550
20221114,09:43:16,42205.25,500,2544550
20221114,09:43:19,42205.00,25,2544550
20221114,09:43:21,42214.10,325,2544550
20221114,09:43:23,42210.15,350,2544550
20221114,09:43:24,42209.70,175,2544550
20221114,09:43:26,42211.10,25,2544550
20221114,09:43:27,42215.75,25,2544550
20221114,09:43:29,42215.00,25,2544550
20221114,09:43:31,42211.05,75,2544550
20221114,09:43:32,42205.15,225,2544550
20221114,09:43:34,42205.00,100,2544550
20221114,09:43:36,42212.20,675,2544550
20221114,09:43:39,42201.40,775,2544550
20221114,09:43:41,42201.10,25,2544550
20221114,09:43:42,42201.25,550,2544550
20221114,09:43:44,42204.50,200,2544550
20221114,09:43:46,42201.15,500,2544550
20221114,09:43:47,42205.00,50,2544550
20221114,09:43:49,42201.00,25,2544550
20221114,09:43:50,42201.00,25,2544550
20221114,09:43:52,42200.00,75,2544550
20221114,09:43:55,42200.55,550,2544550
20221114,09:43:57,42201.00,100,2544550
20221114,09:43:59,42200.00,50,2544550
20221114,09:44:00,42199.50,1225,2544550
20221114,09:44:02,42196.45,250,2544550
20221114,09:44:04,42196.80,125,2544550
20221114,09:44:05,42196.60,450,2544550
20221114,09:44:07,42195.25,50,2544550
20221114,09:44:08,42195.40,350,2544550
20221114,09:44:10,42195.45,325,2544550
20221114,09:44:12,42194.15,100,2544550
20221114,09:44:13,42197.10,850,2544550
20221114,09:44:15,42199.10,75,2544550
20221114,09:44:17,42203.15,25,2544550
20221114,09:44:18,42203.35,75,2544550
20221114,09:44:21,42206.00,25,2544550
20221114,09:44:25,42208.00,425,2544550
20221114,09:44:26,42216.90,450,2544550
20221114,09:44:28,42208.60,50,2544550
20221114,09:44:30,42210.00,25,2549000
20221114,09:44:31,42212.65,25,2549000
20221114,09:44:33,42210.00,1950,2549000
20221114,09:44:34,42214.20,50,2549000
20221114,09:44:36,42210.65,50,2549000
20221114,09:44:38,42218.00,125,2549000
20221114,09:44:39,42220.00,75,2549000
20221114,09:44:41,42222.95,975,2549000
20221114,09:44:43,42222.00,125,2549000
20221114,09:44:44,42220.00,50,2549000
20221114,09:44:46,42218.30,425,2549000
20221114,09:44:49,42206.00,475,2549000
20221114,09:44:51,42203.35,25,2549000
20221114,09:44:52,42209.95,50,2549000
20221114,09:44:56,42203.75,150,2549000
20221114,09:44:57,42202.70,725,2549000
20221114,09:44:59,42210.00,125,2549000
20221114,09:45:01,42200.05,925,2549000
20221114,09:45:02,42209.50,100,2549000
20221114,09:45:04,42202.35,3075,2549000
20221114,09:45:05,42206.15,150,2549000
20221114,09:45:07,42211.35,125,2549000
20221114,09:45:09,42212.90,25,2549000
20221114,09:45:10,42218.90,150,2549000
20221114,09:45:12,42209.40,75,2549000
20221114,09:45:13,42208.20,100,2549000
20221114,09:45:15,42209.50,25,2549000
20221114,09:45:16,42207.75,200,2549000
20221114,09:45:18,42207.75,150,2549000
20221114,09:45:20,42200.05,75,2549000
20221114,09:45:21,42200.00,25,2549000
20221114,09:45:23,42200.00,225,2549000
20221114,09:45:24,42201.85,150,2549000
20221114,09:45:27,42194.70,325,2549000
20221114,09:45:29,42199.90,125,2549000
20221114,09:45:31,42187.10,600,2549000
20221114,09:45:32,42192.45,25,2549000
20221114,09:45:34,42190.55,225,2549000
20221114,09:45:35,42190.50,175,2549000
20221114,09:45:37,42185.55,25,2549000
20221114,09:45:39,42187.50,725,2549000
20221114,09:45:40,42186.15,50,2549000
20221114,09:45:42,42199.55,300,2549000
20221114,09:45:45,42197.70,50,2549000
20221114,09:45:47,42199.55,75,2549000
20221114,09:45:48,42204.25,100,2549000
20221114,09:45:50,42204.60,425,2549000
20221114,09:45:51,42195.00,225,2549000
20221114,09:45:53,42198.00,125,2549000
20221114,09:45:56,42194.20,50,2549000
20221114,09:45:59,42195.65,175,2549000
20221114,09:46:01,42195.30,100,2549000
20221114,09:46:04,42195.30,100,2549000
20221114,09:46:06,42192.00,525,2549000
20221114,09:46:07,42190.00,75,2549000
20221114,09:46:09,42180.00,825,2549000
20221114,09:46:10,42180.00,150,2549000
20221114,09:46:12,42180.00,50,2549000
20221114,09:46:14,42180.00,50,2549000
20221114,09:46:15,42182.30,50,2549000
20221114,09:46:17,42180.60,125,2549000
20221114,09:46:19,42195.25,175,2549000
20221114,09:46:20,42184.35,125,2549000
20221114,09:46:22,42185.00,25,2549000
20221114,09:46:24,42189.05,250,2549000
20221114,09:46:25,42191.50,100,2549000
20221114,09:46:27,42199.45,100,2549000
20221114,09:46:28,42195.25,125,2549000
20221114,09:46:30,42195.25,25,2549000
20221114,09:46:33,42196.60,525,2549000
20221114,09:46:37,42193.95,25,2549000
20221114,09:46:40,42195.25,450,2549000
20221114,09:46:41,42194.85,100,2549000
20221114,09:46:43,42198.10,25,2549000
20221114,09:46:45,42193.95,25,2549000
20221114,09:46:46,42193.20,200,2549000
20221114,09:46:48,42195.65,325,2549000
20221114,09:46:49,42198.10,25,2549000
20221114,09:46:51,42195.55,200,2549000
20221114,09:46:52,42192.45,150,2549000
20221114,09:46:54,42198.10,50,2549000
20221114,09:46:55,42195.00,25,2549000
20221114,09:46:57,42200.00,500,2549000
20221114,09:47:02,42192.40,475,2549000
20221114,09:47:03,42192.85,125,2549000
20221114,09:47:05,42192.25,50,2549000
20221114,09:47:06,42191.25,500,2549000
20221114,09:47:09,42196.20,25,2549000
20221114,09:47:11,42189.55,50,2549000
20221114,09:47:13,42185.00,75,2549000
20221114,09:47:16,42186.70,200,2549000
20221114,09:47:18,42185.40,275,2549000
20221114,09:47:21,42187.45,25,2549000
20221114,09:47:22,42185.10,125,2549000
20221114,09:47:24,42189.40,25,2549000
20221114,09:47:27,42190.00,50,2549000
20221114,09:47:29,42190.00,25,2549000
20221114,09:47:30,42185.55,75,2547900
20221114,09:47:32,42186.95,375,2547900
20221114,09:47:33,42197.10,125,2547900
20221114,09:47:35,42190.15,100,2547900
20221114,09:47:38,42190.25,25,2547900
20221114,09:47:41,42190.20,25,2547900
20221114,09:47:43,42192.95,100,2547900
20221114,09:47:46,42193.65,50,2547900
20221114,09:47:49,42189.80,700,2547900
20221114,09:47:51,42192.05,75,2547900
20221114,09:47:52,42193.60,75,2547900
20221114,09:47:54,42190.00,75,2547900
20221114,09:47:57,42192.75,25,2547900
20221114,09:47:59,42185.00,100,2547900
20221114,09:48:00,42185.00,100,2547900
20221114,09:48:02,42186.45,50,2547900
20221114,09:48:04,42186.25,175,2547900
20221114,09:48:05,42187.75,50,2547900
20221114,09:48:07,42190.00,50,2547900
20221114,09:48:08,42190.55,50,2547900
20221114,09:48:10,42194.00,100,2547900
20221114,09:48:13,42195.15,25,2547900
20221114,09:48:15,42199.90,100,2547900
20221114,09:48:18,42198.80,100,2547900
20221114,09:48:20,42200.00,50,2547900
20221114,09:48:21,42200.00,25,2547900
20221114,09:48:24,42194.10,550,2547900
20221114,09:48:26,42196.05,250,2547900
20221114,09:48:27,42197.90,50,2547900
20221114,09:48:29,42198.90,75,2547900
20221114,09:48:32,42198.75,150,2547900
20221114,09:48:35,42192.25,150,2547900
20221114,09:48:37,42197.90,75,2547900
20221114,09:48:38,42198.45,25,2547900
20221114,09:48:40,42196.75,100,2547900
20221114,09:48:41,42194.60,25,2547900
20221114,09:48:45,42195.90,25,2547900
20221114,09:48:46,42197.30,425,2547900
20221114,09:48:49,42197.10,200,2547900
20221114,09:48:51,42198.55,100,2547900
20221114,09:48:54,42195.00,100,2547900
20221114,09:48:57,42198.35,150,2547900
20221114,09:49:01,42195.95,450,2547900
20221114,09:49:02,42190.30,50,2547900
20221114,09:49:04,42190.20,275,2547900
20221114,09:49:05,42191.40,125,2547900
20221114,09:49:07,42188.60,50,2547900
20221114,09:49:09,42186.65,25,2547900
20221114,09:49:12,42185.00,75,2547900
20221114,09:49:13,42192.60,25,2547900
20221114,09:49:15,42192.25,100,2547900
20221114,09:49:17,42189.30,25,2547900
20221114,09:49:18,42192.40,25,2547900
20221114,09:49:25,42187.75,75,2547900
20221114,09:49:27,42186.70,25,2547900
20221114,09:49:28,42180.10,100,2547900
20221114,09:49:30,42181.10,25,2547900
20221114,09:49:32,42183.75,25,2547900
20221114,09:49:33,42180.00,250,2547900
20221114,09:49:35,42179.65,75,2547900
20221114,09:49:37,42177.05,275,2547900
20221114,09:49:38,42175.60,500,2547900
20221114,09:49:40,42173.35,100,2547900
20221114,09:49:43,42176.10,100,2547900
20221114,09:49:45,42171.00,25,2547900
20221114,09:49:46,42170.05,1475,2547900
20221114,09:49:48,42163.15,175,2547900
20221114,09:49:50,42172.20,75,2547900
20221114,09:49:51,42167.45,75,2547900
20221114,09:49:53,42167.40,175,2547900
20221114,09:49:55,42173.75,150,2547900
20221114,09:49:56,42169.35,1625,2547900
20221114,09:49:58,42171.85,100,2547900
20221114,09:49:59,42170.40,75,2547900
20221114,09:50:01,42162.00,775,2547900
20221114,09:50:03,42166.25,375,2547900
20221114,09:50:04,42160.25,400,2547900
20221114,09:50:06,42166.75,450,2547900
20221114,09:50:08,42160.00,200,2547900
20221114,09:50:11,42162.30,650,2547900
20221114,09:50:13,42170.35,175,2547900
20221114,09:50:14,42169.20,700,2547900
20221114,09:50:16,42172.75,25,2547900
20221114,09:50:18,42171.40,50,2547900
20221114,09:50:21,42167.75,125,2547900
20221114,09:50:24,42165.85,25,2547900
20221114,09:50:26,42167.50,275,2547900
20221114,09:50:27,42169.20,200,2547900
20221114,09:50:29,42170.45,200,2545850
20221114,09:50:31,42169.95,25,2545850
20221114,09:50:32,42169.85,75,2545850
20221114,09:50:34,42167.40,50,2545850
20221114,09:50:37,42162.00,325,2545850
20221114,09:50:41,42165.80,550,2545850
20221114,09:50:42,42169.25,125,2545850
20221114,09:50:44,42166.60,275,2545850
20221114,09:50:46,42166.40,50,2545850
20221114,09:50:47,42165.65,100,2545850
20221114,09:50:49,42160.00,50,2545850
20221114,09:50:51,42157.75,1550,2545850
20221114,09:50:52,42157.85,200,2545850
20221114,09:50:54,42151.85,275,2545850
20221114,09:50:56,42155.30,350,2545850
20221114,09:50:59,42151.00,325,2545850
20221114,09:51:01,42150.50,25,2545850
20221114,09:51:02,42150.10,6025,2545850
20221114,09:51:04,42138.60,4650,2545850
20221114,09:51:06,42135.20,1300,2545850
20221114,09:51:07,42135.05,700,2545850
20221114,09:51:09,42133.95,775,2545850
20221114,09:51:11,42133.95,475,2545850
20221114,09:51:12,42141.70,1300,2545850
20221114,09:51:14,42142.35,400,2545850
20221114,09:51:16,42142.35,100,2545850
20221114,09:51:17,42142.35,250,2545850
20221114,09:51:19,42140.00,125,2545850
20221114,09:51:20,42144.70,375,2545850
20221114,09:51:22,42145.05,200,2545850
20221114,09:51:24,42149.90,175,2545850
20221114,09:51:26,42146.50,100,2545850
20221114,09:51:27,42146.20,150,2545850
20221114,09:51:29,42145.10,50,2545850
20221114,09:51:30,42151.55,175,2545850
20221114,09:51:32,42148.85,125,2545850
20221114,09:51:34,42148.40,225,2545850
20221114,09:51:35,42148.40,175,2545850
20221114,09:51:37,42145.00,75,2545850
20221114,09:51:38,42142.90,1675,2545850
20221114,09:51:40,42140.00,225,2545850
20221114,09:51:42,42144.80,300,2545850
20221114,09:51:43,42140.75,50,2545850
20221114,09:51:45,42140.00,75,2545850
20221114,09:51:47,42144.30,250,2545850
20221114,09:51:48,42144.00,125,2545850
20221114,09:51:50,42142.70,100,2545850
20221114,09:51:52,42140.35,150,2545850
20221114,09:51:53,42140.00,100,2545850
20221114,09:51:55,42145.00,725,2545850
20221114,09:51:57,42141.50,1025,2545850
20221114,09:51:58,42148.55,25,2545850
20221114,09:52:00,42143.40,75,2545850
20221114,09:52:01,42146.05,325,2545850
20221114,09:52:03,42144.20,200,2545850
20221114,09:52:05,42143.65,325,2545850
20221114,09:52:06,42142.90,300,2545850
20221114,09:52:08,42140.00,75,2545850
20221114,09:52:10,42140.25,700,2545850
20221114,09:52:11,42144.00,250,2545850
20221114,09:52:13,42150.00,275,2545850
20221114,09:52:14,42148.60,400,2545850
20221114,09:52:16,42151.55,225,2545850
20221114,09:52:18,42151.55,100,2545850
20221114,09:52:19,42154.35,175,2545850
20221114,09:52:21,42156.95,175,2545850
20221114,09:52:23,42157.20,50,2545850
20221114,09:52:24,42151.95,225,2545850
20221114,09:52:28,42149.00,200,2545850
20221114,09:52:29,42147.50,50,2545850
20221114,09:52:31,42150.55,500,2545850
20221114,09:52:32,42148.65,700,2545850
20221114,09:52:34,42152.65,500,2545850
20221114,09:52:36,42147.75,100,2545850
20221114,09:52:37,42148.85,50,2545850
20221114,09:52:40,42152.60,25,2545850
20221114,09:52:42,42148.00,275,2545850
20221114,09:52:44,42143.00,1350,2545850
20221114,09:52:45,42150.50,225,2545850
20221114,09:52:47,42150.50,25,2545850
20221114,09:52:49,42145.00,1000,2545850
20221114,09:52:50,42148.50,75,2545850
20221114,09:52:52,42148.50,25,2545850
20221114,09:52:53,42148.45,50,2545850
20221114,09:52:55,42148.50,50,2545850
20221114,09:52:57,42146.65,50,2545850
20221114,09:52:58,42145.00,3050,2545850
20221114,09:53:00,42148.10,425,2545850
20221114,09:53:01,42148.65,200,2545850
20221114,09:53:03,42154.55,125,2545850
20221114,09:53:05,42155.00,200,2545850
20221114,09:53:06,42156.15,175,2545850
20221114,09:53:08,42164.05,250,2545850
20221114,09:53:10,42159.35,25,2545850
20221114,09:53:11,42162.90,150,2545850
20221114,09:53:13,42162.30,50,2545850
20221114,09:53:15,42160.00,100,2545850
20221114,09:53:16,42160.00,75,2545850
20221114,09:53:18,42158.70,25,2545850
20221114,09:53:21,42155.00,250,2545850
20221114,09:53:23,42161.25,75,2545850
20221114,09:53:25,42159.70,75,2545850
20221114,09:53:28,42150.55,175,2545850
20221114,09:53:30,42160.00,50,2535325
20221114,09:53:35,42160.85,50,2535325
20221114,09:53:38,42147.25,1450,2535325
20221114,09:53:40,42147.25,100,2535325
20221114,09:53:41,42148.75,400,2535325
20221114,09:53:43,42149.75,200,2535325
20221114,09:53:45,42150.95,50,2535325
20221114,09:53:46,42150.40,100,2535325
20221114,09:53:48,42150.00,25,2535325
20221114,09:53:50,42150.00,950,2535325
20221114,09:53:51,42149.80,75,2535325
20221114,09:53:53,42149.80,125,2535325
20221114,09:53:54,42157.00,650,2535325
20221114,09:53:58,42159.40,25,2535325
20221114,09:53:59,42160.00,550,2535325
20221114,09:54:01,42152.35,375,2535325
20221114,09:54:03,42155.80,725,2535325
20221114,09:54:04,42151.60,800,2535325
20221114,09:54:06,42150.05,175,2535325
20221114,09:54:07,42151.30,200,2535325
20221114,09:54:11,42151.75,50,2535325
20221114,09:54:12,42151.55,375,2535325
20221114,09:54:14,42151.55,50,2535325
20221114,09:54:15,42152.95,125,2535325
20221114,09:54:17,42154.80,75,2535325
20221114,09:54:20,42159.75,125,2535325
20221114,09:54:22,42160.00,100,2535325
20221114,09:54:23,42159.80,50,2535325
20221114,09:54:25,42159.80,100,2535325
20221114,09:54:28,42162.75,425,2535325
20221114,09:54:30,42160.00,350,2535325
20221114,09:54:31,42160.10,125,2535325
20221114,09:54:34,42160.50,25,2535325
20221114,09:54:36,42162.85,25,2535325
20221114,09:54:37,42162.85,100,2535325
20221114,09:54:39,42166.60,1225,2535325
20221114,09:54:40,42166.00,75,2535325
20221114,09:54:42,42166.60,50,2535325
20221114,09:54:44,42165.95,250,2535325
20221114,09:54:45,42167.25,75,2535325
20221114,09:54:47,42170.00,400,2535325
20221114,09:54:48,42167.25,175,2535325
20221114,09:54:50,42167.90,25,2535325
20221114,09:54:52,42167.90,125,2535325
20221114,09:54:53,42169.80,100,2535325
20221114,09:54:55,42170.05,1025,2535325
20221114,09:54:57,42176.00,75,2535325
20221114,09:54:58,42176.85,50,2535325
20221114,09:55:00,42177.05,125,2535325
20221114,09:55:01,42175.15,1000,2535325
20221114,09:55:03,42180.00,425,2535325
20221114,09:55:04,42182.55,400,2535325
20221114,09:55:06,42181.70,225,2535325
20221114,09:55:08,42180.05,225,2535325
20221114,09:55:09,42184.70,100,2535325
20221114,09:55:11,42170.00,150,2535325
20221114,09:55:13,42175.80,100,2535325
20221114,09:55:14,42170.00,125,2535325
20221114,09:55:16,42170.00,100,2535325
20221114,09:55:17,42165.00,200,2535325
20221114,09:55:19,42163.45,75,2535325
20221114,09:55:21,42161.80,225,2535325
20221114,09:55:22,42167.00,25,2535325
20221114,09:55:24,42169.70,25,2535325
20221114,09:55:26,42173.00,350,2535325
20221114,09:55:27,42172.35,75,2535325
20221114,09:55:29,42170.00,600,2535325
20221114,09:55:30,42176.15,25,2535325
20221114,09:55:32,42174.25,450,2535325
20221114,09:55:34,42179.55,100,2535325
20221114,09:55:37,42180.60,50,2535325
20221114,09:55:38,42184.20,650,2535325
20221114,09:55:40,42184.70,25,2535325
20221114,09:55:42,42184.20,50,2535325
20221114,09:55:45,42184.80,50,2535325
20221114,09:55:47,42186.35,500,2535325
20221114,09:55:48,42189.80,125,2535325
20221114,09:55:50,42198.30,1450,2535325
20221114,09:55:52,42191.65,150,2535325
20221114,09:55:54,42192.15,175,2535325
20221114,09:55:55,42198.90,50,2535325
20221114,09:55:57,42194.40,100,2535325
20221114,09:55:58,42194.80,125,2535325
20221114,09:56:00,42193.65,975,2535325
20221114,09:56:02,42197.85,150,2535325
20221114,09:56:05,42195.00,1275,2535325
20221114,09:56:06,42199.00,275,2535325
20221114,09:56:11,42200.25,1425,2535325
20221114,09:56:13,42197.30,25,2535325
20221114,09:56:14,42181.15,125,2535325
20221114,09:56:16,42184.00,625,2535325
20221114,09:56:19,42180.00,350,2535325
20221114,09:56:21,42184.80,600,2535325
20221114,09:56:22,42184.80,50,2535325
20221114,09:56:24,42179.70,525,2535325
20221114,09:56:26,42186.85,350,2535325
20221114,09:56:27,42189.20,500,2535325
20221114,09:56:29,42183.15,25,2535325
20221114,09:56:31,42176.30,25,2536050
20221114,09:56:32,42179.00,25,2536050
20221114,09:56:34,42179.40,25,2536050
20221114,09:56:35,42179.00,25,2536050
20221114,09:56:39,42176.10,75,2536050
20221114,09:56:40,42176.05,350,2536050
20221114,09:56:42,42179.00,25,2536050
20221114,09:56:43,42175.00,225,2536050
20221114,09:56:47,42171.85,50,2536050
20221114,09:56:48,42167.00,400,2536050
20221114,09:56:50,42165.30,125,2536050
20221114,09:56:51,42164.25,1350,2536050
20221114,09:56:53,42161.00,75,2536050
20221114,09:56:55,42161.80,300,2536050
20221114,09:56:56,42163.15,25,2536050
20221114,09:56:58,42160.25,50,2536050
20221114,09:57:00,42160.00,25,2536050
20221114,09:57:01,42160.00,200,2536050
20221114,09:57:03,42159.65,475,2536050
20221114,09:57:04,42166.65,575,2536050
20221114,09:57:06,42160.00,100,2536050
20221114,09:57:08,42165.00,150,2536050
20221114,09:57:09,42166.10,25,2536050
20221114,09:57:13,42161.45,100,2536050
20221114,09:57:14,42162.75,25,2536050
20221114,09:57:18,42162.40,100,2536050
20221114,09:57:19,42165.50,25,2536050
20221114,09:57:23,42164.85,925,2536050
20221114,09:57:24,42169.80,75,2536050
20221114,09:57:26,42167.45,100,2536050
20221114,09:57:31,42166.25,25,2536050
20221114,09:57:34,42164.25,50,2536050
20221114,09:57:35,42164.30,1100,2536050
20221114,09:57:37,42165.00,75,2536050
20221114,09:57:39,42165.50,225,2536050
20221114,09:57:40,42165.00,50,2536050
20221114,09:57:43,42165.00,25,2536050
20221114,09:57:48,42165.00,50,2536050
20221114,09:57:50,42165.00,175,2536050
20221114,09:57:52,42164.00,50,2536050
20221114,09:57:53,42162.00,50,2536050
20221114,09:57:55,42161.05,100,2536050
20221114,09:58:00,42164.80,25,2536050
20221114,09:58:03,42170.00,175,2536050
20221114,09:58:06,42166.25,25,2536050
20221114,09:58:12,42172.00,75,2536050
20221114,09:58:14,42173.10,75,2536050
20221114,09:58:16,42172.05,25,2536050
20221114,09:58:20,42177.95,25,2536050
20221114,09:58:22,42178.00,25,2536050
20221114,09:58:24,42176.55,25,2536050
20221114,09:58:27,42175.05,50,2536050
20221114,09:58:33,42174.80,150,2536050
20221114,09:58:34,42180.00,125,2536050
20221114,09:58:36,42184.00,25,2536050
20221114,09:58:38,42180.40,100,2536050
20221114,09:58:39,42186.50,150,2536050
20221114,09:58:41,42185.95,25,2536050
20221114,09:58:42,42187.85,25,2536050
20221114,09:58:48,42188.90,25,2536050
20221114,09:58:51,42188.90,25,2536050
20221114,09:58:55,42191.85,200,2536050
20221114,09:58:56,42190.00,50,2536050
20221114,09:58:58,42193.90,25,2536050
20221114,09:59:01,42191.95,25,2536050
20221114,09:59:02,42193.60,125,2536050
20221114,09:59:04,42194.35,50,2536050
20221114,09:59:05,42194.95,150,2536050
20221114,09:59:07,42200.10,525,2536050
20221114,09:59:09,42200.50,50,2536050
20221114,09:59:10,42201.10,275,2536050
20221114,09:59:12,42203.30,425,2536050
20221114,09:59:13,42199.75,75,2536050
20221114,09:59:15,42199.85,50,2536050
20221114,09:59:17,42203.95,300,2536050
20221114,09:59:18,42202.20,150,2536050
20221114,09:59:20,42208.10,350,2536050
20221114,09:59:21,42206.80,1875,2536050
20221114,09:59:23,42206.75,500,2536050
20221114,09:59:24,42205.80,125,2536050
20221114,09:59:26,42206.20,575,2536050
20221114,09:59:27,42205.10,1050,2536050
20221114,09:59:29,42207.70,525,2536050
20221114,09:59:31,42205.10,75,2537050
20221114,09:59:34,42206.80,600,2537050
20221114,09:59:35,42210.00,400,2537050
20221114,09:59:37,42205.05,75,2537050
20221114,09:59:39,42205.00,150,2537050
20221114,09:59:40,42207.05,50,2537050
20221114,09:59:43,42203.25,100,2537050
20221114,09:59:45,42205.95,525,2537050
20221114,09:59:46,42208.00,150,2537050
20221114,09:59:48,42205.55,200,2537050
20221114,09:59:49,42206.30,25,2537050
20221114,09:59:51,42207.05,75,2537050
20221114,09:59:52,42209.80,250,2537050
20221114,09:59:54,42205.80,25,2537050
20221114,09:59:56,42205.00,50,2537050
20221114,09:59:59,42204.15,25,2537050
20221114,10:00:00,42205.00,175,2537050
20221114,10:00:02,42210.00,100,2537050
20221114,10:00:03,42209.80,725,2537050
20221114,10:00:05,42208.85,275,2537050
20221114,10:00:08,42212.00,100,2537050
20221114,10:00:09,42214.80,125,2537050
20221114,10:00:11,42214.35,400,2537050
20221114,10:00:13,42218.95,1400,2537050
20221114,10:00:14,42224.00,375,2537050
20221114,10:00:16,42228.05,575,2537050
20221114,10:00:18,42226.90,375,2537050
20221114,10:00:19,42220.00,325,2537050
20221114,10:00:21,42220.00,175,2537050
20221114,10:00:23,42223.00,100,2537050
20221114,10:00:25,42225.05,225,2537050
20221114,10:00:26,42220.95,150,2537050
20221114,10:00:28,42223.00,325,2537050
20221114,10:00:29,42224.60,1775,2537050
20221114,10:00:31,42230.55,175,2537050
20221114,10:00:33,42228.00,700,2537050
20221114,10:00:34,42226.15,75,2537050
20221114,10:00:36,42224.80,375,2537050
20221114,10:00:38,42224.80,425,2537050
20221114,10:00:39,42228.25,100,2537050
20221114,10:00:41,42219.05,175,2537050
20221114,10:00:44,42232.35,300,2537050
20221114,10:00:46,42224.45,225,2537050
20221114,10:00:47,42225.85,175,2537050
20221114,10:00:49,42224.55,50,2537050
20221114,10:00:51,42229.80,125,2537050
20221114,10:00:52,42233.20,250,2537050
20221114,10:00:54,42220.00,650,2537050
20221114,10:00:56,42221.70,475,2537050
20221114,10:00:57,42224.80,225,2537050
20221114,10:00:59,42220.00,175,2537050
20221114,10:01:01,42220.00,450,2537050
20221114,10:01:02,42219.25,175,2537050
20221114,10:01:04,42220.75,175,2537050
20221114,10:01:05,42220.55,50,2537050
20221114,10:01:07,42226.30,250,2537050
20221114,10:01:08,42225.45,325,2537050
20221114,10:01:12,42215.15,1175,2537050
20221114,10:01:13,42222.65,300,2537050
20221114,10:01:15,42226.25,450,2537050
20221114,10:01:17,42217.05,300,2537050
20221114,10:01:18,42227.00,250,2537050
20221114,10:01:20,42213.85,375,2537050
20221114,10:01:22,42211.00,225,2537050
20221114,10:01:23,42210.35,400,2537050
20221114,10:01:25,42205.00,50,2537050
20221114,10:01:26,42205.30,525,2537050
20221114,10:01:28,42203.60,325,2537050
20221114,10:01:30,42212.20,225,2537050
20221114,10:01:31,42208.00,200,2537050
20221114,10:01:35,42213.75,50,2537050
20221114,10:01:36,42212.20,275,2537050
20221114,10:01:38,42213.85,25,2537050
20221114,10:01:39,42210.00,25,2537050
20221114,10:01:41,42210.00,125,2537050
20221114,10:01:42,42202.10,250,2537050
20221114,10:01:44,42205.70,100,2537050
20221114,10:01:45,42202.10,50,2537050
20221114,10:01:47,42201.00,150,2537050
20221114,10:01:49,42200.10,275,2537050
20221114,10:01:50,42203.25,25,2537050
20221114,10:01:52,42203.75,300,2537050
20221114,10:01:54,42197.20,200,2537050
20221114,10:01:55,42200.00,25,2537050
20221114,10:01:57,42195.10,200,2537050
20221114,10:01:58,42197.95,75,2537050
20221114,10:02:02,42206.00,225,2537050
20221114,10:02:03,42202.05,350,2537050
20221114,10:02:05,42206.90,25,2537050
20221114,10:02:06,42200.00,100,2537050
20221114,10:02:08,42203.95,175,2537050
20221114,10:02:14,42203.00,50,2537050
20221114,10:02:16,42204.75,75,2537050
20221114,10:02:17,42200.05,50,2537050
20221114,10:02:19,42202.65,25,2537050
20221114,10:02:20,42202.50,100,2537050
20221114,10:02:22,42202.45,50,2537050
20221114,10:02:24,42200.55,50,2537050
20221114,10:02:25,42201.40,200,2537050
20221114,10:02:27,42201.35,75,2537050
20221114,10:02:28,42200.10,350,2537050
20221114,10:02:30,42201.40,50,2537050
20221114,10:02:31,42206.70,100,2537050
20221114,10:02:33,42201.35,25,2539850
20221114,10:02:35,42195.30,275,2539850
20221114,10:02:36,42190.00,150,2539850
20221114,10:02:38,42188.90,1400,2539850
20221114,10:02:40,42188.80,50,2539850
20221114,10:02:41,42181.15,250,2539850
20221114,10:02:43,42181.05,25,2539850
20221114,10:02:45,42181.15,775,2539850
20221114,10:02:46,42191.60,125,2539850
20221114,10:02:48,42188.35,50,2539850
20221114,10:02:50,42194.75,25,2539850
20221114,10:02:51,42192.75,75,2539850
20221114,10:02:53,42186.50,125,2539850
20221114,10:02:54,42185.35,250,2539850
20221114,10:02:56,42186.45,75,2539850
20221114,10:02:58,42194.40,75,2539850
20221114,10:02:59,42183.90,50,2539850
20221114,10:03:01,42185.85,175,2539850
20221114,10:03:02,42188.80,325,2539850
20221114,10:03:04,42192.75,25,2539850
20221114,10:03:06,42194.00,200,2539850
20221114,10:03:09,42196.45,200,2539850
20221114,10:03:11,42205.00,475,2539850
20221114,10:03:12,42204.85,150,2539850
20221114,10:03:15,42205.40,25,2539850
20221114,10:03:17,42204.45,150,2539850
20221114,10:03:19,42209.80,25,2539850
20221114,10:03:20,42208.70,175,2539850
20221114,10:03:22,42214.25,175,2539850
20221114,10:03:23,42215.00,50,2539850
20221114,10:03:25,42209.70,150,2539850
20221114,10:03:26,42209.65,75,2539850
20221114,10:03:28,42209.70,250,2539850
20221114,10:03:30,42213.95,575,2539850
20221114,10:03:31,42210.00,25,2539850
20221114,10:03:36,42207.75,100,2539850
20221114,10:03:37,42206.00,25,2539850
20221114,10:03:39,42207.70,25,2539850
20221114,10:03:40,42205.60,250,2539850
20221114,10:03:42,42204.05,25,2539850
20221114,10:03:43,42200.10,50,2539850
20221114,10:03:45,42203.70,150,2539850
20221114,10:03:46,42200.00,25,2539850
20221114,10:03:48,42199.35,50,2539850
20221114,10:03:53,42198.40,50,2539850
20221114,10:03:54,42198.40,150,2539850
20221114,10:03:56,42196.90,125,2539850
20221114,10:03:58,42194.80,25,2539850
20221114,10:03:59,42192.50,75,2539850
20221114,10:04:01,42189.45,650,2539850
20221114,10:04:02,42190.20,325,2539850
20221114,10:04:04,42193.50,150,2539850
20221114,10:04:06,42195.75,150,2539850
20221114,10:04:07,42200.00,575,2539850
20221114,10:04:10,42203.30,25,2539850
20221114,10:04:12,42200.70,25,2539850
20221114,10:04:14,42202.70,50,2539850
20221114,10:04:15,42197.70,125,2539850
20221114,10:04:17,42194.40,25,2539850
20221114,10:04:22,42193.50,25,2539850
20221114,10:04:23,42191.70,75,2539850
20221114,10:04:25,42191.70,25,2539850
20221114,10:04:28,42190.00,50,2539850
20221114,10:04:30,42189.80,25,2539850
20221114,10:04:32,42189.00,75,2539850
20221114,10:04:33,42185.00,125,2539850
20221114,10:04:35,42183.85,100,2539850
20221114,10:04:37,42191.35,575,2539850
20221114,10:04:38,42185.00,75,2539850
20221114,10:04:40,42183.55,125,2539850
20221114,10:04:43,42192.50,100,2539850
20221114,10:04:46,42186.75,125,2539850
20221114,10:04:49,42189.80,150,2539850
20221114,10:04:53,42184.10,175,2539850
20221114,10:04:54,42183.85,50,2539850
20221114,10:04:56,42186.95,25,2539850
20221114,10:04:58,42185.25,475,2539850
20221114,10:04:59,42183.95,225,2539850
20221114,10:05:01,42186.85,75,2539850
20221114,10:05:02,42184.60,200,2539850
20221114,10:05:04,42185.65,75,2539850
20221114,10:05:05,42185.00,100,2539850
20221114,10:05:07,42186.00,50,2539850
20221114,10:05:09,42186.00,75,2539850
20221114,10:05:10,42183.00,75,2539850
20221114,10:05:12,42183.00,100,2539850
20221114,10:05:13,42180.25,125,2539850
20221114,10:05:15,42177.05,1075,2539850
20221114,10:05:17,42174.90,450,2539850
20221114,10:05:18,42174.10,50,2539850
20221114,10:05:20,42176.40,50,2539850
20221114,10:05:21,42180.95,100,2539850
20221114,10:05:23,42170.70,975,2539850
20221114,10:05:25,42172.40,375,2539850
20221114,10:05:26,42171.75,75,2539850
20221114,10:05:28,42172.75,25,2539850
20221114,10:05:30,42171.75,1325,2539850
20221114,10:05:31,42170.15,525,2539850
20221114,10:05:33,42173.25,125,2542625
20221114,10:05:34,42172.75,200,2542625
20221114,10:05:36,42176.15,175,2542625
20221114,10:05:38,42176.45,1300,2542625
20221114,10:05:42,42177.25,125,2542625
20221114,10:05:44,42180.65,475,2542625
20221114,10:05:46,42180.70,25,2542625
20221114,10:05:47,42180.50,325,2542625
20221114,10:05:49,42180.15,25,2542625
20221114,10:05:51,42181.80,175,2542625
20221114,10:05:52,42182.80,75,2542625
20221114,10:05:54,42183.80,25,2542625
20221114,10:05:55,42180.15,100,2542625
20221114,10:05:57,42178.95,500,2542625
20221114,10:05:58,42179.85,100,2542625
20221114,10:06:00,42177.75,125,2542625
20221114,10:06:02,42177.20,250,2542625
20221114,10:06:03,42181.70,25,2542625
20221114,10:06:05,42174.90,200,2542625
20221114,10:06:06,42177.30,1550,2542625
20221114,10:06:08,42170.00,250,2542625
20221114,10:06:09,42175.15,75,2542625
20221114,10:06:13,42162.00,950,2542625
20221114,10:06:14,42161.15,25,2542625
20221114,10:06:16,42168.60,25,2542625
20221114,10:06:23,42166.80,75,2542625
20221114,10:06:26,42172.60,175,2542625
20221114,10:06:27,42167.35,50,2542625
20221114,10:06:32,42170.00,25,2542625
20221114,10:06:34,42174.85,100,2542625
20221114,10:06:37,42169.50,25,2542625
20221114,10:06:39,42169.45,25,2542625
20221114,10:06:40,42164.60,50,2542625
20221114,10:06:43,42163.75,100,2542625
20221114,10:06:45,42170.10,25,2542625
20221114,10:06:47,42162.05,50,2542625
20221114,10:06:48,42168.95,125,2542625
20221114,10:06:50,42166.20,100,2542625
20221114,10:06:53,42162.00,25,2542625
20221114,10:06:55,42161.00,50,2542625
20221114,10:06:56,42165.20,25,2542625
20221114,10:06:58,42160.50,175,2542625
20221114,10:07:00,42160.50,500,2542625
20221114,10:07:01,42160.60,325,2542625
20221114,10:07:03,42160.00,150,2542625
20221114,10:07:05,42160.00,125,2542625
20221114,10:07:06,42160.00,100,2542625
20221114,10:07:08,42161.00,75,2542625
20221114,10:07:09,42161.25,25,2542625
20221114,10:07:11,42161.30,25,2542625
20221114,10:07:14,42163.50,25,2542625
20221114,10:07:16,42172.00,150,2542625
20221114,10:07:18,42174.00,25,2542625
20221114,10:07:21,42173.90,25,2542625
20221114,10:07:26,42170.05,275,2542625
20221114,10:07:27,42168.15,25,2542625
20221114,10:07:29,42165.95,25,2542625
20221114,10:07:31,42161.75,150,2542625
20221114,10:07:32,42166.25,225,2542625
20221114,10:07:34,42168.15,25,2542625
20221114,10:07:36,42165.00,25,2542625
20221114,10:07:42,42168.00,100,2542625
20221114,10:07:45,42168.50,200,2542625
20221114,10:07:47,42175.10,50,2542625
20221114,10:07:53,42170.60,25,2542625
20221114,10:08:01,42175.70,25,2542625
20221114,10:08:03,42173.35,975,2542625
20221114,10:08:09,42175.30,25,2542625
20221114,10:08:11,42175.00,25,2542625
20221114,10:08:14,42172.95,150,2542625
20221114,10:08:16,42172.95,50,2542625
20221114,10:08:17,42175.80,50,2542625
20221114,10:08:19,42176.95,25,2542625
20221114,10:08:22,42180.15,50,2542625
20221114,10:08:23,42179.95,50,2542625
20221114,10:08:25,42175.10,50,2542625
20221114,10:08:26,42177.90,25,2542625
20221114,10:08:29,42177.35,25,2542625
20221114,10:08:31,42178.55,25,2542625
20221114,10:08:35,42181.95,50,2543700
20221114,10:08:38,42180.00,25,2543700
20221114,10:08:40,42178.35,75,2543700
20221114,10:08:41,42177.50,175,2543700
20221114,10:08:43,42180.35,25,2543700
20221114,10:08:46,42177.55,25,2543700
20221114,10:08:48,42175.00,25,2543700
20221114,10:08:49,42173.95,100,2543700
20221114,10:08:53,42175.90,50,2543700
20221114,10:08:54,42176.65,25,2543700
20221114,10:08:56,42174.85,50,2543700
20221114,10:08:57,42175.25,125,2543700
20221114,10:08:59,42177.50,525,2543700
20221114,10:09:01,42173.30,100,2543700
20221114,10:09:02,42170.00,350,2543700
20221114,10:09:04,42174.20,325,2543700
20221114,10:09:05,42168.00,50,2543700
20221114,10:09:07,42168.90,50,2543700
20221114,10:09:09,42169.65,50,2543700
20221114,10:09:12,42165.00,200,2543700
20221114,10:09:14,42163.00,25,2543700
20221114,10:09:15,42162.00,25,2543700
20221114,10:09:17,42165.70,25,2543700
20221114,10:09:18,42166.30,50,2543700
20221114,10:09:20,42162.00,25,2543700
20221114,10:09:22,42162.35,275,2543700
20221114,10:09:26,42162.35,50,2543700
20221114,10:09:28,42163.00,75,2543700
20221114,10:09:30,42162.10,25,2543700
20221114,10:09:33,42163.00,100,2543700
20221114,10:09:34,42165.70,50,2543700
20221114,10:09:36,42163.00,25,2543700
20221114,10:09:39,42159.00,1700,2543700
20221114,10:09:41,42163.95,200,2543700
20221114,10:09:42,42164.25,125,2543700
20221114,10:09:44,42164.25,25,2543700
20221114,10:09:46,42164.25,350,2543700
20221114,10:09:47,42163.45,50,2543700
20221114,10:09:49,42163.00,25,2543700
20221114,10:09:50,42162.25,4000,2543700
20221114,10:09:52,42165.50,350,2543700
20221114,10:09:55,42168.25,100,2543700
20221114,10:09:57,42160.25,50,2543700
20221114,10:09:58,42159.15,425,2543700
20221114,10:10:00,42165.90,2650,2543700
20221114,10:10:01,42158.75,125,2543700
20221114,10:10:03,42158.10,275,2543700
20221114,10:10:05,42160.20,175,2543700
20221114,10:10:06,42161.10,250,2543700
20221114,10:10:08,42163.10,100,2543700
20221114,10:10:09,42162.35,125,2543700
20221114,10:10:11,42165.85,225,2543700
20221114,10:10:12,42166.95,25,2543700
20221114,10:10:14,42173.70,75,2543700
20221114,10:10:17,42175.00,50,2543700
20221114,10:10:19,42175.00,425,2543700
20221114,10:10:20,42172.50,50,2543700
20221114,10:10:24,42175.50,50,2543700
20221114,10:10:25,42177.40,175,2543700
20221114,10:10:27,42176.50,500,2543700
20221114,10:10:30,42174.90,50,2543700
20221114,10:10:33,42173.95,25,2543700
20221114,10:10:35,42173.65,725,2543700
20221114,10:10:37,42165.95,1425,2543700
20221114,10:10:40,42165.80,25,2543700
20221114,10:10:43,42178.75,50,2543700
20221114,10:10:46,42179.00,25,2543700
20221114,10:10:48,42175.60,200,2543700
20221114,10:10:50,42174.30,25,2543700
20221114,10:10:51,42175.55,50,2543700
20221114,10:10:56,42175.85,50,2543700
20221114,10:10:59,42180.30,50,2543700
20221114,10:11:02,42180.00,25,2543700
20221114,10:11:04,42177.70,25,2543700
20221114,10:11:05,42179.80,25,2543700
20221114,10:11:07,42182.00,100,2543700
20221114,10:11:08,42187.05,125,2543700
20221114,10:11:10,42188.45,150,2543700
20221114,10:11:12,42186.00,25,2543700
20221114,10:11:13,42186.15,275,2543700
20221114,10:11:15,42186.00,250,2543700
20221114,10:11:17,42187.50,25,2543700
20221114,10:11:18,42189.95,25,2543700
20221114,10:11:20,42189.95,50,2543700
20221114,10:11:21,42185.00,575,2543700
20221114,10:11:23,42185.00,500,2543700
20221114,10:11:25,42180.00,50,2543700
20221114,10:11:26,42178.40,25,2543700
20221114,10:11:30,42174.45,100,2543700
20221114,10:11:31,42173.85,325,2543700
20221114,10:11:34,42172.55,75,2536750
20221114,10:11:37,42171.60,200,2536750
20221114,10:11:42,42174.50,75,2536750
20221114,10:11:44,42175.85,150,2536750
20221114,10:11:47,42177.25,25,2536750
20221114,10:11:49,42180.00,50,2536750
20221114,10:11:53,42176.95,50,2536750
20221114,10:11:55,42176.75,25,2536750
20221114,10:11:56,42178.75,25,2536750
20221114,10:11:58,42178.75,100,2536750
20221114,10:12:01,42179.25,25,2536750
20221114,10:12:06,42178.75,50,2536750
20221114,10:12:07,42178.75,150,2536750
20221114,10:12:12,42174.25,100,2536750
20221114,10:12:13,42178.05,25,2536750
20221114,10:12:16,42179.25,25,2536750
20221114,10:12:18,42176.40,25,2536750
20221114,10:12:22,42176.15,25,2536750
20221114,10:12:23,42170.80,250,2536750
20221114,10:12:26,42170.00,50,2536750
20221114,10:12:30,42170.80,25,2536750
20221114,10:12:31,42175.00,50,2536750
20221114,10:12:33,42175.00,25,2536750
20221114,10:12:34,42175.00,25,2536750
20221114,10:12:36,42170.30,25,2536750
20221114,10:12:40,42174.15,25,2536750
20221114,10:12:45,42173.50,25,2536750
20221114,10:12:46,42176.40,50,2536750
20221114,10:12:48,42176.45,25,2536750
20221114,10:12:52,42177.95,25,2536750
20221114,10:12:55,42176.20,75,2536750
20221114,10:12:58,42175.25,25,2536750
20221114,10:13:00,42185.00,350,2536750
20221114,10:13:01,42185.55,75,2536750
20221114,10:13:06,42180.85,50,2536750
20221114,10:13:08,42186.85,50,2536750
20221114,10:13:09,42173.65,100,2536750
20221114,10:13:11,42170.40,200,2536750
20221114,10:13:14,42172.15,1350,2536750
20221114,10:13:19,42169.95,25,2536750
20221114,10:13:21,42166.00,50,2536750
20221114,10:13:22,42166.00,50,2536750
20221114,10:13:24,42165.00,50,2536750
20221114,10:13:32,42165.00,175,2536750
20221114,10:13:35,42161.00,100,2536750
20221114,10:13:37,42161.95,150,2536750
20221114,10:13:38,42165.15,25,2536750
20221114,10:13:40,42163.60,25,2536750
20221114,10:13:42,42169.00,75,2536750
20221114,10:13:46,42162.55,25,2536750
20221114,10:13:48,42165.00,50,2536750
20221114,10:13:51,42162.70,125,2536750
20221114,10:13:52,42165.40,75,2536750
20221114,10:13:54,42162.25,200,2536750
20221114,10:13:55,42160.40,100,2536750
20221114,10:13:57,42168.25,50,2536750
20221114,10:13:58,42162.65,25,2536750
20221114,10:14:01,42161.25,75,2536750
20221114,10:14:03,42161.05,250,2536750
20221114,10:14:04,42158.70,75,2536750
20221114,10:14:08,42160.35,25,2536750
20221114,10:14:09,42160.70,25,2536750
20221114,10:14:12,42155.40,50,2536750
20221114,10:14:14,42156.40,50,2536750
20221114,10:14:16,42156.40,50,2536750
20221114,10:14:17,42155.60,50,2536750
20221114,10:14:19,42159.95,25,2536750
20221114,10:14:20,42155.45,125,2536750
20221114,10:14:22,42160.00,50,2536750
20221114,10:14:24,42154.00,250,2536750
20221114,10:14:25,42153.85,25,2536750
20221114,10:14:27,42155.15,550,2536750
20221114,10:14:30,42155.30,75,2536750
20221114,10:14:31,42155.20,100,2536750
20221114,10:14:33,42155.40,25,2536750
20221114,10:14:35,42155.20,50,2535975
20221114,10:14:38,42154.00,125,2535975
20221114,10:14:40,42157.20,50,2535975
20221114,10:14:41,42152.90,175,2535975
20221114,10:14:46,42152.05,100,2535975
20221114,10:14:48,42155.00,25,2535975
20221114,10:14:49,42159.95,75,2535975
20221114,10:14:51,42155.20,100,2535975
20221114,10:14:53,42155.00,175,2535975
20221114,10:14:54,42151.40,525,2535975
20221114,10:14:56,42156.95,450,2535975
20221114,10:14:58,42152.10,225,2535975
20221114,10:14:59,42154.10,225,2535975
20221114,10:15:01,42150.10,225,2535975
20221114,10:15:03,42151.35,350,2535975
20221114,10:15:04,42150.00,1125,2535975
20221114,10:15:06,42151.25,3725,2535975
20221114,10:15:08,42145.00,800,2535975
20221114,10:15:09,42145.00,375,2535975
20221114,10:15:11,42155.85,3425,2535975
20221114,10:15:13,42149.30,2250,2535975
20221114,10:15:14,42145.70,75,2535975
20221114,10:15:16,42142.35,50,2535975
20221114,10:15:17,42142.45,275,2535975
20221114,10:15:19,42143.95,875,2535975
20221114,10:15:21,42140.00,400,2535975
20221114,10:15:22,42137.35,1450,2535975
20221114,10:15:24,42140.00,25,2535975
20221114,10:15:25,42137.15,300,2535975
20221114,10:15:27,42139.25,925,2535975
20221114,10:15:29,42142.35,100,2535975
20221114,10:15:30,42141.70,125,2535975
20221114,10:15:33,42139.95,3950,2535975
20221114,10:15:35,42140.45,125,2535975
20221114,10:15:37,42144.20,150,2535975
20221114,10:15:40,42138.00,2250,2535975
20221114,10:15:41,42137.40,1900,2535975
20221114,10:15:43,42137.00,50,2535975
20221114,10:15:45,42136.80,175,2535975
20221114,10:15:46,42136.55,150,2535975
20221114,10:15:48,42135.50,1850,2535975
20221114,10:15:49,42135.80,100,2535975
20221114,10:15:51,42139.40,50,2535975
20221114,10:15:52,42140.00,75,2535975
20221114,10:15:54,42140.00,50,2535975
20221114,10:15:55,42143.95,75,2535975
20221114,10:15:57,42148.25,375,2535975
20221114,10:15:59,42155.65,50,2535975
20221114,10:16:00,42152.95,75,2535975
20221114,10:16:04,42153.40,50,2535975
20221114,10:16:06,42146.60,50,2535975
20221114,10:16:07,42150.00,25,2535975
20221114,10:16:11,42155.25,50,2535975
20221114,10:16:12,42154.35,100,2535975
20221114,10:16:14,42151.50,125,2535975
20221114,10:16:17,42155.90,500,2535975
20221114,10:16:19,42159.80,25,2535975
20221114,10:16:20,42155.90,100,2535975
20221114,10:16:22,42150.90,1125,2535975
20221114,10:16:24,42157.55,100,2535975
20221114,10:16:25,42164.50,800,2535975
20221114,10:16:27,42156.20,50,2535975
20221114,10:16:30,42155.00,350,2535975
20221114,10:16:32,42153.30,1350,2535975
20221114,10:16:36,42153.70,25,2535975
20221114,10:16:38,42155.90,25,2535975
20221114,10:16:40,42160.00,150,2535975
20221114,10:16:41,42157.90,50,2535975
20221114,10:16:44,42148.00,1225,2535975
20221114,10:16:46,42147.20,175,2535975
20221114,10:16:48,42147.20,25,2535975
20221114,10:16:49,42145.40,25,2535975
20221114,10:16:51,42140.00,75,2535975
20221114,10:16:56,42140.05,125,2535975
20221114,10:16:59,42140.00,475,2535975
20221114,10:17:01,42136.50,150,2535975
20221114,10:17:02,42139.85,1350,2535975
20221114,10:17:04,42121.00,8375,2535975
20221114,10:17:05,42127.45,250,2535975
20221114,10:17:07,42116.00,2775,2535975
20221114,10:17:09,42115.00,250,2535975
20221114,10:17:10,42113.00,750,2535975
20221114,10:17:12,42118.85,1825,2535975
20221114,10:17:14,42122.20,375,2535975
20221114,10:17:15,42120.80,8100,2535975
20221114,10:17:17,42118.80,525,2535975
20221114,10:17:19,42122.40,475,2535975
20221114,10:17:20,42122.25,850,2535975
20221114,10:17:22,42127.00,2075,2535975
20221114,10:17:23,42129.95,500,2535975
20221114,10:17:25,42124.70,50,2535975
20221114,10:17:27,42125.00,100,2535975
20221114,10:17:28,42122.75,350,2535975
20221114,10:17:30,42122.50,125,2535975
20221114,10:17:32,42124.25,225,2535975
20221114,10:17:33,42124.50,150,2535975
20221114,10:17:35,42127.50,125,2535975
20221114,10:17:37,42130.00,525,2501700
20221114,10:17:38,42132.85,125,2501700
20221114,10:17:41,42129.30,125,2501700
20221114,10:17:43,42125.05,75,2501700
20221114,10:17:46,42131.95,75,2501700
20221114,10:17:48,42130.00,150,2501700
20221114,10:17:50,42125.60,750,2501700
20221114,10:17:51,42126.05,175,2501700
20221114,10:17:53,42124.25,125,2501700
20221114,10:17:54,42124.00,250,2501700
20221114,10:17:56,42124.25,50,2501700
20221114,10:17:58,42126.90,100,2501700
20221114,10:17:59,42124.45,175,2501700
20221114,10:18:01,42124.05,200,2501700
20221114,10:18:02,42121.40,550,2501700
20221114,10:18:04,42122.80,200,2501700
20221114,10:18:06,42125.00,125,2501700
20221114,10:18:07,42120.00,100,2501700
20221114,10:18:09,42120.40,400,2501700
20221114,10:18:11,42121.90,925,2501700
20221114,10:18:12,42125.05,425,2501700
20221114,10:18:14,42121.55,1200,2501700
20221114,10:18:16,42123.80,125,2501700
20221114,10:18:17,42127.65,50,2501700
20221114,10:18:19,42122.75,25,2501700
20221114,10:18:20,42126.35,250,2501700
20221114,10:18:24,42125.00,50,2501700
20221114,10:18:25,42130.00,150,2501700
20221114,10:18:27,42125.10,150,2501700
20221114,10:18:28,42126.30,100,2501700
20221114,10:18:30,42125.00,825,2501700
20221114,10:18:32,42124.85,25,2501700
20221114,10:18:33,42125.00,50,2501700
20221114,10:18:35,42125.10,75,2501700
20221114,10:18:38,42130.00,300,2501700
20221114,10:18:39,42133.00,225,2501700
20221114,10:18:41,42133.00,175,2501700
20221114,10:18:43,42130.00,25,2501700
20221114,10:18:44,42128.90,125,2501700
20221114,10:18:46,42134.00,225,2501700
20221114,10:18:48,42135.00,250,2501700
20221114,10:18:49,42137.25,175,2501700
20221114,10:18:51,42138.95,75,2501700
20221114,10:18:53,42136.35,200,2501700
20221114,10:18:56,42136.00,150,2501700
20221114,10:18:59,42137.20,25,2501700
20221114,10:19:00,42135.25,300,2501700
20221114,10:19:02,42132.40,550,2501700
20221114,10:19:04,42131.70,275,2501700
20221114,10:19:05,42131.15,125,2501700
20221114,10:19:07,42134.60,100,2501700
20221114,10:19:09,42140.00,425,2501700
20221114,10:19:10,42140.00,50,2501700
20221114,10:19:12,42143.80,475,2501700
20221114,10:19:14,42140.00,125,2501700
20221114,10:19:17,42150.00,950,2501700
20221114,10:19:18,42149.95,350,2501700
20221114,10:19:20,42152.75,100,2501700
20221114,10:19:22,42150.95,950,2501700
20221114,10:19:23,42154.30,75,2501700
20221114,10:19:27,42155.00,75,2501700
20221114,10:19:28,42150.00,50,2501700
20221114,10:19:30,42155.00,50,2501700
20221114,10:19:32,42151.50,25,2501700
20221114,10:19:35,42157.75,600,2501700
20221114,10:19:36,42155.60,25,2501700
20221114,10:19:38,42150.70,25,2501700
20221114,10:19:40,42152.30,1075,2501700
20221114,10:19:41,42153.05,650,2501700
20221114,10:19:43,42157.35,25,2501700
20221114,10:19:45,42155.00,375,2501700
20221114,10:19:46,42155.15,25,2501700
20221114,10:19:48,42151.05,125,2501700
20221114,10:19:50,42151.45,75,2501700
20221114,10:19:51,42150.00,100,2501700
20221114,10:19:53,42155.70,175,2501700
20221114,10:19:55,42151.05,475,2501700
20221114,10:19:56,42152.75,25,2501700
20221114,10:19:58,42151.00,75,2501700
20221114,10:19:59,42153.25,50,2501700
20221114,10:20:01,42153.85,50,2501700
20221114,10:20:03,42152.25,400,2501700
20221114,10:20:06,42150.65,250,2501700
20221114,10:20:08,42154.85,150,2501700
20221114,10:20:09,42158.25,825,2501700
20221114,10:20:11,42164.00,50,2501700
20221114,10:20:13,42164.35,125,2501700
20221114,10:20:14,42164.30,25,2501700
20221114,10:20:16,42165.90,400,2501700
20221114,10:20:19,42165.15,25,2501700
20221114,10:20:21,42168.20,425,2501700
20221114,10:20:23,42168.40,300,2501700
20221114,10:20:24,42174.95,200,2501700
20221114,10:20:26,42167.95,75,2501700
20221114,10:20:27,42169.05,675,2501700
20221114,10:20:29,42175.10,50,2501700
20221114,10:20:31,42169.05,75,2501700
20221114,10:20:32,42173.00,50,2501700
20221114,10:20:36,42173.90,275,2499000
20221114,10:20:37,42174.60,125,2499000
20221114,10:20:39,42171.75,200,2499000
20221114,10:20:41,42172.55,50,2499000
20221114,10:20:42,42170.60,250,2499000
20221114,10:20:46,42159.00,550,2499000
20221114,10:20:47,42164.05,100,2499000
20221114,10:20:49,42172.20,100,2499000
20221114,10:20:51,42166.80,50,2499000
20221114,10:20:52,42165.95,75,2499000
20221114,10:20:54,42165.20,150,2499000
20221114,10:20:56,42170.05,75,2499000
20221114,10:20:57,42177.05,325,2499000
20221114,10:21:02,42177.70,400,2499000
20221114,10:21:04,42170.05,200,2499000
20221114,10:21:05,42168.35,50,2499000
20221114,10:21:07,42166.70,150,2499000
20221114,10:21:09,42169.95,500,2499000
20221114,10:21:10,42166.20,125,2499000
20221114,10:21:12,42169.15,50,2499000
20221114,10:21:14,42170.90,225,2499000
20221114,10:21:17,42165.95,50,2499000
20221114,10:21:18,42169.00,25,2499000
20221114,10:21:20,42169.40,100,2499000
20221114,10:21:25,42173.90,50,2499000
20221114,10:21:26,42173.75,50,2499000
20221114,10:21:27,42173.85,25,2499000
20221114,10:21:29,42172.10,50,2499000
20221114,10:21:31,42169.75,50,2499000
20221114,10:21:32,42170.10,50,2499000
20221114,10:21:35,42173.00,25,2499000
20221114,10:21:37,42169.00,250,2499000
20221114,10:21:39,42169.80,100,2499000
20221114,10:21:42,42168.20,50,2499000
20221114,10:21:43,42169.00,25,2499000
20221114,10:21:45,42170.00,300,2499000
20221114,10:21:47,42169.05,50,2499000
20221114,10:21:50,42169.30,25,2499000
20221114,10:21:52,42175.00,100,2499000
20221114,10:21:53,42173.00,25,2499000
20221114,10:21:55,42177.00,625,2499000
20221114,10:21:56,42169.35,150,2499000
20221114,10:21:58,42171.15,50,2499000
20221114,10:22:00,42167.00,600,2499000
20221114,10:22:01,42170.00,550,2499000
20221114,10:22:03,42170.90,25,2499000
20221114,10:22:04,42171.15,50,2499000
20221114,10:22:06,42169.70,75,2499000
20221114,10:22:08,42165.00,100,2499000
20221114,10:22:13,42167.35,100,2499000
20221114,10:22:14,42166.60,50,2499000
20221114,10:22:16,42164.00,125,2499000
20221114,10:22:18,42163.65,25,2499000
20221114,10:22:19,42162.50,200,2499000
20221114,10:22:21,42159.10,125,2499000
20221114,10:22:22,42161.95,75,2499000
20221114,10:22:29,42161.90,75,2499000
20221114,10:22:30,42160.00,50,2499000
20221114,10:22:37,42156.40,100,2499000
20221114,10:22:38,42155.00,125,2499000
20221114,10:22:40,42155.80,100,2499000
20221114,10:22:41,42155.00,75,2499000
20221114,10:22:43,42154.85,25,2499000
20221114,10:22:44,42150.10,725,2499000
20221114,10:22:46,42150.00,125,2499000
20221114,10:22:49,42150.30,25,2499000
20221114,10:22:50,42150.00,25,2499000
20221114,10:22:52,42150.00,125,2499000
20221114,10:22:53,42150.00,50,2499000
20221114,10:22:55,42150.00,50,2499000
20221114,10:22:58,42151.00,75,2499000
20221114,10:23:01,42153.00,25,2499000
20221114,10:23:03,42148.45,50,2499000
20221114,10:23:04,42147.80,275,2499000
20221114,10:23:06,42144.80,75,2499000
20221114,10:23:08,42146.35,250,2499000
20221114,10:23:09,42141.70,50,2499000
20221114,10:23:11,42142.60,25,2499000
20221114,10:23:13,42140.00,125,2499000
20221114,10:23:14,42136.00,50,2499000
20221114,10:23:16,42137.35,150,2499000
20221114,10:23:18,42143.00,25,2499000
20221114,10:23:19,42139.40,450,2499000
20221114,10:23:22,42138.00,125,2499000
20221114,10:23:24,42138.05,200,2499000
20221114,10:23:26,42133.95,100,2499000
20221114,10:23:27,42134.00,100,2499000
20221114,10:23:29,42136.05,25,2499000
20221114,10:23:31,42134.00,25,2499000
20221114,10:23:32,42134.00,175,2499000
20221114,10:23:34,42136.00,250,2499000
20221114,10:23:35,42137.20,75,2498900
20221114,10:23:37,42134.75,25,2498900
20221114,10:23:39,42134.90,100,2498900
20221114,10:23:40,42140.25,25,2498900
20221114,10:23:42,42137.60,25,2498900
20221114,10:23:43,42138.95,325,2498900
20221114,10:23:45,42136.00,25,2498900
20221114,10:23:48,42143.00,50,2498900
20221114,10:23:49,42143.55,25,2498900
20221114,10:23:51,42143.55,175,2498900
20221114,10:23:52,42140.30,25,2498900
20221114,10:23:54,42144.85,50,2498900
20221114,10:23:56,42143.55,100,2498900
20221114,10:23:57,42139.65,50,2498900
20221114,10:23:59,42145.00,25,2498900
20221114,10:24:00,42140.80,400,2498900
20221114,10:24:02,42139.60,150,2498900
20221114,10:24:03,42141.05,550,2498900
20221114,10:24:05,42141.10,125,2498900
20221114,10:24:06,42148.65,450,2498900
20221114,10:24:08,42142.70,25,2498900
20221114,10:24:10,42145.00,25,2498900
20221114,10:24:11,42145.45,175,2498900
20221114,10:24:13,42148.10,100,2498900
20221114,10:24:15,42150.45,25,2498900
20221114,10:24:16,42146.60,100,2498900
20221114,10:24:18,42145.45,100,2498900
20221114,10:24:20,42144.75,125,2498900
20221114,10:24:21,42144.60,25,2498900
20221114,10:24:23,42146.80,75,2498900
20221114,10:24:25,42146.70,450,2498900
20221114,10:24:26,42145.45,50,2498900
20221114,10:24:28,42149.80,75,2498900
20221114,10:24:30,42146.10,75,2498900
20221114,10:24:31,42149.80,225,2498900
20221114,10:24:33,42150.00,25,2498900
20221114,10:24:35,42141.00,500,2498900
20221114,10:24:38,42145.45,25,2498900
20221114,10:24:39,42153.05,75,2498900
20221114,10:24:43,42150.00,375,2498900
20221114,10:24:44,42150.00,25,2498900
20221114,10:24:46,42151.65,225,2498900
20221114,10:24:49,42151.65,800,2498900
20221114,10:24:53,42150.05,25,2498900
20221114,10:24:57,42152.45,825,2498900
20221114,10:25:01,42152.45,175,2498900
20221114,10:25:02,42153.95,125,2498900
20221114,10:25:05,42145.05,225,2498900
20221114,10:25:07,42144.00,50,2498900
20221114,10:25:09,42147.15,75,2498900
20221114,10:25:10,42142.55,2275,2498900
20221114,10:25:12,42136.85,2300,2498900
20221114,10:25:14,42134.75,200,2498900
20221114,10:25:15,42138.30,200,2498900
20221114,10:25:19,42137.85,125,2498900
20221114,10:25:20,42143.90,175,2498900
20221114,10:25:22,42137.30,50,2498900
20221114,10:25:24,42137.50,25,2498900
20221114,10:25:25,42147.45,25,2498900
20221114,10:25:28,42144.80,50,2498900
20221114,10:25:30,42144.10,75,2498900
20221114,10:25:33,42150.00,125,2498900
20221114,10:25:35,42150.00,25,2498900
20221114,10:25:37,42150.40,50,2498900
20221114,10:25:40,42150.00,125,2498900
20221114,10:25:42,42150.00,250,2498900
20221114,10:25:43,42149.00,25,2498900
20221114,10:25:46,42150.80,175,2498900
20221114,10:25:48,42144.65,400,2498900
20221114,10:25:50,42145.70,25,2498900
20221114,10:25:51,42149.80,75,2498900
20221114,10:25:58,42149.20,25,2498900
20221114,10:26:01,42145.00,125,2498900
20221114,10:26:04,42144.80,25,2498900
20221114,10:26:06,42144.80,25,2498900
20221114,10:26:07,42140.00,150,2498900
20221114,10:26:09,42137.50,50,2498900
20221114,10:26:12,42139.50,25,2498900
20221114,10:26:14,42138.20,25,2498900
20221114,10:26:16,42139.45,175,2498900
20221114,10:26:19,42134.80,25,2498900
20221114,10:26:20,42133.30,50,2498900
20221114,10:26:25,42142.85,50,2498900
20221114,10:26:28,42142.25,25,2498900
20221114,10:26:33,42135.25,50,2498900
20221114,10:26:35,42138.10,100,2498900
20221114,10:26:38,42143.85,25,2498775
20221114,10:26:41,42143.35,200,2498775
20221114,10:26:50,42139.80,50,2498775
20221114,10:26:54,42135.00,25,2498775
20221114,10:26:56,42134.50,175,2498775
20221114,10:26:57,42128.00,525,2498775
20221114,10:26:59,42125.10,650,2498775
20221114,10:27:01,42125.00,125,2498775
20221114,10:27:02,42125.05,175,2498775
20221114,10:27:04,42123.95,675,2498775
20221114,10:27:06,42131.45,125,2498775
20221114,10:27:10,42132.55,125,2498775
20221114,10:27:12,42130.70,150,2498775
20221114,10:27:14,42128.80,175,2498775
20221114,10:27:15,42135.00,100,2498775
20221114,10:27:18,42137.55,50,2498775
20221114,10:27:28,42137.75,275,2498775
20221114,10:27:29,42136.65,25,2498775
20221114,10:27:31,42136.65,25,2498775
20221114,10:27:33,42130.40,275,2498775
20221114,10:27:36,42136.55,75,2498775
20221114,10:27:37,42136.55,200,2498775
20221114,10:27:39,42135.00,25,2498775
20221114,10:27:42,42131.90,250,2498775
20221114,10:27:44,42134.90,250,2498775
20221114,10:27:45,42131.10,175,2498775
20221114,10:27:48,42137.55,75,2498775
20221114,10:27:52,42136.65,50,2498775
20221114,10:27:53,42136.65,25,2498775
20221114,10:27:58,42131.00,200,2498775
20221114,10:28:00,42130.00,25,2498775
20221114,10:28:01,42133.35,150,2498775
20221114,10:28:04,42129.95,100,2498775
20221114,10:28:06,42131.50,25,2498775
20221114,10:28:07,42133.45,25,2498775
20221114,10:28:09,42133.45,75,2498775
20221114,10:28:11,42133.15,175,2498775
20221114,10:28:12,42136.20,75,2498775
20221114,10:28:14,42134.40,575,2498775
20221114,10:28:17,42136.60,125,2498775
20221114,10:28:19,42138.80,125,2498775
20221114,10:28:20,42140.85,25,2498775
20221114,10:28:22,42144.95,25,2498775
20221114,10:28:27,42145.00,50,2498775
20221114,10:28:28,42143.95,275,2498775
20221114,10:28:30,42140.40,25,2498775
20221114,10:28:31,42138.00,75,2498775
20221114,10:28:33,42135.00,150,2498775
20221114,10:28:35,42135.00,75,2498775
20221114,10:28:38,42133.65,50,2498775
20221114,10:28:39,42131.00,75,2498775
20221114,10:28:41,42131.00,125,2498775
20221114,10:28:42,42133.35,250,2498775
20221114,10:28:46,42131.70,50,2498775
20221114,10:28:47,42130.00,50,2498775
20221114,10:28:52,42130.00,200,2498775
20221114,10:28:55,42130.00,25,2498775
20221114,10:28:57,42125.00,250,2498775
20221114,10:29:00,42124.95,75,2498775
20221114,10:29:03,42123.85,1100,2498775
20221114,10:29:05,42127.25,200,2498775
20221114,10:29:06,42127.60,250,2498775
20221114,10:29:08,42129.45,225,2498775
20221114,10:29:09,42131.65,125,2498775
20221114,10:29:11,42129.80,75,2498775
20221114,10:29:13,42131.80,75,2498775
20221114,10:29:15,42134.95,675,2498775
20221114,10:29:16,42135.00,25,2498775
20221114,10:29:18,42136.40,75,2498775
20221114,10:29:19,42139.05,475,2498775
20221114,10:29:21,42139.95,150,2498775
20221114,10:29:23,42131.55,2050,2498775
20221114,10:29:24,42139.25,125,2498775
20221114,10:29:26,42135.65,925,2498775
20221114,10:29:28,42130.95,625,2498775
20221114,10:29:29,42131.60,75,2498775
20221114,10:29:31,42135.15,25,2498775
20221114,10:29:33,42135.05,100,2498775
20221114,10:29:34,42134.15,525,2498775
20221114,10:29:36,42134.80,100,2498775
20221114,10:29:38,42135.60,150,2495500
20221114,10:29:39,42137.70,25,2495500
20221114,10:29:41,42137.70,125,2495500
20221114,10:29:42,42139.80,50,2495500
20221114,10:29:44,42137.70,100,2495500
20221114,10:29:45,42140.00,50,2495500
20221114,10:29:47,42137.70,25,2495500
20221114,10:29:49,42137.60,50,2495500
20221114,10:29:50,42134.80,50,2495500
20221114,10:29:52,42132.15,250,2495500
20221114,10:29:53,42127.75,525,2495500
20221114,10:29:55,42127.75,100,2495500
20221114,10:29:57,42126.00,400,2495500
20221114,10:29:58,42123.05,425,2495500
20221114,10:30:00,42127.70,325,2495500
20221114,10:30:02,42130.00,600,2495500
20221114,10:30:03,42124.05,225,2495500
20221114,10:30:05,42123.00,1400,2495500
20221114,10:30:06,42125.60,125,2495500
20221114,10:30:08,42129.20,525,2495500
20221114,10:30:09,42130.00,1350,2495500
20221114,10:30:11,42133.85,425,2495500
20221114,10:30:13,42129.75,1050,2495500
20221114,10:30:14,42129.70,1225,2495500
20221114,10:30:16,42130.00,25,2495500
20221114,10:30:17,42133.20,325,2495500
20221114,10:30:19,42133.00,225,2495500
20221114,10:30:21,42133.00,125,2495500
20221114,10:30:22,42133.00,375,2495500
20221114,10:30:24,42138.35,200,2495500
20221114,10:30:26,42139.85,425,2495500
20221114,10:30:29,42140.00,125,2495500
20221114,10:30:30,42140.00,200,2495500
20221114,10:30:32,42140.00,125,2495500
20221114,10:30:33,42140.00,50,2495500
20221114,10:30:35,42140.95,150,2495500
20221114,10:30:37,42136.85,75,2495500
20221114,10:30:38,42140.35,25,2495500
20221114,10:30:40,42140.00,50,2495500
20221114,10:30:41,42140.00,25,2495500
20221114,10:30:43,42138.75,100,2495500
20221114,10:30:45,42133.10,350,2495500
20221114,10:30:46,42134.05,50,2495500
20221114,10:30:51,42132.35,25,2495500
20221114,10:30:53,42133.00,125,2495500
20221114,10:30:54,42133.50,25,2495500
20221114,10:30:56,42131.30,50,2495500
20221114,10:30:57,42132.00,100,2495500
20221114,10:30:59,42133.85,25,2495500
20221114,10:31:02,42131.55,25,2495500
20221114,10:31:05,42133.80,25,2495500
20221114,10:31:07,42130.00,425,2495500
20221114,10:31:09,42129.80,100,2495500
20221114,10:31:10,42131.45,25,2495500
20221114,10:31:12,42131.00,50,2495500
20221114,10:31:13,42131.00,50,2495500
20221114,10:31:18,42131.00,25,2495500
20221114,10:31:20,42131.00,25,2495500
20221114,10:31:21,42131.40,200,2495500
20221114,10:31:23,42131.00,50,2495500
20221114,10:31:24,42134.05,200,2495500
20221114,10:31:28,42136.20,25,2495500
20221114,10:31:31,42134.80,150,2495500
20221114,10:31:32,42136.20,725,2495500
20221114,10:31:35,42136.70,250,2495500
20221114,10:31:37,42139.95,75,2495500
20221114,10:31:38,42135.30,150,2495500
20221114,10:31:40,42135.00,25,2495500
