20221114,09:15:02,18589.85,1,327000
20221114,09:15:02,18610.05,1,327000
20221114,09:15:02,18564.60,4250,327000
20221114,09:15:03,18583.05,200,327000
20221114,09:15:05,18577.50,50,327000
20221114,09:15:08,18589.85,50,327000
20221114,09:15:09,18578.55,150,327000
20221114,09:15:10,18566.30,350,327000
20221114,09:15:11,18568.95,850,327000
20221114,09:15:13,18568.25,50,327000
20221114,09:15:15,18576.95,50,327000
20221114,09:15:17,18572.55,50,327000
20221114,09:15:18,18562.55,50,327000
20221114,09:15:23,18562.55,50,327000
20221114,09:15:25,18556.25,50,327000
20221114,09:15:36,18556.00,50,327000
20221114,09:15:39,18556.00,250,327000
20221114,09:15:40,18564.85,50,327000
20221114,09:15:41,18569.95,50,327000
20221114,09:15:50,18569.95,50,327000
20221114,09:15:51,18570.00,100,327000
20221114,09:15:52,18571.00,150,327000
20221114,09:15:56,18573.55,50,327000
20221114,09:16:01,18575.35,100,327000
20221114,09:16:01,18571.00,50,327000
20221114,09:16:02,18573.45,350,327000
20221114,09:16:10,18568.00,100,327000
20221114,09:16:15,18568.80,50,327000
20221114,09:16:16,18568.80,50,327000
20221114,09:16:24,18567.00,50,327000
20221114,09:16:26,18567.50,50,327000
20221114,09:16:32,18564.80,50,327000
20221114,09:16:38,18564.00,50,327000
20221114,09:16:47,18560.95,100,327000
20221114,09:16:49,18564.25,50,327000
20221114,09:17:03,18560.00,100,327000
20221114,09:17:04,18561.00,50,327000
20221114,09:17:05,18559.40,300,327000
20221114,09:17:06,18560.85,50,327000
20221114,09:17:17,18564.95,100,327000
20221114,09:17:18,18565.00,50,327000
20221114,09:17:24,18565.75,50,327300
20221114,09:17:39,18569.05,100,327300
20221114,09:17:40,18565.75,100,327300
20221114,09:17:43,18565.80,50,327300
20221114,09:17:46,18569.90,50,327300
20221114,09:17:49,18568.85,50,327300
20221114,09:17:50,18569.30,50,327300
20221114,09:17:51,18569.95,50,327300
20221114,09:18:01,18570.00,50,327300
20221114,09:18:05,18572.70,100,327300
20221114,09:18:16,18572.00,100,327300
20221114,09:18:17,18572.00,100,327300
20221114,09:18:19,18570.25,50,327300
20221114,09:18:21,18570.00,50,327300
20221114,09:18:22,18570.00,50,327300
20221114,09:18:23,18570.25,50,327300
20221114,09:18:29,18573.45,100,327300
20221114,09:18:31,18573.45,50,327300
20221114,09:18:32,18575.00,50,327300
20221114,09:18:45,18573.45,50,327300
20221114,09:18:53,18573.05,1250,327300
20221114,09:18:57,18575.10,50,327300
20221114,09:18:58,18580.65,50,327300
20221114,09:19:04,18581.75,50,327300
20221114,09:19:08,18580.60,50,327300
20221114,09:19:10,18579.60,100,327300
20221114,09:19:11,18580.65,150,327300
20221114,09:19:12,18581.20,150,327300
20221114,09:19:13,18581.75,50,327300
20221114,09:19:15,18585.00,350,327300
20221114,09:19:16,18591.00,250,327300
20221114,09:19:20,18590.25,50,327300
20221114,09:19:21,18590.90,50,327300
20221114,09:19:29,18591.15,50,327300
20221114,09:19:33,18594.95,50,327300
20221114,09:19:37,18590.80,50,327300
20221114,09:19:40,18595.00,400,327300
20221114,09:19:43,18592.20,50,327300
20221114,09:19:45,18593.00,50,327300
20221114,09:20:07,18592.45,50,327300
20221114,09:20:09,18593.00,200,327300
20221114,09:20:11,18592.50,50,327300
20221114,09:20:12,18595.80,50,327300
20221114,09:20:15,18594.95,100,327300
20221114,09:20:18,18594.95,100,327300
20221114,09:20:20,18594.95,50,327300
20221114,09:20:22,18595.00,100,326600
20221114,09:20:24,18594.00,50,326600
20221114,09:20:25,18595.00,50,326600
20221114,09:20:30,18594.00,100,326600
20221114,09:20:33,18592.45,200,326600
20221114,09:20:36,18588.50,100,326600
20221114,09:20:41,18590.00,50,326600
20221114,09:20:42,18590.35,200,326600
20221114,09:20:47,18588.90,50,326600
20221114,09:20:52,18590.35,50,326600
20221114,09:20:53,18590.00,100,326600
20221114,09:20:54,18588.50,100,326600
20221114,09:20:56,18587.25,50,326600
20221114,09:21:00,18587.25,50,326600
20221114,09:21:12,18587.25,50,326600
20221114,09:21:23,18587.25,100,326600
20221114,09:21:26,18587.25,200,326600
20221114,09:21:36,18585.00,50,326600
20221114,09:21:53,18585.00,50,326600
20221114,09:21:56,18586.95,50,326600
20221114,09:22:01,18585.00,100,326600
20221114,09:22:02,18585.00,50,326600
20221114,09:22:21,18582.00,50,326600
20221114,09:22:51,18582.00,100,326600
20221114,09:22:52,18582.00,100,326600
20221114,09:22:57,18580.80,50,326600
20221114,09:22:59,18580.00,150,326600
20221114,09:23:00,18580.00,200,326600
20221114,09:23:01,18580.00,250,326600
20221114,09:23:06,18575.30,50,326600
20221114,09:23:07,18579.40,50,326600
20221114,09:23:10,18575.25,50,326600
20221114,09:23:15,18579.40,50,326600
20221114,09:23:26,18580.25,150,326750
20221114,09:23:27,18579.40,50,326750
20221114,09:23:28,18580.25,650,326750
20221114,09:23:32,18582.05,50,326750
20221114,09:23:34,18585.00,100,326750
20221114,09:23:52,18584.95,450,326750
20221114,09:23:55,18585.00,100,326750
20221114,09:23:57,18585.00,100,326750
20221114,09:24:12,18584.95,100,326750
20221114,09:24:22,18585.00,100,326750
20221114,09:24:23,18585.00,350,326750
20221114,09:24:32,18590.00,50,326750
20221114,09:24:38,18588.75,100,326750
20221114,09:24:42,18593.30,50,326750
20221114,09:24:56,18593.30,100,326750
20221114,09:25:01,18592.00,50,326750
20221114,09:25:08,18593.90,50,326750
20221114,09:25:13,18594.00,50,326750
20221114,09:25:16,18594.00,100,326750
20221114,09:25:25,18594.00,50,326750
20221114,09:25:36,18594.00,50,326750
20221114,09:25:39,18594.00,250,326750
20221114,09:25:46,18592.00,50,326750
20221114,09:25:51,18592.35,50,326750
20221114,09:26:17,18592.00,100,326750
20221114,09:26:20,18592.00,50,326750
20221114,09:26:21,18594.30,200,326500
20221114,09:26:35,18594.30,150,326500
20221114,09:26:38,18592.40,50,326500
20221114,09:26:43,18595.00,50,326500
20221114,09:26:44,18595.00,350,326500
20221114,09:26:45,18595.05,50,326500
20221114,09:26:50,18607.40,2550,326500
20221114,09:26:53,18601.45,50,326500
20221114,09:26:58,18602.35,50,326500
20221114,09:27:00,18601.45,50,326500
20221114,09:27:09,18603.00,50,326500
20221114,09:27:13,18602.20,50,326500
20221114,09:27:22,18600.00,50,326500
20221114,09:27:33,18600.00,300,326500
20221114,09:27:36,18601.45,50,326500
20221114,09:27:41,18602.00,100,326500
20221114,09:27:44,18601.55,250,326500
20221114,09:27:48,18603.00,50,326500
20221114,09:27:55,18604.95,150,326500
20221114,09:28:03,18603.95,1000,326500
20221114,09:28:06,18605.00,50,326500
20221114,09:28:13,18600.40,250,326500
20221114,09:28:44,18601.00,50,326500
20221114,09:28:44,18600.40,50,326500
20221114,09:28:45,18600.00,150,326500
20221114,09:28:46,18600.00,50,326500
20221114,09:28:53,18602.15,50,326500
20221114,09:28:55,18602.15,100,326500
20221114,09:29:06,18602.10,50,326500
20221114,09:29:07,18608.00,500,326500
20221114,09:29:11,18601.10,50,326500
20221114,09:29:12,18604.50,50,326500
20221114,09:29:19,18606.40,200,326500
20221114,09:29:22,18604.50,50,326500
20221114,09:29:24,18602.90,50,326850
20221114,09:29:29,18601.95,100,326850
20221114,09:29:33,18608.00,500,326850
20221114,09:29:49,18600.15,50,326850
20221114,09:30:11,18599.00,50,326850
20221114,09:30:15,18599.00,100,326850
20221114,09:30:18,18600.30,200,326850
20221114,09:30:29,18596.45,100,326850
20221114,09:30:33,18596.55,100,326850
20221114,09:30:41,18596.15,100,326850
20221114,09:30:46,18596.80,50,326850
20221114,09:30:54,18596.15,50,326850
20221114,09:30:57,18592.85,1350,326850
20221114,09:31:02,18592.95,50,326850
20221114,09:31:21,18598.35,250,326850
20221114,09:31:22,18598.35,50,326850
20221114,09:31:26,18594.80,50,326850
20221114,09:31:30,18595.55,50,326850
20221114,09:32:10,18592.00,200,326850
20221114,09:32:12,18594.00,500,326850
20221114,09:32:16,18588.20,50,326850
20221114,09:32:22,18588.45,50,328050
20221114,09:32:25,18590.65,50,328050
20221114,09:32:35,18590.00,50,328050
20221114,09:32:36,18590.00,50,328050
20221114,09:32:42,18586.85,150,328050
20221114,09:32:51,18586.90,100,328050
20221114,09:32:52,18587.30,350,328050
20221114,09:32:55,18592.00,150,328050
20221114,09:33:05,18586.20,100,328050
20221114,09:33:13,18585.00,50,328050
20221114,09:33:17,18583.00,50,328050
20221114,09:33:29,18585.95,50,328050
20221114,09:33:37,18585.95,200,328050
20221114,09:33:53,18583.70,150,328050
20221114,09:33:58,18586.00,100,328050
20221114,09:34:28,18584.35,50,328050
20221114,09:34:50,18581.40,100,328050
20221114,09:35:01,18581.00,100,328050
20221114,09:35:25,18575.20,100,328000
20221114,09:35:38,18576.00,50,328000
20221114,09:35:41,18576.20,50,328000
20221114,09:35:47,18578.45,50,328000
20221114,09:36:06,18584.65,100,328000
20221114,09:36:08,18585.00,50,328000
20221114,09:36:12,18584.85,100,328000
20221114,09:36:28,18584.25,50,328000
20221114,09:36:46,18581.00,50,328000
20221114,09:36:48,18580.00,50,328000
20221114,09:36:52,18584.90,500,328000
20221114,09:37:03,18580.00,50,328000
20221114,09:37:22,18584.40,150,328000
20221114,09:38:15,18589.15,200,328000
20221114,09:38:20,18587.50,100,328000
20221114,09:38:23,18585.05,50,328000
20221114,09:38:43,18586.00,50,328800
20221114,09:39:02,18585.00,50,328800
20221114,09:39:14,18585.05,50,328800
20221114,09:39:20,18586.00,50,328800
20221114,09:39:27,18586.00,50,328800
20221114,09:39:36,18586.30,100,328800
20221114,09:39:39,18586.00,1500,328800
20221114,09:40:05,18591.00,50,328800
20221114,09:40:09,18595.65,50,328800
20221114,09:40:12,18595.35,200,328800
20221114,09:40:18,18598.00,50,328800
20221114,09:40:29,18600.00,150,328800
20221114,09:40:31,18600.00,100,328800
20221114,09:40:49,18602.75,50,328800
20221114,09:41:05,18602.35,50,328800
20221114,09:41:06,18600.00,50,328800
20221114,09:41:08,18600.00,300,328800
20221114,09:41:10,18598.95,50,328800
20221114,09:41:11,18598.95,50,328800
20221114,09:41:12,18598.65,50,328800
20221114,09:41:33,18595.40,50,328100
20221114,09:41:34,18595.25,50,328100
20221114,09:41:50,18598.00,50,328100
20221114,09:41:51,18598.65,50,328100
20221114,09:42:03,18597.45,50,328100
20221114,09:42:25,18600.00,50,328100
20221114,09:42:26,18599.00,50,328100
20221114,09:42:47,18596.15,100,328100
20221114,09:42:58,18595.75,50,328100
20221114,09:44:00,18595.25,50,328100
20221114,09:44:02,18595.25,50,328100
20221114,09:44:03,18595.00,50,328100
20221114,09:44:25,18592.20,100,327950
20221114,09:44:32,18590.90,50,327950
20221114,09:44:45,18590.65,50,327950
20221114,09:44:49,18590.00,50,327950
20221114,09:44:50,18590.00,50,327950
20221114,09:45:34,18583.00,50,327950
20221114,09:45:46,18583.00,50,327950
20221114,09:46:01,18588.10,50,327950
20221114,09:46:02,18585.30,50,327950
20221114,09:46:10,18585.30,50,327950
20221114,09:46:21,18581.80,50,327950
20221114,09:46:38,18584.55,50,327950
20221114,09:46:50,18588.00,50,327950
20221114,09:46:56,18587.35,50,327950
20221114,09:47:13,18585.00,50,327950
20221114,09:47:35,18585.00,50,327900
20221114,09:47:57,18585.00,50,327900
20221114,09:49:06,18581.80,50,327900
20221114,09:49:07,18580.00,100,327900
20221114,09:49:29,18576.30,100,327900
20221114,09:49:47,18578.65,150,327900
20221114,09:49:50,18575.00,400,327900
20221114,09:50:38,18577.00,50,328000
20221114,09:50:41,18575.00,50,328000
20221114,09:50:48,18575.00,100,328000
20221114,09:50:50,18575.00,450,328000
20221114,09:51:08,18570.00,50,328000
20221114,09:51:17,18572.75,200,328000
20221114,09:51:23,18569.05,200,328000
20221114,09:51:33,18569.00,50,328000
20221114,09:51:41,18567.00,50,328000
20221114,09:52:00,18567.00,50,328000
20221114,09:52:08,18567.85,50,328000
20221114,09:52:27,18567.85,50,328000
20221114,09:52:28,18567.00,50,328000
20221114,09:52:30,18563.55,50,328000
20221114,09:52:46,18563.55,50,328000
20221114,09:52:57,18565.00,50,328000
20221114,09:53:17,18567.40,50,328000
20221114,09:53:25,18569.10,50,328000
20221114,09:53:28,18567.40,50,328100
20221114,09:54:15,18571.35,200,328100
20221114,09:54:19,18572.05,50,328100
20221114,09:54:32,18572.90,50,328100
20221114,09:54:50,18571.15,50,328100
20221114,09:54:51,18570.00,50,328100
20221114,09:54:56,18569.00,50,328100
20221114,09:55:16,18568.00,100,328100
20221114,09:55:36,18568.00,50,328100
20221114,09:55:41,18570.00,50,328100
20221114,09:55:57,18572.95,200,328100
20221114,09:55:58,18570.00,50,328100
20221114,09:56:24,18569.10,50,328100
20221114,09:56:31,18569.10,50,328250
20221114,09:56:53,18564.10,250,328250
20221114,09:56:58,18561.15,50,328250
20221114,09:57:15,18562.70,100,328250
20221114,09:57:20,18564.15,50,328250
20221114,09:57:24,18565.00,650,328250
20221114,09:57:30,18563.05,500,328250
20221114,09:57:35,18565.00,100,328250
20221114,09:57:40,18563.00,50,328250
20221114,09:57:57,18564.15,50,328250
20221114,09:57:58,18564.00,50,328250
20221114,09:58:00,18564.40,50,328250
20221114,09:58:02,18565.00,400,328250
20221114,09:58:06,18565.00,400,328250
20221114,09:58:08,18565.00,400,328250
20221114,09:58:28,18563.00,50,328250
20221114,09:58:34,18565.00,50,328250
20221114,09:58:35,18565.00,50,328250
20221114,09:58:38,18565.00,500,328250
20221114,09:58:39,18565.00,1900,328250
20221114,09:58:40,18565.00,550,328250
20221114,09:58:41,18565.00,500,328250
20221114,09:58:49,18565.00,200,328250
20221114,09:58:50,18565.00,500,328250
20221114,09:58:52,18565.00,250,328250
20221114,09:58:54,18565.00,3550,328250
20221114,09:59:08,18571.10,100,328250
20221114,09:59:44,18570.00,200,319500
20221114,09:59:51,18570.00,100,319500
20221114,09:59:52,18570.00,50,319500
20221114,09:59:55,18570.00,150,319500
20221114,10:00:36,18570.00,50,319500
20221114,10:00:54,18568.95,150,319500
20221114,10:01:44,18570.80,50,319500
20221114,10:02:40,18565.00,350,319900
20221114,10:02:42,18565.00,850,319900
20221114,10:02:43,18565.00,150,319900
20221114,10:03:08,18565.15,50,319900
20221114,10:04:15,18566.00,250,319900
20221114,10:04:16,18566.00,150,319900
20221114,10:04:24,18560.00,500,319900
20221114,10:04:35,18560.30,50,319900
20221114,10:04:42,18560.15,50,319900
20221114,10:05:09,18560.00,50,319900
20221114,10:05:14,18558.00,1350,319900
20221114,10:05:20,18559.75,50,319900
20221114,10:05:26,18558.00,50,319900
20221114,10:05:32,18556.60,50,321550
20221114,10:05:39,18556.65,50,321550
20221114,10:05:49,18558.10,50,321550
20221114,10:05:52,18560.00,50,321550
20221114,10:05:53,18560.15,50,321550
20221114,10:06:04,18562.95,50,321550
20221114,10:06:05,18558.15,50,321550
20221114,10:06:35,18557.45,50,321550
20221114,10:07:13,18557.45,50,321550
20221114,10:07:15,18560.00,100,321550
20221114,10:07:33,18562.00,50,321550
20221114,10:09:12,18562.00,50,321600
20221114,10:09:15,18562.00,250,321600
20221114,10:09:16,18562.00,250,321600
20221114,10:09:17,18562.00,450,321600
20221114,10:09:49,18556.75,50,321600
20221114,10:09:54,18561.15,50,321600
20221114,10:10:01,18557.05,150,321600
20221114,10:10:04,18557.00,50,321600
20221114,10:10:06,18557.00,700,321600
20221114,10:10:07,18557.00,700,321600
20221114,10:10:10,18557.00,700,321600
20221114,10:10:11,18557.00,800,321600
20221114,10:10:12,18557.00,300,321600
20221114,10:10:13,18557.00,300,321600
20221114,10:10:15,18557.00,650,321600
20221114,10:10:16,18557.00,650,321600
20221114,10:10:17,18557.00,1350,321600
20221114,10:10:18,18557.00,1500,321600
20221114,10:10:19,18557.00,750,321600
20221114,10:10:21,18557.00,1300,321600
20221114,10:10:31,18556.95,50,321600
20221114,10:10:36,18557.00,300,321600
20221114,10:10:52,18558.00,50,321600
20221114,10:11:27,18560.00,50,321600
20221114,10:11:46,18564.25,350,314700
20221114,10:11:53,18563.85,50,314700
20221114,10:12:32,18560.00,200,314700
20221114,10:13:10,18562.50,50,314700
20221114,10:13:21,18561.85,50,314700
20221114,10:13:23,18561.00,50,314700
20221114,10:13:32,18560.00,450,314700
20221114,10:13:46,18556.40,50,314700
20221114,10:13:47,18556.40,50,314700
20221114,10:13:49,18556.00,50,314700
20221114,10:13:50,18555.95,100,314700
20221114,10:14:07,18555.00,150,314700
20221114,10:14:52,18555.00,50,314450
20221114,10:14:54,18555.00,50,314450
20221114,10:14:56,18555.00,100,314450
20221114,10:15:03,18553.00,200,314450
20221114,10:15:09,18553.00,50,314450
20221114,10:15:10,18553.00,50,314450
20221114,10:15:19,18552.65,500,314450
20221114,10:15:22,18551.40,350,314450
20221114,10:15:47,18550.00,100,314450
20221114,10:15:50,18550.00,150,314450
20221114,10:15:54,18550.00,1500,314450
20221114,10:16:01,18550.00,50,314450
20221114,10:16:17,18550.00,500,314450
20221114,10:16:18,18550.00,150,314450
20221114,10:16:24,18550.00,100,314450
20221114,10:16:40,18549.55,50,314450
20221114,10:16:41,18549.15,50,314450
20221114,10:16:51,18548.95,150,314450
20221114,10:16:55,18548.00,200,314450
20221114,10:16:57,18548.00,50,314450
20221114,10:16:59,18548.00,200,314450
20221114,10:17:00,18548.00,50,314450
20221114,10:17:02,18548.00,150,314450
20221114,10:17:03,18548.00,50,314450
20221114,10:17:06,18545.95,100,314450
20221114,10:17:11,18545.00,150,314450
20221114,10:17:14,18543.45,100,314450
20221114,10:17:18,18543.45,50,314450
20221114,10:17:20,18547.50,400,314450
20221114,10:17:31,18546.35,50,314450
20221114,10:17:35,18545.00,50,313850
20221114,10:17:53,18545.80,50,313850
20221114,10:18:21,18543.90,50,313850
20221114,10:18:39,18545.85,150,313850
20221114,10:18:40,18545.65,50,313850
20221114,10:18:41,18545.70,50,313850
20221114,10:18:46,18546.40,100,313850
20221114,10:18:53,18549.55,400,313850
20221114,10:18:57,18546.00,50,313850
20221114,10:18:58,18548.35,50,313850
20221114,10:18:59,18548.45,50,313850
20221114,10:19:10,18545.85,50,313850
20221114,10:19:59,18545.90,50,313850
20221114,10:20:10,18547.00,50,313850
20221114,10:20:32,18548.15,50,313850
20221114,10:21:02,18549.80,50,314350
20221114,10:21:08,18547.00,100,314350
20221114,10:21:24,18547.00,50,314350
20221114,10:21:35,18545.00,500,314350
20221114,10:22:08,18547.00,50,314350
20221114,10:22:10,18547.30,100,314350
20221114,10:22:19,18546.10,100,314350
20221114,10:22:21,18547.00,50,314350
20221114,10:22:38,18546.40,50,314350
20221114,10:22:42,18545.00,50,314350
20221114,10:22:45,18545.00,50,314350
20221114,10:22:51,18545.00,100,314350
20221114,10:22:59,18545.00,50,314350
20221114,10:23:00,18545.00,50,314350
20221114,10:23:04,18545.00,200,314350
20221114,10:23:05,18545.00,100,314350
20221114,10:23:10,18543.00,50,314350
20221114,10:23:22,18542.00,400,314350
20221114,10:23:24,18542.00,200,314350
20221114,10:23:37,18542.00,50,315200
20221114,10:24:35,18546.30,50,315200
20221114,10:25:01,18543.00,800,315200
20221114,10:25:05,18543.00,200,315200
20221114,10:25:44,18543.00,50,315200
20221114,10:25:51,18543.00,250,315200
20221114,10:25:52,18543.00,50,315200
20221114,10:26:06,18543.00,50,315200
20221114,10:26:08,18543.00,50,315200
20221114,10:26:55,18542.90,50,314400
20221114,10:27:09,18542.00,50,314400
20221114,10:27:15,18541.15,50,314400
20221114,10:27:24,18541.15,150,314400
20221114,10:27:38,18541.00,100,314400
20221114,10:27:43,18540.50,50,314400
20221114,10:27:55,18540.50,200,314400
20221114,10:27:57,18540.00,150,314400
20221114,10:27:58,18540.00,100,314400
20221114,10:28:15,18540.00,350,314400
20221114,10:28:16,18540.00,150,314400
20221114,10:28:18,18540.00,900,314400
20221114,10:28:19,18540.00,1200,314400
20221114,10:28:20,18540.00,200,314400
20221114,10:28:22,18540.00,50,314400
20221114,10:28:25,18540.00,200,314400
20221114,10:28:28,18540.00,750,314400
20221114,10:28:41,18539.95,100,314400
20221114,10:28:46,18539.95,100,314400
20221114,10:28:47,18539.80,50,314400
20221114,10:29:54,18537.40,150,311550
20221114,10:29:55,18536.00,50,311550
20221114,10:29:57,18535.00,500,311550
20221114,10:29:58,18535.00,200,311550
20221114,10:30:00,18535.00,250,311550
20221114,10:30:09,18531.00,2300,311550
20221114,10:30:33,18531.00,50,311550
20221114,10:30:37,18534.00,1700,311550
20221114,10:30:38,18534.00,150,311550
20221114,10:30:39,18534.00,200,311550
20221114,10:30:41,18534.00,350,311550
20221114,10:30:43,18534.00,150,311550
20221114,10:30:46,18534.00,50,311550
20221114,10:30:55,18534.00,100,311550
20221114,10:30:57,18534.00,200,311550
20221114,10:30:58,18534.00,650,311550
20221114,10:30:58,18534.00,100,311550
20221114,10:31:02,18534.00,200,311550
20221114,10:31:05,18534.00,1650,311550
20221114,10:31:06,18534.00,50,311550
20221114,10:31:09,18534.00,650,311550
20221114,10:31:11,18534.00,1500,311550
20221114,10:31:12,18534.00,500,311550
20221114,10:31:17,18534.00,1800,311550
20221114,10:31:21,18534.00,50,311550
20221114,10:31:23,18534.00,50,311550
20221114,10:31:40,18536.95,50,311550
20221114,10:31:41,18536.95,50,311550
20221114,10:31:42,18537.00,300,311550
20221114,10:31:42,18536.85,50,311550
20221114,10:31:44,18536.30,100,311550
20221114,10:31:48,18537.00,100,311550
20221114,10:31:54,18537.00,50,311550
20221114,10:31:56,18537.00,50,311550
20221114,10:31:57,18537.00,150,311550
20221114,10:31:58,18537.00,100,311550
20221114,10:31:59,18537.00,300,311550
20221114,10:32:00,18537.00,200,311550
20221114,10:32:00,18537.00,50,311550
20221114,10:32:02,18537.00,100,311550
20221114,10:32:03,18537.00,250,311550
20221114,10:32:05,18537.00,50,311550
20221114,10:32:16,18537.00,50,311550
20221114,10:32:17,18536.60,100,311550
20221114,10:32:22,18537.00,50,311550
20221114,10:32:25,18537.00,50,311550
20221114,10:32:34,18537.00,50,311550
20221114,10:32:35,18537.00,50,304050
20221114,10:32:51,18537.00,150,304050
20221114,10:33:04,18535.05,50,304050
20221114,10:33:09,18531.30,150,304050
20221114,10:33:50,18532.35,50,304050
20221114,10:33:54,18534.05,200,304050
20221114,10:33:56,18535.35,50,304050
20221114,10:33:58,18536.00,50,304050
20221114,10:34:05,18536.95,50,304050
20221114,10:34:09,18537.00,150,304050
20221114,10:34:12,18537.00,50,304050
20221114,10:34:14,18536.40,50,304050
20221114,10:34:17,18537.00,100,304050
20221114,10:34:20,18537.00,1350,304050
20221114,10:34:21,18537.00,50,304050
20221114,10:34:30,18537.00,100,304050
20221114,10:34:31,18537.00,150,304050
20221114,10:34:32,18537.00,50,304050
20221114,10:34:33,18537.00,100,304050
20221114,10:34:42,18537.00,100,304050
20221114,10:34:47,18537.00,50,304050
20221114,10:34:48,18537.00,50,304050
20221114,10:34:59,18537.00,50,304050
20221114,10:35:37,18535.00,50,304050
20221114,10:36:12,18535.00,50,301250
20221114,10:36:37,18533.00,50,301250
20221114,10:36:38,18535.00,50,301250
20221114,10:36:58,18537.00,50,301250
20221114,10:37:06,18535.00,50,301250
20221114,10:37:29,18536.60,50,301250
20221114,10:37:38,18535.00,50,301250
20221114,10:38:21,18537.00,50,301250
20221114,10:38:39,18537.00,150,301100
20221114,10:38:47,18537.00,50,301100
20221114,10:38:49,18537.00,300,301100
20221114,10:38:55,18537.00,150,301100
20221114,10:38:56,18537.00,50,301100
20221114,10:38:59,18537.00,50,301100
20221114,10:39:00,18537.00,50,301100
20221114,10:39:02,18535.00,50,301100
20221114,10:39:13,18537.00,50,301100
20221114,10:39:24,18537.00,3500,301100
20221114,10:39:26,18537.00,50,301100
20221114,10:39:27,18537.00,50,301100
20221114,10:39:30,18537.00,50,301100
20221114,10:39:43,18537.00,350,301100
20221114,10:39:44,18537.00,300,301100
20221114,10:39:45,18537.00,100,301100
20221114,10:39:51,18537.00,200,301100
20221114,10:39:52,18540.00,450,301100
20221114,10:39:54,18541.75,150,301100
20221114,10:40:10,18541.45,100,301100
20221114,10:40:15,18540.95,200,301100
20221114,10:40:31,18540.05,50,301100
20221114,10:41:09,18542.00,50,301100
20221114,10:41:14,18539.65,50,301100
20221114,10:41:29,18538.20,50,301100
20221114,10:41:46,18537.00,100,296500
20221114,10:41:48,18537.50,50,296500
20221114,10:41:57,18535.15,50,296500
20221114,10:42:28,18540.00,50,296500
20221114,10:43:00,18544.95,50,296500
20221114,10:43:44,18540.80,50,296500
20221114,10:44:14,18540.55,50,296500
20221114,10:45:22,18540.55,50,296400
20221114,10:46:25,18545.00,100,296400
20221114,10:46:26,18548.35,50,296400
20221114,10:47:09,18548.35,50,296400
20221114,10:47:25,18551.95,50,296400
20221114,10:47:28,18549.00,50,296400
20221114,10:47:36,18549.00,50,296400
20221114,10:49:20,18554.55,50,296400
20221114,10:49:57,18555.00,50,296400
20221114,10:50:02,18557.15,50,296400
20221114,10:50:11,18555.85,150,296400
20221114,10:50:21,18555.85,50,296400
20221114,10:50:49,18559.65,50,296450
20221114,10:51:04,18560.00,100,296450
20221114,10:51:27,18562.15,50,296450
20221114,10:51:37,18560.00,50,296450
20221114,10:52:05,18560.00,50,296450
20221114,10:52:14,18559.85,50,296450
20221114,10:52:34,18557.00,50,296450
20221114,10:52:39,18557.30,50,296450
20221114,10:52:44,18555.85,50,296450
20221114,10:52:56,18553.65,200,296450
20221114,10:53:17,18558.25,50,296450
20221114,10:53:49,18556.00,50,296600
20221114,10:53:50,18556.65,300,296600
20221114,10:54:13,18558.90,50,296600
20221114,10:54:25,18560.00,50,296600
20221114,10:55:40,18556.70,50,296600
20221114,10:55:45,18559.95,50,296600
20221114,10:56:09,18560.00,100,296600
20221114,10:57:03,18560.00,50,296600
20221114,10:57:49,18559.20,50,296600
20221114,10:57:58,18558.65,50,296600
20221114,10:58:19,18556.00,100,296600
20221114,10:58:21,18555.00,50,296600
20221114,10:59:11,18555.00,50,296600
20221114,10:59:24,18555.00,50,296600
20221114,10:59:45,18552.10,50,296400
20221114,11:00:03,18552.05,300,296400
20221114,11:00:13,18552.35,50,296400
20221114,11:00:21,18551.40,200,296400
20221114,11:00:30,18551.70,100,296400
20221114,11:00:56,18555.00,50,296400
20221114,11:00:59,18557.50,50,296400
20221114,11:01:38,18558.15,50,296400
20221114,11:02:48,18558.00,100,296550
20221114,11:03:15,18558.65,50,296550
20221114,11:03:53,18558.00,50,296550
20221114,11:03:58,18555.70,50,296550
20221114,11:04:04,18556.10,100,296550
20221114,11:04:08,18556.25,50,296550
20221114,11:04:14,18556.60,50,296550
20221114,11:04:18,18557.25,50,296550
20221114,11:04:22,18556.95,50,296550
20221114,11:04:27,18555.65,50,296550
20221114,11:04:32,18556.05,50,296550
20221114,11:04:46,18558.00,300,296550
20221114,11:04:47,18558.00,200,296550
20221114,11:04:49,18559.95,50,296550
20221114,11:04:50,18556.75,50,296550
20221114,11:06:15,18555.00,50,296650
20221114,11:06:53,18551.00,50,296650
20221114,11:07:37,18549.00,100,296650
20221114,11:08:41,18550.00,50,296550
20221114,11:08:52,18550.00,50,296550
20221114,11:09:28,18545.00,100,296550
20221114,11:10:00,18548.60,50,296550
20221114,11:10:25,18549.00,50,296550
20221114,11:10:49,18547.75,50,296550
20221114,11:11:17,18546.60,50,296550
20221114,11:11:45,18547.35,100,296650
20221114,11:12:05,18550.00,50,296650
20221114,11:13:01,18547.25,50,296650
20221114,11:15:17,18547.25,50,296650
20221114,11:15:31,18547.25,50,296650
20221114,11:15:48,18547.70,50,296650
20221114,11:15:57,18547.15,50,296650
20221114,11:17:59,18545.50,50,296650
20221114,11:18:30,18545.05,50,296700
20221114,11:18:41,18545.00,50,296700
20221114,11:19:35,18545.00,50,296700
20221114,11:20:11,18546.00,50,296700
20221114,11:20:15,18548.95,50,296700
20221114,11:22:36,18550.00,50,296750
20221114,11:24:03,18548.95,50,296750
20221114,11:25:01,18547.75,50,296750
20221114,11:25:31,18544.00,50,296750
20221114,11:25:46,18540.05,200,296750
20221114,11:25:57,18543.30,50,296750
20221114,11:26:19,18543.05,50,296750
20221114,11:26:34,18545.80,50,296750
20221114,11:26:48,18545.75,200,296800
20221114,11:26:50,18551.75,50,296800
20221114,11:27:30,18548.65,150,296800
20221114,11:28:10,18546.55,50,296800
20221114,11:29:52,18545.00,50,296700
20221114,11:30:00,18545.00,50,296700
20221114,11:30:41,18543.85,50,296700
20221114,11:31:06,18544.00,100,296700
20221114,11:31:16,18544.50,50,296700
20221114,11:31:31,18544.50,50,296700
20221114,11:33:17,18540.65,50,296800
20221114,11:33:59,18540.00,200,296800
20221114,11:35:18,18536.70,50,296800
20221114,11:37:28,18537.95,50,296950
20221114,11:40:01,18542.00,50,296950
20221114,11:40:25,18543.05,50,296950
20221114,11:40:31,18549.95,50,296950
20221114,11:43:13,18549.00,100,297000
20221114,11:44:11,18550.95,100,297000
20221114,11:45:32,18549.65,100,297000
20221114,11:45:33,18550.00,100,297000
20221114,11:46:14,18546.60,50,297000
20221114,11:46:49,18543.20,50,297000
20221114,11:46:57,18543.20,50,297000
20221114,11:47:00,18543.55,50,297000
20221114,11:47:02,18540.00,150,297000
20221114,11:47:03,18539.50,100,297000
20221114,11:48:57,18540.00,50,297050
20221114,11:49:25,18543.70,50,297050
20221114,11:49:37,18542.70,50,297050
20221114,11:49:54,18540.00,50,297050
20221114,11:50:45,18541.55,50,297050
20221114,11:51:36,18541.75,50,297000
20221114,11:52:52,18548.45,50,297000
20221114,11:52:57,18548.80,50,297000
20221114,11:55:14,18547.00,150,296850
20221114,11:55:16,18549.00,50,296850
20221114,11:56:21,18548.45,50,296850
20221114,11:56:41,18548.50,50,296850
20221114,11:57:13,18547.00,50,297000
20221114,12:00:13,18545.55,50,297050
20221114,12:00:52,18545.65,50,297050
20221114,12:01:42,18545.50,50,297050
20221114,12:01:46,18545.00,50,297050
20221114,12:02:05,18543.30,50,297050
20221114,12:02:12,18541.70,50,297050
20221114,12:02:40,18541.60,50,297050
20221114,12:02:56,18538.05,50,297050
20221114,12:03:05,18538.05,50,297050
20221114,12:07:33,18538.20,50,297050
20221114,12:09:08,18542.00,500,297050
20221114,12:10:04,18539.00,50,297050
20221114,12:10:55,18540.55,50,297050
20221114,12:11:04,18543.10,50,297050
20221114,12:11:11,18547.50,50,297050
20221114,12:11:34,18547.50,50,297050
20221114,12:12:34,18543.95,50,297600
20221114,12:13:08,18543.10,50,297600
20221114,12:13:11,18544.80,100,297600
20221114,12:13:13,18542.85,300,297600
20221114,12:13:15,18538.30,350,297600
20221114,12:13:18,18542.85,150,297600
20221114,12:13:26,18537.00,500,297600
20221114,12:13:28,18535.05,50,297600
20221114,12:13:29,18537.70,50,297600
20221114,12:13:31,18535.00,100,297600
20221114,12:13:32,18535.00,50,297600
20221114,12:13:33,18535.00,300,297600
20221114,12:13:38,18534.15,50,297600
20221114,12:13:43,18538.40,100,297600
20221114,12:13:56,18535.00,100,297600
20221114,12:13:59,18539.50,50,297600
20221114,12:14:41,18544.40,50,297600
20221114,12:15:13,18547.70,50,296950
20221114,12:15:21,18550.95,50,296950
20221114,12:15:26,18551.00,100,296950
20221114,12:15:27,18555.00,50,296950
20221114,12:15:36,18555.00,50,296950
20221114,12:16:07,18555.00,150,296950
20221114,12:16:27,18549.30,100,296950
20221114,12:16:35,18554.00,50,296950
20221114,12:16:42,18553.30,50,296950
20221114,12:21:02,18550.00,50,296950
20221114,12:21:16,18555.00,50,297050
20221114,12:21:40,18555.00,950,297050
20221114,12:21:51,18550.00,100,297050
20221114,12:21:54,18551.00,50,297050
20221114,12:23:03,18554.95,50,297050
20221114,12:24:02,18555.00,100,296400
20221114,12:24:15,18556.25,50,296400
20221114,12:24:24,18554.45,50,296400
20221114,12:24:33,18553.45,100,296400
20221114,12:24:36,18552.65,50,296400
20221114,12:24:45,18551.80,50,296400
20221114,12:24:47,18551.90,150,296400
20221114,12:24:48,18551.25,150,296400
20221114,12:24:48,18550.55,50,296400
20221114,12:24:50,18549.80,200,296400
20221114,12:25:04,18550.00,150,296400
20221114,12:26:39,18549.70,50,296400
20221114,12:27:05,18551.70,50,297300
20221114,12:27:56,18548.95,100,297300
20221114,12:28:29,18550.40,100,297300
20221114,12:29:24,18553.20,50,297300
20221114,12:29:36,18554.05,100,297300
20221114,12:30:26,18553.05,50,297400
20221114,12:30:51,18555.00,50,297400
20221114,12:30:59,18555.00,50,297400
20221114,12:31:01,18555.00,50,297400
20221114,12:31:08,18555.00,100,297400
20221114,12:31:10,18555.00,50,297400
20221114,12:31:11,18555.00,100,297400
20221114,12:31:15,18555.00,50,297400
20221114,12:31:18,18552.20,50,297400
20221114,12:31:26,18552.20,50,297400
20221114,12:32:31,18552.85,50,297400
20221114,12:33:04,18550.95,200,297000
20221114,12:33:54,18550.00,50,297000
20221114,12:37:10,18549.80,50,297000
20221114,12:37:16,18550.00,50,297000
20221114,12:37:17,18553.00,50,297000
20221114,12:37:20,18551.65,50,297000
20221114,12:37:50,18549.35,50,297000
20221114,12:38:03,18548.25,50,297000
20221114,12:38:05,18544.95,150,297000
20221114,12:38:21,18546.00,50,297000
20221114,12:39:19,18542.35,50,297000
20221114,12:39:58,18540.35,50,297100
20221114,12:40:04,18542.00,50,297100
20221114,12:40:11,18540.90,100,297100
20221114,12:41:00,18543.30,50,297100
20221114,12:42:30,18547.80,50,297100
20221114,12:43:50,18547.00,50,297100
20221114,12:44:18,18549.00,50,297100
20221114,12:44:22,18550.55,50,297100
20221114,12:44:31,18550.45,50,297100
20221114,12:44:33,18550.40,50,297100
20221114,12:44:48,18550.30,50,297100
20221114,12:45:03,18551.00,50,297150
20221114,12:45:15,18551.05,50,297150
20221114,12:45:30,18550.40,50,297150
20221114,12:45:42,18547.20,200,297150
20221114,12:46:06,18550.30,200,297150
20221114,12:46:32,18548.60,200,297150
20221114,12:51:30,18547.45,50,297350
20221114,12:51:54,18548.00,50,297350
20221114,12:53:42,18551.30,50,297350
20221114,12:54:44,18548.65,50,297400
20221114,12:56:09,18548.75,100,297400
20221114,12:56:10,18548.00,50,297400
20221114,12:56:44,18546.45,150,297400
20221114,12:57:10,18545.20,150,297400
20221114,12:57:38,18545.00,50,297400
20221114,12:58:37,18541.95,100,297400
20221114,12:59:03,18542.55,150,297400
20221114,12:59:27,18545.00,150,297400
20221114,13:00:00,18545.00,150,297400
20221114,13:00:01,18549.50,50,297550
20221114,13:00:05,18544.70,100,297550
20221114,13:00:09,18554.60,100,297550
20221114,13:00:25,18551.70,50,297550
20221114,13:01:39,18544.00,50,297550
20221114,13:01:43,18540.00,300,297550
20221114,13:01:48,18537.15,50,297550
20221114,13:02:40,18544.00,50,297550
20221114,13:03:39,18546.15,50,297550
20221114,13:04:21,18550.55,50,297500
20221114,13:05:06,18551.95,150,297500
20221114,13:05:14,18553.60,100,297500
20221114,13:05:21,18555.20,50,297500
20221114,13:05:27,18555.45,100,297500
20221114,13:05:53,18555.50,50,297500
20221114,13:05:59,18559.95,50,297500
20221114,13:06:02,18560.00,100,297500
20221114,13:06:06,18562.00,50,297650
20221114,13:06:10,18562.00,50,297650
20221114,13:06:21,18565.75,50,297650
20221114,13:06:33,18562.40,100,297650
20221114,13:06:59,18561.90,100,297650
20221114,13:07:04,18559.75,200,297650
20221114,13:08:04,18561.00,50,297650
20221114,13:08:14,18563.45,50,297650
20221114,13:08:18,18559.75,150,297650
20221114,13:08:23,18562.55,50,297650
20221114,13:08:32,18559.75,50,297650
20221114,13:08:34,18562.00,50,297650
20221114,13:08:55,18558.90,50,297650
20221114,13:09:08,18561.30,50,297800
20221114,13:09:15,18558.05,50,297800
20221114,13:09:22,18558.05,50,297800
20221114,13:10:03,18559.05,50,297800
20221114,13:10:32,18559.00,300,297800
20221114,13:14:39,18558.50,50,297900
20221114,13:16:28,18558.50,50,297900
20221114,13:19:52,18558.05,50,297900
20221114,13:21:17,18560.45,50,297850
20221114,13:23:21,18565.00,50,297850
20221114,13:23:23,18565.00,150,297850
20221114,13:23:45,18573.55,200,297850
20221114,13:23:57,18570.55,50,297850
20221114,13:24:14,18570.55,50,297550
20221114,13:24:27,18570.00,50,297550
20221114,13:24:31,18570.55,300,297550
20221114,13:24:32,18570.70,200,297550
20221114,13:25:11,18570.00,300,297550
20221114,13:25:24,18569.55,50,297550
20221114,13:25:35,18570.10,50,297550
20221114,13:26:38,18568.90,50,297550
20221114,13:26:47,18569.55,50,297550
20221114,13:27:17,18570.75,50,297550
20221114,13:28:15,18572.00,50,298500
20221114,13:28:20,18572.00,50,298500
20221114,13:30:06,18572.00,50,298500
20221114,13:30:07,18572.00,50,298500
20221114,13:30:14,18573.60,50,298450
20221114,13:30:16,18579.55,300,298450
20221114,13:30:33,18579.00,50,298450
20221114,13:30:35,18580.00,50,298450
20221114,13:30:42,18580.95,50,298450
20221114,13:30:49,18580.60,100,298450
20221114,13:31:38,18580.95,50,298450
20221114,13:31:52,18580.95,50,298450
20221114,13:31:53,18581.00,50,298450
20221114,13:32:02,18581.00,100,298450
20221114,13:33:22,18581.90,50,298550
20221114,13:33:23,18582.80,50,298550
20221114,13:33:26,18583.15,200,298550
20221114,13:33:31,18583.15,50,298550
20221114,13:33:53,18582.00,100,298550
20221114,13:33:56,18583.00,100,298550
20221114,13:34:24,18581.00,50,298550
20221114,13:34:29,18582.45,50,298550
20221114,13:34:44,18580.25,100,298550
20221114,13:35:52,18579.45,50,298550
20221114,13:36:02,18578.00,50,298550
20221114,13:36:08,18579.45,50,298500
20221114,13:36:13,18578.00,50,298500
20221114,13:36:15,18578.00,50,298500
20221114,13:36:28,18578.00,50,298500
20221114,13:36:29,18578.00,50,298500
20221114,13:36:40,18578.00,50,298500
20221114,13:36:53,18576.00,50,298500
20221114,13:37:00,18578.00,50,298500
20221114,13:37:34,18578.00,50,298500
20221114,13:37:47,18578.00,50,298500
20221114,13:37:58,18578.00,100,298500
20221114,13:38:14,18576.45,50,298500
20221114,13:38:27,18579.95,50,298500
20221114,13:38:38,18578.00,50,298500
20221114,13:38:42,18580.00,50,298500
20221114,13:38:45,18580.00,50,298500
20221114,13:39:03,18582.95,50,298500
20221114,13:39:11,18580.40,50,298900
20221114,13:39:16,18582.30,50,298900
20221114,13:39:27,18583.00,50,298900
20221114,13:39:35,18583.70,50,298900
20221114,13:39:36,18582.00,50,298900
20221114,13:39:37,18583.65,50,298900
20221114,13:39:44,18583.75,50,298900
20221114,13:39:50,18583.80,50,298900
20221114,13:40:08,18583.50,200,298900
20221114,13:40:09,18584.35,50,298900
20221114,13:40:11,18583.45,50,298900
20221114,13:40:23,18583.40,150,298900
20221114,13:40:34,18582.60,50,298900
20221114,13:40:35,18582.60,400,298900
20221114,13:40:36,18582.60,200,298900
20221114,13:40:44,18582.65,50,298900
20221114,13:40:48,18582.00,500,298900
20221114,13:41:13,18581.95,100,298900
20221114,13:41:24,18581.00,50,298900
20221114,13:41:27,18580.00,50,298900
20221114,13:41:40,18583.65,100,298900
20221114,13:41:55,18583.65,50,298900
20221114,13:43:00,18584.00,50,300900
20221114,13:43:05,18585.00,50,300900
20221114,13:43:12,18589.75,400,300900
20221114,13:43:14,18589.95,100,300900
20221114,13:43:21,18591.00,250,300900
20221114,13:43:23,18593.45,50,300900
20221114,13:43:25,18593.50,50,300900
20221114,13:43:26,18592.40,50,300900
20221114,13:43:29,18592.70,100,300900
20221114,13:43:48,18593.90,50,300900
20221114,13:43:52,18593.90,50,300900
20221114,13:43:59,18593.00,50,300900
20221114,13:44:04,18594.20,50,300900
20221114,13:44:05,18598.00,150,300900
20221114,13:44:06,18598.00,50,300900
20221114,13:44:18,18594.15,150,300900
20221114,13:44:19,18597.40,50,300900
20221114,13:44:19,18596.95,100,300900
20221114,13:44:53,18598.00,1000,300900
20221114,13:45:23,18594.00,50,301550
20221114,13:45:37,18594.50,50,301550
20221114,13:45:45,18594.10,50,301550
20221114,13:46:10,18594.10,50,301550
20221114,13:46:13,18595.00,50,301550
20221114,13:46:26,18592.10,100,301550
20221114,13:47:05,18595.00,50,301550
20221114,13:47:15,18591.90,50,301550
20221114,13:48:04,18592.05,50,301550
20221114,13:48:16,18593.00,50,301750
20221114,13:48:24,18593.00,50,301750
20221114,13:48:35,18591.40,50,301750
20221114,13:49:14,18591.40,100,301750
20221114,13:49:41,18591.00,50,301750
20221114,13:50:05,18591.00,100,301750
20221114,13:50:09,18591.00,100,301750
20221114,13:50:24,18592.95,50,301750
20221114,13:50:32,18589.00,150,301750
20221114,13:50:33,18591.90,50,301750
20221114,13:50:37,18590.00,50,301750
20221114,13:51:00,18590.00,50,301750
20221114,13:51:22,18590.75,50,301700
20221114,13:51:24,18589.45,100,301700
20221114,13:51:44,18589.70,50,301700
20221114,13:52:00,18585.70,100,301700
20221114,13:52:20,18585.70,50,301700
20221114,13:52:22,18587.45,50,301700
20221114,13:52:46,18587.90,50,301700
20221114,13:53:02,18585.35,50,301700
20221114,13:53:43,18589.00,50,301700
20221114,13:54:57,18589.00,50,302000
20221114,13:55:44,18589.00,50,302000
20221114,13:56:13,18589.95,50,302000
20221114,13:56:45,18589.65,50,302000
20221114,13:57:14,18589.65,50,302000
20221114,13:57:36,18589.60,50,302050
20221114,13:58:05,18584.95,100,302050
20221114,13:58:30,18582.10,100,302050
20221114,13:58:33,18580.00,50,302050
20221114,13:58:53,18581.45,50,302050
20221114,13:59:07,18579.05,100,302050
20221114,13:59:12,18579.10,50,302050
20221114,13:59:13,18576.70,50,302050
20221114,13:59:18,18576.00,50,302050
20221114,13:59:23,18576.00,50,302050
20221114,13:59:51,18576.20,50,302050
20221114,14:00:14,18577.40,50,302550
20221114,14:00:22,18583.90,100,302550
20221114,14:00:39,18585.60,100,302550
20221114,14:00:50,18585.80,150,302550
20221114,14:00:55,18585.75,50,302550
20221114,14:01:00,18583.20,50,302550
20221114,14:01:23,18585.00,50,302550
20221114,14:01:47,18585.25,100,302550
20221114,14:01:53,18584.40,50,302550
20221114,14:01:54,18584.40,100,302550
20221114,14:02:06,18583.50,50,302550
20221114,14:02:26,18584.35,50,302550
20221114,14:02:33,18582.95,150,302550
20221114,14:02:51,18586.45,50,302550
20221114,14:03:00,18586.45,50,302550
20221114,14:03:24,18586.30,50,303100
20221114,14:03:25,18586.00,50,303100
20221114,14:04:41,18584.10,50,303100
20221114,14:04:49,18586.60,100,303100
20221114,14:05:02,18586.35,50,303100
20221114,14:05:10,18586.60,150,303100
20221114,14:05:15,18587.80,50,303100
20221114,14:05:44,18587.80,400,303100
20221114,14:05:47,18587.95,50,303100
20221114,14:06:32,18586.80,50,303500
20221114,14:06:50,18587.25,50,303500
20221114,14:07:02,18588.30,50,303500
20221114,14:07:03,18587.25,100,303500
20221114,14:07:20,18585.85,50,303500
20221114,14:07:21,18587.20,100,303500
20221114,14:07:28,18585.00,50,303500
20221114,14:07:32,18584.95,50,303500
20221114,14:07:33,18584.95,400,303500
20221114,14:07:40,18584.15,100,303500
20221114,14:08:57,18586.40,50,303500
20221114,14:09:19,18588.30,100,303500
20221114,14:09:20,18588.35,50,304550
20221114,14:09:26,18588.25,100,304550
20221114,14:09:56,18586.95,50,304550
20221114,14:10:04,18587.00,100,304550
20221114,14:10:09,18588.05,50,304550
20221114,14:10:10,18587.95,100,304550
20221114,14:10:14,18588.05,150,304550
20221114,14:10:28,18588.35,50,304550
20221114,14:10:31,18589.00,50,304550
20221114,14:10:57,18590.00,50,304550
20221114,14:10:58,18590.00,50,304550
20221114,14:11:10,18591.00,50,304550
20221114,14:11:25,18591.90,50,304550
20221114,14:11:58,18595.00,150,304550
20221114,14:12:10,18594.45,50,304550
20221114,14:12:25,18594.40,100,305300
20221114,14:12:39,18594.80,100,305300
20221114,14:12:43,18594.75,50,305300
20221114,14:12:50,18595.00,50,305300
20221114,14:12:59,18595.35,350,305300
20221114,14:13:23,18595.85,100,305300
20221114,14:13:27,18595.35,50,305300
20221114,14:13:47,18594.05,50,305300
20221114,14:13:50,18593.55,100,305300
20221114,14:13:52,18595.00,50,305300
20221114,14:13:58,18596.00,150,305300
20221114,14:14:01,18595.05,50,305300
20221114,14:14:34,18596.30,200,305300
20221114,14:14:52,18594.50,50,305300
20221114,14:15:03,18596.30,200,305300
20221114,14:15:20,18593.30,50,305750
20221114,14:15:31,18592.90,50,305750
20221114,14:15:44,18592.00,50,305750
20221114,14:15:56,18591.55,50,305750
20221114,14:15:58,18592.00,50,305750
20221114,14:16:32,18590.50,50,305750
20221114,14:16:39,18590.30,100,305750
20221114,14:16:46,18590.20,50,305750
20221114,14:17:01,18591.00,100,305750
20221114,14:17:02,18591.00,100,305750
20221114,14:17:17,18591.00,50,305750
20221114,14:17:20,18592.00,100,305750
20221114,14:17:36,18593.10,50,305750
20221114,14:17:55,18593.10,50,305750
20221114,14:18:19,18592.90,200,306350
20221114,14:18:36,18594.15,100,306350
20221114,14:18:57,18594.00,50,306350
20221114,14:18:59,18593.90,50,306350
20221114,14:19:00,18593.90,100,306350
20221114,14:19:10,18594.00,100,306350
20221114,14:19:11,18592.85,50,306350
20221114,14:19:13,18593.80,50,306350
20221114,14:19:16,18592.70,50,306350
20221114,14:19:26,18592.60,100,306350
20221114,14:19:34,18592.55,50,306350
20221114,14:19:38,18593.95,50,306350
20221114,14:19:41,18593.95,150,306350
20221114,14:19:42,18593.95,150,306350
20221114,14:19:48,18593.90,150,306350
20221114,14:19:52,18593.70,550,306350
20221114,14:19:55,18591.70,100,306350
20221114,14:20:12,18591.60,50,306350
20221114,14:20:17,18590.00,200,306350
20221114,14:20:24,18590.05,50,306350
20221114,14:20:29,18589.95,50,306350
20221114,14:20:34,18589.00,50,306350
20221114,14:20:38,18587.25,100,306350
20221114,14:20:52,18586.35,100,306350
20221114,14:21:08,18588.85,100,306350
20221114,14:21:56,18587.00,50,308200
20221114,14:22:23,18585.00,50,308200
20221114,14:22:24,18585.00,50,308200
20221114,14:22:25,18585.00,50,308200
20221114,14:22:26,18584.90,100,308200
20221114,14:22:34,18584.95,50,308200
20221114,14:22:37,18582.95,50,308200
20221114,14:22:40,18584.40,50,308200
20221114,14:23:13,18585.00,100,308200
20221114,14:23:15,18585.00,50,308200
20221114,14:23:46,18587.60,50,308200
20221114,14:23:54,18583.90,150,308200
20221114,14:24:41,18579.90,150,308800
20221114,14:24:43,18578.95,100,308800
20221114,14:24:43,18578.90,100,308800
20221114,14:24:44,18578.90,100,308800
20221114,14:24:47,18578.05,50,308800
20221114,14:26:00,18583.90,200,308800
20221114,14:26:12,18585.05,50,308800
20221114,14:26:15,18584.00,100,308800
20221114,14:27:20,18589.60,50,309400
20221114,14:27:29,18589.30,50,309400
20221114,14:27:40,18589.10,50,309400
20221114,14:28:09,18587.80,50,309400
20221114,14:28:17,18586.10,50,309400
20221114,14:28:27,18585.15,50,309400
20221114,14:28:30,18585.15,50,309400
20221114,14:28:32,18585.15,50,309400
20221114,14:28:56,18586.00,50,309400
20221114,14:29:01,18586.65,50,309400
20221114,14:29:03,18586.70,50,309400
20221114,14:29:15,18584.75,50,309400
20221114,14:29:41,18589.00,50,309400
20221114,14:29:43,18589.60,50,309400
20221114,14:29:46,18590.30,50,309400
20221114,14:29:50,18589.15,50,309400
20221114,14:29:53,18587.60,50,309400
20221114,14:29:58,18588.65,50,309400
20221114,14:30:00,18588.40,100,309400
20221114,14:30:02,18589.15,50,309400
20221114,14:30:12,18589.00,50,309400
20221114,14:30:18,18590.40,50,309400
20221114,14:30:45,18585.85,50,310450
20221114,14:30:49,18585.00,50,310450
20221114,14:31:01,18584.10,50,310450
20221114,14:31:06,18585.00,150,310450
20221114,14:31:07,18582.90,50,310450
20221114,14:31:15,18582.55,50,310450
20221114,14:31:17,18581.10,150,310450
20221114,14:31:18,18580.00,200,310450
20221114,14:31:20,18578.10,50,310450
20221114,14:31:22,18578.15,50,310450
20221114,14:31:23,18579.65,50,310450
20221114,14:31:24,18578.10,50,310450
20221114,14:31:25,18576.00,100,310450
20221114,14:31:26,18578.00,150,310450
20221114,14:31:28,18577.90,50,310450
20221114,14:31:29,18579.45,50,310450
20221114,14:31:30,18579.30,50,310450
20221114,14:31:33,18580.05,50,310450
20221114,14:31:44,18580.10,50,310450
20221114,14:31:57,18581.00,50,310450
20221114,14:32:07,18581.80,50,310450
20221114,14:32:08,18580.50,200,310450
20221114,14:32:10,18579.20,50,310450
20221114,14:32:13,18580.25,50,310450
20221114,14:32:21,18580.05,50,310450
20221114,14:32:23,18579.25,50,310450
20221114,14:32:35,18580.10,100,310450
20221114,14:32:45,18582.20,50,310450
20221114,14:34:14,18581.10,50,310450
20221114,14:34:37,18583.55,50,312500
20221114,14:34:47,18579.10,50,312500
20221114,14:35:08,18580.00,100,312500
20221114,14:35:20,18580.00,50,312500
20221114,14:35:27,18581.75,100,312500
20221114,14:35:59,18580.80,100,312500
20221114,14:36:55,18581.00,50,312600
20221114,14:37:23,18578.60,50,312600
20221114,14:37:34,18575.00,150,312600
20221114,14:37:43,18572.00,50,312600
20221114,14:37:52,18574.40,100,312600
20221114,14:37:55,18571.60,200,312600
20221114,14:38:04,18570.00,150,312600
20221114,14:38:08,18569.10,50,312600
20221114,14:38:11,18568.00,50,312600
20221114,14:38:13,18567.75,50,312600
20221114,14:38:15,18566.10,450,312600
20221114,14:38:40,18568.90,150,312600
20221114,14:38:50,18569.90,100,312600
20221114,14:39:03,18567.10,150,312600
20221114,14:40:16,18570.35,200,313950
20221114,14:40:19,18570.35,200,313950
20221114,14:40:39,18574.50,50,313950
20221114,14:40:48,18574.95,50,313950
20221114,14:40:59,18570.50,50,313950
20221114,14:41:02,18572.75,50,313950
20221114,14:41:06,18569.15,50,313950
20221114,14:41:26,18570.00,50,313950
20221114,14:41:35,18570.00,50,313950
20221114,14:42:29,18570.10,50,314100
20221114,14:42:31,18570.00,50,314100
20221114,14:42:36,18569.10,500,314100
20221114,14:42:38,18569.10,100,314100
20221114,14:43:24,18570.10,50,314100
20221114,14:44:03,18572.50,100,314100
20221114,14:44:52,18568.90,100,314100
20221114,14:45:01,18565.00,100,314100
20221114,14:45:02,18564.75,150,314100
20221114,14:45:03,18563.80,50,314100
20221114,14:45:04,18563.00,200,314100
20221114,14:45:08,18561.10,50,314100
20221114,14:45:29,18562.20,50,315150
20221114,14:45:53,18569.85,50,315150
20221114,14:46:04,18567.20,50,315150
20221114,14:46:42,18566.00,50,315150
20221114,14:47:12,18567.00,50,315150
20221114,14:47:14,18567.00,50,315150
20221114,14:47:17,18565.60,50,315150
20221114,14:47:56,18567.10,50,315150
20221114,14:48:21,18566.10,50,315400
20221114,14:48:22,18565.00,100,315400
20221114,14:48:48,18561.60,50,315400
20221114,14:48:53,18561.60,100,315400
20221114,14:48:54,18559.75,300,315400
20221114,14:49:15,18558.35,50,315400
20221114,14:49:20,18561.10,50,315400
20221114,14:50:05,18561.10,50,315400
20221114,14:50:44,18559.00,50,315400
20221114,14:51:18,18560.00,50,315400
20221114,14:51:25,18560.70,50,315950
20221114,14:51:35,18560.00,50,315950
20221114,14:52:25,18559.20,50,315950
20221114,14:52:26,18556.40,100,315950
20221114,14:52:28,18555.00,50,315950
20221114,14:52:42,18555.00,50,315950
20221114,14:52:55,18555.00,200,315950
20221114,14:53:47,18560.00,50,315950
20221114,14:54:22,18560.00,50,315950
20221114,14:55:13,18557.00,50,316000
20221114,14:55:24,18553.00,50,316000
20221114,14:55:31,18552.00,50,316000
20221114,14:56:06,18552.10,100,316000
20221114,14:56:29,18551.80,50,316000
20221114,14:57:17,18552.00,50,316000
20221114,14:57:19,18550.00,100,316000
20221114,14:57:33,18550.00,50,316250
20221114,14:57:42,18550.00,50,316250
20221114,14:57:46,18550.00,50,316250
20221114,14:58:53,18556.15,50,316250
20221114,14:59:00,18556.10,50,316250
20221114,14:59:01,18556.10,50,316250
20221114,14:59:09,18556.15,100,316250
20221114,14:59:10,18556.10,50,316250
20221114,14:59:18,18558.10,50,316250
20221114,14:59:22,18560.00,50,316250
20221114,14:59:27,18559.35,50,316250
20221114,14:59:36,18557.90,50,316250
20221114,15:00:07,18563.80,50,316250
20221114,15:00:41,18568.15,50,316650
20221114,15:00:45,18566.00,50,316650
20221114,15:01:07,18568.30,50,316650
20221114,15:01:15,18566.00,50,316650
20221114,15:01:19,18564.00,100,316650
20221114,15:01:32,18564.75,50,316650
20221114,15:02:20,18565.00,50,316650
20221114,15:02:52,18565.00,50,316650
20221114,15:02:55,18563.75,50,316650
20221114,15:03:04,18560.00,100,316650
20221114,15:03:55,18560.20,50,316850
20221114,15:03:59,18560.75,50,316850
20221114,15:04:00,18557.45,50,316850
20221114,15:04:26,18549.95,150,316850
20221114,15:04:43,18546.35,100,316850
20221114,15:04:45,18544.70,50,316850
20221114,15:04:48,18543.60,50,316850
20221114,15:04:49,18543.00,50,316850
20221114,15:05:01,18542.10,50,316850
20221114,15:05:03,18538.00,1050,316850
20221114,15:05:05,18537.70,1250,316850
20221114,15:05:08,18535.00,50,316850
20221114,15:05:09,18536.40,50,316850
20221114,15:05:18,18536.45,100,316850
20221114,15:05:42,18543.00,50,316850
20221114,15:05:43,18542.90,50,316850
20221114,15:05:54,18541.15,100,316850
20221114,15:05:57,18540.00,50,316850
20221114,15:05:59,18541.10,50,316850
20221114,15:06:30,18541.00,100,318250
20221114,15:06:35,18544.55,100,318250
20221114,15:06:56,18540.00,50,318250
20221114,15:07:40,18541.85,150,318250
20221114,15:07:47,18541.85,50,318250
20221114,15:07:54,18541.85,50,318250
20221114,15:08:56,18542.10,200,318250
20221114,15:08:59,18543.00,50,318250
20221114,15:09:02,18542.10,150,318250
20221114,15:09:05,18541.10,50,318250
20221114,15:09:06,18541.00,50,318250
20221114,15:09:07,18540.15,50,318250
20221114,15:09:08,18539.55,100,318250
20221114,15:09:13,18539.10,300,318250
20221114,15:09:20,18541.85,50,318250
20221114,15:09:38,18539.55,50,319100
20221114,15:10:25,18542.15,150,319100
20221114,15:10:38,18542.10,50,319100
20221114,15:10:40,18542.10,50,319100
20221114,15:10:41,18541.10,50,319100
20221114,15:10:44,18540.00,50,319100
20221114,15:10:45,18540.00,100,319100
20221114,15:11:00,18542.15,50,319100
20221114,15:11:02,18540.00,50,319100
20221114,15:11:25,18542.15,50,319100
20221114,15:11:37,18542.20,50,319100
20221114,15:11:44,18542.00,50,319100
20221114,15:11:47,18542.00,50,319100
20221114,15:11:53,18542.00,100,319100
20221114,15:12:10,18540.00,50,319100
20221114,15:12:12,18540.00,50,319100
20221114,15:12:13,18540.00,100,319100
20221114,15:12:15,18540.00,550,319100
20221114,15:12:16,18540.00,50,319100
20221114,15:12:21,18540.00,100,319100
20221114,15:12:36,18538.15,50,319600
20221114,15:12:41,18538.00,50,319600
20221114,15:12:50,18535.15,50,319600
20221114,15:12:50,18535.10,100,319600
20221114,15:12:54,18535.05,50,319600
20221114,15:12:55,18535.05,100,319600
20221114,15:12:58,18536.55,50,319600
20221114,15:13:03,18539.45,50,319600
20221114,15:13:04,18538.65,50,319600
20221114,15:13:15,18535.00,200,319600
20221114,15:13:24,18536.95,50,319600
20221114,15:13:47,18537.00,50,319600
20221114,15:14:01,18540.30,50,319600
20221114,15:14:02,18536.75,1050,319600
20221114,15:14:10,18538.10,50,319600
20221114,15:14:23,18537.00,1000,319600
20221114,15:14:24,18541.30,50,319600
20221114,15:14:43,18539.00,500,319600
20221114,15:15:08,18542.70,50,319600
20221114,15:15:40,18546.65,100,321350
20221114,15:15:50,18547.20,50,321350
20221114,15:16:09,18546.15,50,321350
20221114,15:16:12,18540.00,1000,321350
20221114,15:16:17,18545.30,50,321350
20221114,15:16:27,18543.15,100,321350
20221114,15:16:28,18543.05,50,321350
20221114,15:16:29,18541.25,50,321350
20221114,15:16:46,18540.00,1000,321350
20221114,15:16:52,18544.30,50,321350
20221114,15:16:56,18542.05,50,321350
20221114,15:16:57,18543.50,100,321350
20221114,15:17:12,18538.00,50,321350
20221114,15:17:16,18537.00,100,321350
20221114,15:17:17,18537.00,150,321350
20221114,15:17:18,18537.00,250,321350
20221114,15:17:19,18537.00,50,321350
20221114,15:17:40,18537.05,50,321350
20221114,15:17:52,18537.00,100,321350
20221114,15:17:55,18537.00,400,321350
20221114,15:18:01,18537.00,50,321350
20221114,15:18:17,18537.00,50,321350
20221114,15:18:30,18535.00,200,323850
20221114,15:18:36,18535.00,50,323850
20221114,15:18:37,18535.85,50,323850
20221114,15:18:49,18534.00,50,323850
20221114,15:18:59,18534.00,50,323850
20221114,15:19:09,18533.25,50,323850
20221114,15:19:18,18533.00,50,323850
20221114,15:19:20,18533.25,50,323850
20221114,15:20:02,18533.25,50,323850
20221114,15:20:03,18533.20,50,323850
20221114,15:20:04,18533.20,50,323850
20221114,15:20:06,18533.20,100,323850
20221114,15:20:07,18533.00,400,323850
20221114,15:20:10,18531.50,50,323850
20221114,15:20:11,18533.00,50,323850
20221114,15:20:12,18530.90,150,323850
20221114,15:20:17,18530.00,300,323850
20221114,15:20:28,18530.00,500,323850
20221114,15:20:30,18529.00,100,323850
20221114,15:20:34,18527.10,50,323850
20221114,15:20:39,18527.10,50,323850
20221114,15:20:44,18525.35,100,323850
20221114,15:20:58,18525.35,50,323850
20221114,15:20:59,18525.30,50,323850
20221114,15:21:01,18525.30,50,323850
20221114,15:21:20,18526.20,50,323850
20221114,15:21:22,18525.50,150,323850
20221114,15:21:49,18525.00,350,325350
20221114,15:22:01,18525.00,1400,325350
20221114,15:22:02,18525.00,50,325350
20221114,15:22:03,18524.95,150,325350
20221114,15:22:15,18524.95,50,325350
20221114,15:22:30,18524.00,50,325350
20221114,15:22:33,18524.00,50,325350
20221114,15:23:06,18524.00,50,325350
20221114,15:23:10,18524.00,150,325350
20221114,15:23:11,18524.00,50,325350
20221114,15:23:13,18524.00,50,325350
20221114,15:23:23,18522.75,50,325350
20221114,15:23:24,18522.75,50,325350
20221114,15:23:37,18526.40,150,325350
20221114,15:23:48,18526.50,100,325350
20221114,15:24:00,18528.00,50,325350
20221114,15:24:26,18530.00,50,325350
20221114,15:24:58,18530.00,50,327500
20221114,15:25:01,18530.00,100,327500
20221114,15:25:06,18530.00,100,327500
20221114,15:25:22,18531.00,50,327500
20221114,15:25:29,18534.10,50,327500
20221114,15:26:18,18531.85,50,327500
20221114,15:26:37,18530.00,50,327500
20221114,15:26:44,18529.10,50,327500
20221114,15:26:59,18529.10,50,327500
20221114,15:27:04,18528.50,50,327500
20221114,15:27:17,18529.45,500,327500
20221114,15:27:18,18529.35,450,327500
20221114,15:27:18,18529.35,50,327500
20221114,15:27:31,18528.00,50,328200
20221114,15:27:32,18527.45,50,328200
20221114,15:27:46,18527.20,50,328200
20221114,15:27:56,18527.10,50,328200
20221114,15:27:58,18526.90,50,328200
20221114,15:28:08,18527.10,50,328200
20221114,15:28:36,18527.10,50,328200
20221114,15:28:51,18527.10,50,328200
20221114,15:28:55,18527.00,50,328200
20221114,15:29:01,18527.10,50,328200
20221114,15:29:04,18527.00,100,328200
20221114,15:29:08,18526.90,100,328200
20221114,15:29:13,18527.10,50,328200
20221114,15:29:14,18525.00,50,328200
20221114,15:29:22,18525.00,300,328200
20221114,15:29:27,18525.00,200,328200
20221114,15:29:29,18527.10,50,328200
20221114,15:29:31,18526.15,50,328200
20221114,15:29:34,18526.15,50,328200
20221114,15:29:44,18525.00,200,328200
20221114,15:29:48,18526.30,50,328200
20221114,15:29:57,18527.15,50,328200
