20221114,09:15:00,18432.70,1,12349350
20221114,09:15:00,18416.95,1,12349350
20221114,09:15:00,18439.90,3650,12349350
20221114,09:15:01,18443.95,2650,12349350
20221114,09:15:02,18430.00,4450,12349350
20221114,09:15:03,18429.60,6350,12349350
20221114,09:15:04,18424.10,3550,12349350
20221114,09:15:05,18433.10,5900,12349350
20221114,09:15:06,18435.50,3450,12349350
20221114,09:15:07,18434.15,3800,12349350
20221114,09:15:08,18437.20,2000,12349350
20221114,09:15:09,18427.30,1750,12349350
20221114,09:15:10,18420.15,5550,12349350
20221114,09:15:11,18412.45,6150,12349350
20221114,09:15:12,18411.00,2500,12349350
20221114,09:15:13,18410.60,1150,12349350
20221114,09:15:14,18424.00,4900,12349350
20221114,09:15:15,18421.35,250,12349350
20221114,09:15:16,18420.10,3100,12349350
20221114,09:15:17,18415.70,2050,12349350
20221114,09:15:18,18416.55,1200,12349350
20221114,09:15:19,18419.40,2750,12349350
20221114,09:15:21,18420.00,2050,12349350
20221114,09:15:21,18420.00,200,12349350
20221114,09:15:22,18413.70,1350,12349350
20221114,09:15:23,18413.70,1850,12349350
20221114,09:15:24,18409.00,5600,12349350
20221114,09:15:25,18408.00,1500,12349350
20221114,09:15:26,18412.05,2550,12349350
20221114,09:15:28,18410.00,1650,12349350
20221114,09:15:28,18410.00,300,12349350
20221114,09:15:29,18407.90,2500,12349350
20221114,09:15:30,18407.05,1350,12349350
20221114,09:15:31,18405.60,10850,12349350
20221114,09:15:33,18409.20,1700,12349350
20221114,09:15:33,18404.25,850,12349350
20221114,09:15:34,18404.10,500,12349350
20221114,09:15:35,18402.95,1350,12349350
20221114,09:15:36,18402.65,700,12349350
20221114,09:15:37,18402.30,900,12349350
20221114,09:15:38,18401.40,8500,12349350
20221114,09:15:40,18414.45,3250,12349350
20221114,09:15:40,18414.50,1950,12349350
20221114,09:15:41,18418.90,2300,12349350
20221114,09:15:42,18414.45,1000,12349350
20221114,09:15:43,18419.00,1400,12349350
20221114,09:15:45,18414.55,900,12349350
20221114,09:15:45,18418.50,50,12349350
20221114,09:15:46,18418.55,1550,12349350
20221114,09:15:47,18418.40,450,12349350
20221114,09:15:48,18418.50,450,12349350
20221114,09:15:49,18416.00,3950,12349350
20221114,09:15:51,18420.15,3700,12349350
20221114,09:15:51,18420.00,150,12349350
20221114,09:15:52,18424.00,1000,12349350
20221114,09:15:53,18421.30,500,12349350
20221114,09:15:54,18421.00,500,12349350
20221114,09:15:56,18421.70,3000,12349350
20221114,09:15:56,18422.35,150,12349350
20221114,09:15:57,18421.00,500,12349350
20221114,09:15:58,18422.00,1500,12349350
20221114,09:15:59,18421.05,650,12349350
20221114,09:16:00,18419.00,3700,12349350
20221114,09:16:02,18420.70,2850,12349350
20221114,09:16:02,18417.80,100,12349350
20221114,09:16:03,18416.70,1250,12349350
20221114,09:16:04,18420.00,150,12349350
20221114,09:16:05,18415.00,750,12349350
20221114,09:16:07,18418.10,600,12349350
20221114,09:16:07,18414.90,150,12349350
20221114,09:16:08,18415.55,950,12349350
20221114,09:16:09,18418.70,9000,12349350
20221114,09:16:10,18417.05,1150,12349350
20221114,09:16:11,18420.30,3100,12349350
20221114,09:16:13,18418.75,3100,12349350
20221114,09:16:13,18416.10,50,12349350
20221114,09:16:14,18419.45,3200,12349350
20221114,09:16:15,18420.25,400,12349350
20221114,09:16:16,18414.60,2450,12349350
20221114,09:16:17,18418.75,350,12349350
20221114,09:16:19,18419.00,450,12349350
20221114,09:16:20,18416.85,450,12349350
20221114,09:16:21,18415.85,950,12349350
20221114,09:16:22,18416.45,1500,12349350
20221114,09:16:24,18416.45,900,12349350
20221114,09:16:24,18416.25,50,12349350
20221114,09:16:25,18414.80,600,12349350
20221114,09:16:26,18414.80,1200,12349350
20221114,09:16:27,18414.50,650,12349350
20221114,09:16:28,18413.85,1450,12349350
20221114,09:16:29,18412.65,3500,12349350
20221114,09:16:31,18410.05,2850,12349350
20221114,09:16:31,18410.05,150,12349350
20221114,09:16:32,18411.25,2700,12349350
20221114,09:16:33,18414.20,2200,12349350
20221114,09:16:34,18412.50,5000,12349350
20221114,09:16:36,18412.55,450,12349350
20221114,09:16:36,18414.70,50,12349350
20221114,09:16:37,18414.80,250,12349350
20221114,09:16:38,18414.40,3700,12349350
20221114,09:16:39,18411.35,150,12349350
20221114,09:16:40,18411.35,1800,12349350
20221114,09:16:42,18412.50,250,12349350
20221114,09:16:42,18411.40,50,12349350
20221114,09:16:43,18415.00,1300,12349350
20221114,09:16:44,18414.45,1000,12349350
20221114,09:16:45,18415.00,2450,12349350
20221114,09:16:47,18414.85,850,12349350
20221114,09:16:48,18413.95,600,12349350
20221114,09:16:49,18413.45,250,12349350
20221114,09:16:50,18413.80,350,12349350
20221114,09:16:51,18413.05,1750,12349350
20221114,09:16:53,18410.60,2200,12349350
20221114,09:16:53,18411.90,200,12349350
20221114,09:16:54,18411.45,300,12349350
20221114,09:16:55,18410.00,700,12349350
20221114,09:16:56,18411.20,600,12349350
20221114,09:16:58,18409.95,600,12349350
20221114,09:16:58,18409.95,50,12349350
20221114,09:16:59,18409.90,900,12349350
20221114,09:17:00,18409.85,50,12349350
20221114,09:17:01,18408.60,1050,12349350
20221114,09:17:02,18406.70,150,12349350
20221114,09:17:04,18406.90,1250,12349350
20221114,09:17:04,18406.90,50,12349350
20221114,09:17:05,18411.30,5200,12349350
20221114,09:17:06,18410.05,500,12349350
20221114,09:17:07,18409.90,1550,12349350
20221114,09:17:08,18408.95,3700,12349350
20221114,09:17:10,18408.70,2750,12349350
20221114,09:17:10,18411.55,850,12349350
20221114,09:17:11,18410.60,1500,12349350
20221114,09:17:12,18411.50,1350,12349350
20221114,09:17:13,18411.90,2900,12349350
20221114,09:17:15,18411.85,2050,12349350
20221114,09:17:15,18411.20,400,12349350
20221114,09:17:16,18410.75,2150,12349350
20221114,09:17:17,18413.30,1300,12349350
20221114,09:17:18,18414.85,800,12349350
20221114,09:17:19,18415.00,1550,12349350
20221114,09:17:21,18416.00,1250,12349350
20221114,09:17:21,18416.00,350,12349350
20221114,09:17:22,18415.80,2900,12349350
20221114,09:17:23,18418.00,400,12370000
20221114,09:17:24,18419.00,1700,12370000
20221114,09:17:26,18419.30,600,12370000
20221114,09:17:27,18416.30,1050,12370000
20221114,09:17:27,18415.00,400,12370000
20221114,09:17:28,18415.65,400,12370000
20221114,09:17:29,18413.40,2100,12370000
20221114,09:17:31,18415.00,600,12370000
20221114,09:17:32,18417.70,700,12370000
20221114,09:17:33,18414.95,150,12370000
20221114,09:17:33,18414.20,50,12370000
20221114,09:17:34,18416.50,3650,12370000
20221114,09:17:35,18417.60,1200,12370000
20221114,09:17:37,18417.25,300,12370000
20221114,09:17:38,18416.10,1800,12370000
20221114,09:17:39,18410.95,650,12370000
20221114,09:17:40,18411.55,1750,12370000
20221114,09:17:41,18413.50,3200,12370000
20221114,09:17:43,18416.25,3000,12370000
20221114,09:17:44,18415.40,350,12370000
20221114,09:17:44,18415.50,50,12370000
20221114,09:17:45,18416.90,50,12370000
20221114,09:17:46,18414.65,600,12370000
20221114,09:17:47,18413.35,400,12370000
20221114,09:17:49,18414.05,400,12370000
20221114,09:17:50,18412.75,1500,12370000
20221114,09:17:50,18412.75,450,12370000
20221114,09:17:51,18415.05,650,12370000
20221114,09:17:52,18414.50,450,12370000
20221114,09:17:53,18415.10,1350,12370000
20221114,09:17:55,18416.70,4250,12370000
20221114,09:17:56,18418.50,3850,12370000
20221114,09:17:57,18418.20,550,12370000
20221114,09:17:58,18419.95,1800,12370000
20221114,09:17:59,18418.50,50,12370000
20221114,09:18:01,18417.85,650,12370000
20221114,09:18:02,18419.95,2450,12370000
20221114,09:18:03,18419.25,300,12370000
20221114,09:18:04,18418.85,350,12370000
20221114,09:18:06,18418.65,250,12370000
20221114,09:18:07,18416.45,300,12370000
20221114,09:18:07,18417.95,350,12370000
20221114,09:18:09,18418.05,500,12370000
20221114,09:18:10,18418.05,350,12370000
20221114,09:18:11,18418.05,2000,12370000
20221114,09:18:12,18418.80,600,12370000
20221114,09:18:14,18419.20,3900,12370000
20221114,09:18:15,18419.95,200,12370000
20221114,09:18:15,18419.95,150,12370000
20221114,09:18:16,18420.00,1000,12370000
20221114,09:18:17,18419.95,350,12370000
20221114,09:18:19,18419.80,550,12370000
20221114,09:18:20,18419.95,550,12370000
20221114,09:18:20,18419.90,100,12370000
20221114,09:18:21,18420.10,1250,12370000
20221114,09:18:22,18420.20,350,12370000
20221114,09:18:23,18421.45,750,12370000
20221114,09:18:25,18419.30,800,12370000
20221114,09:18:26,18420.00,250,12370000
20221114,09:18:26,18419.85,250,12370000
20221114,09:18:27,18420.60,3050,12370000
20221114,09:18:28,18421.00,650,12370000
20221114,09:18:30,18423.10,1850,12370000
20221114,09:18:31,18424.95,2700,12370000
20221114,09:18:31,18425.00,1150,12370000
20221114,09:18:32,18423.20,1200,12370000
20221114,09:18:33,18424.95,1600,12370000
20221114,09:18:35,18421.30,100,12370000
20221114,09:18:36,18420.35,500,12370000
20221114,09:18:36,18420.55,100,12370000
20221114,09:18:37,18422.65,950,12370000
20221114,09:18:38,18422.30,150,12370000
20221114,09:18:40,18421.80,350,12370000
20221114,09:18:41,18420.00,1350,12370000
20221114,09:18:41,18421.65,50,12370000
20221114,09:18:42,18421.00,450,12370000
20221114,09:18:43,18420.45,50,12370000
20221114,09:18:44,18422.15,650,12370000
20221114,09:18:46,18421.40,1000,12370000
20221114,09:18:47,18422.75,1500,12370000
20221114,09:18:47,18422.55,200,12370000
20221114,09:18:48,18422.60,700,12370000
20221114,09:18:49,18423.20,200,12370000
20221114,09:18:51,18424.70,800,12370000
20221114,09:18:52,18424.90,850,12370000
20221114,09:18:53,18426.00,650,12370000
20221114,09:18:54,18426.95,100,12370000
20221114,09:18:55,18427.80,250,12370000
20221114,09:18:56,18425.70,1300,12370000
20221114,09:18:56,18428.05,150,12370000
20221114,09:18:57,18429.45,500,12370000
20221114,09:18:58,18427.50,500,12370000
20221114,09:19:00,18430.90,2650,12370000
20221114,09:19:01,18431.15,750,12370000
20221114,09:19:01,18428.70,100,12370000
20221114,09:19:02,18429.20,400,12370000
20221114,09:19:03,18428.70,250,12370000
20221114,09:19:05,18428.70,2150,12370000
20221114,09:19:06,18429.20,850,12370000
20221114,09:19:07,18428.00,200,12370000
20221114,09:19:08,18429.00,250,12370000
20221114,09:19:10,18431.95,600,12370000
20221114,09:19:11,18431.10,200,12370000
20221114,09:19:12,18433.90,3250,12370000
20221114,09:19:13,18434.15,550,12370000
20221114,09:19:14,18435.65,3900,12370000
20221114,09:19:15,18437.55,1750,12370000
20221114,09:19:16,18440.00,2250,12370000
20221114,09:19:17,18439.55,2300,12370000
20221114,09:19:18,18437.40,1800,12370000
20221114,09:19:19,18435.30,450,12370000
20221114,09:19:20,18437.55,500,12370000
20221114,09:19:21,18438.20,350,12370000
20221114,09:19:22,18439.60,150,12370000
20221114,09:19:23,18441.80,700,12370000
20221114,09:19:24,18441.00,2400,12370000
20221114,09:19:25,18440.00,800,12370000
20221114,09:19:26,18442.55,1350,12370000
20221114,09:19:27,18444.70,3300,12370000
20221114,09:19:28,18444.10,600,12370000
20221114,09:19:29,18444.45,400,12370000
20221114,09:19:31,18443.90,700,12370000
20221114,09:19:31,18443.90,50,12370000
20221114,09:19:32,18444.65,800,12370000
20221114,09:19:33,18444.00,750,12370000
20221114,09:19:35,18445.00,3650,12370000
20221114,09:19:36,18445.05,600,12370000
20221114,09:19:36,18443.75,2150,12370000
20221114,09:19:37,18444.05,250,12370000
20221114,09:19:38,18445.00,1750,12370000
20221114,09:19:39,18442.75,2050,12370000
20221114,09:19:41,18442.20,600,12370000
20221114,09:19:41,18439.50,1100,12370000
20221114,09:19:42,18439.50,900,12370000
20221114,09:19:43,18439.45,4850,12370000
20221114,09:19:44,18440.35,800,12370000
20221114,09:19:45,18437.25,2600,12370000
20221114,09:19:46,18439.65,200,12370000
20221114,09:19:47,18439.05,600,12370000
20221114,09:19:48,18441.15,150,12370000
20221114,09:19:49,18439.45,450,12370000
20221114,09:19:50,18442.10,1250,12370000
20221114,09:19:51,18437.30,350,12370000
20221114,09:19:52,18439.00,1300,12370000
20221114,09:19:53,18436.45,2100,12370000
20221114,09:19:54,18436.35,200,12370000
20221114,09:19:55,18436.35,400,12370000
20221114,09:19:56,18437.70,200,12370000
20221114,09:19:57,18435.00,250,12370000
20221114,09:19:58,18437.55,600,12370000
20221114,09:19:59,18439.05,300,12370000
20221114,09:20:00,18439.80,3650,12370000
20221114,09:20:01,18440.75,1950,12370000
20221114,09:20:02,18440.00,1050,12370000
20221114,09:20:04,18439.20,1950,12370000
20221114,09:20:05,18440.00,4150,12370000
20221114,09:20:06,18438.55,4300,12370000
20221114,09:20:07,18440.00,350,12370000
20221114,09:20:08,18440.00,450,12370000
20221114,09:20:09,18443.20,2600,12370000
20221114,09:20:10,18444.00,2100,12370000
20221114,09:20:11,18443.30,1050,12370000
20221114,09:20:12,18443.35,400,12370000
20221114,09:20:14,18443.25,600,12370000
20221114,09:20:15,18442.70,750,12370000
20221114,09:20:16,18443.25,1150,12370000
20221114,09:20:17,18440.55,250,12370000
20221114,09:20:18,18440.05,250,12370000
20221114,09:20:20,18441.60,400,12370000
20221114,09:20:21,18442.55,550,12370000
20221114,09:20:22,18442.95,50,12370000
20221114,09:20:23,18442.60,1150,12370000
20221114,09:20:23,18440.25,100,12370000
20221114,09:20:24,18440.40,200,12382150
20221114,09:20:25,18442.00,200,12382150
20221114,09:20:27,18443.00,1300,12382150
20221114,09:20:28,18441.35,350,12382150
20221114,09:20:29,18441.15,600,12382150
20221114,09:20:30,18438.00,550,12382150
20221114,09:20:31,18440.05,250,12382150
20221114,09:20:33,18438.20,900,12382150
20221114,09:20:34,18435.00,400,12382150
20221114,09:20:35,18434.60,2650,12382150
20221114,09:20:36,18432.10,500,12382150
20221114,09:20:38,18434.30,400,12382150
20221114,09:20:39,18436.70,350,12382150
20221114,09:20:40,18436.10,450,12382150
20221114,09:20:41,18435.65,650,12382150
20221114,09:20:41,18435.05,100,12382150
20221114,09:20:42,18435.05,150,12382150
20221114,09:20:43,18437.75,1700,12382150
20221114,09:20:45,18434.80,1850,12382150
20221114,09:20:46,18435.30,150,12382150
20221114,09:20:47,18437.75,550,12382150
20221114,09:20:48,18440.00,1850,12382150
20221114,09:20:48,18440.40,1650,12382150
20221114,09:20:49,18440.00,1450,12382150
20221114,09:20:51,18438.50,2300,12382150
20221114,09:20:52,18437.50,1050,12382150
20221114,09:20:53,18437.00,700,12382150
20221114,09:20:54,18436.10,1000,12382150
20221114,09:20:54,18435.60,50,12382150
20221114,09:20:55,18437.55,150,12382150
20221114,09:20:57,18435.95,900,12382150
20221114,09:20:58,18437.50,650,12382150
20221114,09:20:59,18436.60,1350,12382150
20221114,09:21:00,18437.35,50,12382150
20221114,09:21:00,18437.05,100,12382150
20221114,09:21:01,18435.85,1950,12382150
20221114,09:21:02,18437.60,2100,12382150
20221114,09:21:04,18433.75,550,12382150
20221114,09:21:05,18435.60,250,12382150
20221114,09:21:06,18432.45,350,12382150
20221114,09:21:07,18434.20,650,12382150
20221114,09:21:08,18434.20,550,12382150
20221114,09:21:10,18435.60,300,12382150
20221114,09:21:11,18433.35,200,12382150
20221114,09:21:12,18436.60,250,12382150
20221114,09:21:13,18435.00,500,12382150
20221114,09:21:14,18435.10,400,12382150
20221114,09:21:15,18435.00,200,12382150
20221114,09:21:15,18433.60,1350,12382150
20221114,09:21:16,18434.70,1250,12382150
20221114,09:21:19,18435.70,50,12382150
20221114,09:21:20,18435.00,150,12382150
20221114,09:21:21,18435.70,1900,12382150
20221114,09:21:22,18435.55,750,12382150
20221114,09:21:24,18436.70,700,12382150
20221114,09:21:25,18435.70,2800,12382150
20221114,09:21:26,18435.70,400,12382150
20221114,09:21:27,18435.00,150,12382150
20221114,09:21:29,18434.30,150,12382150
20221114,09:21:30,18434.30,400,12382150
20221114,09:21:31,18432.95,1500,12382150
20221114,09:21:32,18434.30,950,12382150
20221114,09:21:34,18434.30,650,12382150
20221114,09:21:35,18434.30,700,12382150
20221114,09:21:36,18432.10,100,12382150
20221114,09:21:37,18434.30,50,12382150
20221114,09:21:38,18433.30,1150,12382150
20221114,09:21:39,18433.45,500,12382150
20221114,09:21:40,18431.15,200,12382150
20221114,09:21:41,18431.10,100,12382150
20221114,09:21:42,18430.90,300,12382150
20221114,09:21:43,18431.15,50,12382150
20221114,09:21:44,18430.10,200,12382150
20221114,09:21:46,18430.25,100,12382150
20221114,09:21:47,18430.25,150,12382150
20221114,09:21:47,18430.10,300,12382150
20221114,09:21:48,18431.40,300,12382150
20221114,09:21:49,18432.50,600,12382150
20221114,09:21:50,18430.00,900,12382150
20221114,09:21:52,18433.30,400,12382150
20221114,09:21:53,18433.10,650,12382150
20221114,09:21:54,18433.70,900,12382150
20221114,09:21:55,18435.35,1900,12382150
20221114,09:21:57,18435.40,200,12382150
20221114,09:21:58,18434.60,50,12382150
20221114,09:21:59,18434.15,100,12382150
20221114,09:22:00,18434.15,250,12382150
20221114,09:22:01,18433.00,250,12382150
20221114,09:22:02,18432.90,100,12382150
20221114,09:22:04,18432.50,50,12382150
20221114,09:22:06,18431.05,150,12382150
20221114,09:22:07,18432.00,50,12382150
20221114,09:22:09,18432.00,600,12382150
20221114,09:22:10,18433.05,2000,12382150
20221114,09:22:11,18433.00,500,12382150
20221114,09:22:12,18430.20,300,12382150
20221114,09:22:13,18430.15,150,12382150
20221114,09:22:13,18430.00,50,12382150
20221114,09:22:15,18430.00,1900,12382150
20221114,09:22:16,18429.30,450,12382150
20221114,09:22:17,18430.00,400,12382150
20221114,09:22:18,18431.20,150,12382150
20221114,09:22:19,18430.15,400,12382150
20221114,09:22:20,18429.00,300,12382150
20221114,09:22:22,18429.35,500,12382150
20221114,09:22:23,18431.20,450,12382150
20221114,09:22:25,18431.35,400,12382150
20221114,09:22:26,18433.00,1050,12382150
20221114,09:22:27,18432.40,150,12382150
20221114,09:22:28,18431.65,500,12382150
20221114,09:22:30,18433.00,100,12382150
20221114,09:22:31,18432.90,500,12382150
20221114,09:22:32,18430.55,1100,12382150
20221114,09:22:33,18432.00,300,12382150
20221114,09:22:34,18432.95,100,12382150
20221114,09:22:35,18432.00,100,12382150
20221114,09:22:35,18432.90,50,12382150
20221114,09:22:37,18432.00,50,12382150
20221114,09:22:38,18431.45,450,12382150
20221114,09:22:39,18431.80,350,12382150
20221114,09:22:40,18433.00,750,12382150
20221114,09:22:40,18432.15,50,12382150
20221114,09:22:41,18432.85,250,12382150
20221114,09:22:44,18431.40,50,12382150
20221114,09:22:45,18432.90,100,12382150
20221114,09:22:46,18431.40,250,12382150
20221114,09:22:47,18432.95,300,12382150
20221114,09:22:49,18430.85,350,12382150
20221114,09:22:50,18430.00,250,12382150
20221114,09:22:51,18429.00,100,12382150
20221114,09:22:52,18429.75,400,12382150
20221114,09:22:55,18428.00,1550,12382150
20221114,09:22:56,18427.05,100,12382150
20221114,09:22:57,18427.00,250,12382150
20221114,09:22:58,18427.05,800,12382150
20221114,09:22:59,18427.00,300,12382150
20221114,09:23:00,18426.40,500,12382150
20221114,09:23:01,18426.00,950,12382150
20221114,09:23:02,18425.35,150,12382150
20221114,09:23:02,18425.10,550,12382150
20221114,09:23:03,18425.10,150,12382150
20221114,09:23:05,18425.00,600,12382150
20221114,09:23:06,18425.00,950,12382150
20221114,09:23:07,18424.40,1950,12382150
20221114,09:23:08,18424.00,200,12382150
20221114,09:23:09,18424.00,450,12382150
20221114,09:23:10,18425.10,50,12382150
20221114,09:23:11,18425.95,50,12382150
20221114,09:23:12,18426.65,150,12382150
20221114,09:23:14,18425.50,550,12382150
20221114,09:23:15,18425.00,250,12382150
20221114,09:23:16,18425.00,200,12382150
20221114,09:23:17,18425.05,300,12382150
20221114,09:23:18,18425.05,50,12382150
20221114,09:23:19,18426.90,100,12382150
20221114,09:23:20,18430.00,550,12382150
20221114,09:23:21,18427.55,500,12382150
20221114,09:23:21,18428.10,100,12382150
20221114,09:23:23,18430.00,200,12382150
20221114,09:23:24,18428.60,500,12382150
20221114,09:23:25,18430.00,50,12391700
20221114,09:23:26,18430.90,300,12391700
20221114,09:23:27,18432.00,50,12391700
20221114,09:23:29,18431.75,250,12391700
20221114,09:23:30,18433.10,1050,12391700
20221114,09:23:31,18433.10,150,12391700
20221114,09:23:32,18433.15,300,12391700
20221114,09:23:33,18435.00,600,12391700
20221114,09:23:35,18433.50,1800,12391700
20221114,09:23:36,18433.80,700,12391700
20221114,09:23:37,18435.00,2150,12391700
20221114,09:23:38,18434.35,2250,12391700
20221114,09:23:39,18433.90,350,12391700
20221114,09:23:41,18433.90,50,12391700
20221114,09:23:42,18433.90,250,12391700
20221114,09:23:43,18434.40,200,12391700
20221114,09:23:44,18433.25,750,12391700
20221114,09:23:45,18432.05,450,12391700
20221114,09:23:45,18434.55,300,12391700
20221114,09:23:47,18434.75,150,12391700
20221114,09:23:48,18432.10,900,12391700
20221114,09:23:49,18434.00,150,12391700
20221114,09:23:50,18436.00,350,12391700
20221114,09:23:51,18434.40,400,12391700
20221114,09:23:51,18434.40,50,12391700
20221114,09:23:53,18434.45,150,12391700
20221114,09:23:55,18435.00,700,12391700
20221114,09:23:56,18435.30,100,12391700
20221114,09:23:56,18436.00,200,12391700
20221114,09:23:58,18436.60,300,12391700
20221114,09:23:59,18433.75,600,12391700
20221114,09:24:00,18434.10,300,12391700
20221114,09:24:01,18433.00,100,12391700
20221114,09:24:02,18431.25,1600,12391700
20221114,09:24:04,18431.25,250,12391700
20221114,09:24:05,18433.90,50,12391700
20221114,09:24:06,18433.10,300,12391700
20221114,09:24:07,18433.50,250,12391700
20221114,09:24:08,18430.90,850,12391700
20221114,09:24:09,18431.90,200,12391700
20221114,09:24:10,18431.10,1050,12391700
20221114,09:24:11,18431.35,600,12391700
20221114,09:24:12,18431.65,850,12391700
20221114,09:24:13,18434.10,200,12391700
20221114,09:24:14,18433.50,250,12391700
20221114,09:24:15,18434.10,100,12391700
20221114,09:24:17,18434.00,50,12391700
20221114,09:24:18,18433.15,850,12391700
20221114,09:24:19,18434.00,550,12391700
20221114,09:24:20,18434.10,150,12391700
20221114,09:24:21,18435.00,600,12391700
20221114,09:24:22,18436.10,250,12391700
20221114,09:24:23,18435.75,1000,12391700
20221114,09:24:24,18438.00,1250,12391700
20221114,09:24:25,18438.30,300,12391700
20221114,09:24:26,18439.25,1350,12391700
20221114,09:24:27,18439.95,50,12391700
20221114,09:24:28,18439.95,1600,12391700
20221114,09:24:29,18439.35,250,12391700
20221114,09:24:30,18438.55,550,12391700
20221114,09:24:31,18440.90,1300,12391700
20221114,09:24:32,18440.15,400,12391700
20221114,09:24:33,18441.05,200,12391700
20221114,09:24:34,18441.05,400,12391700
20221114,09:24:35,18440.85,150,12391700
20221114,09:24:36,18440.05,750,12391700
20221114,09:24:37,18440.00,350,12391700
20221114,09:24:38,18441.85,50,12391700
20221114,09:24:39,18441.90,250,12391700
20221114,09:24:40,18440.90,50,12391700
20221114,09:24:41,18442.00,800,12391700
20221114,09:24:42,18442.00,250,12391700
20221114,09:24:43,18442.20,600,12391700
20221114,09:24:44,18442.45,50,12391700
20221114,09:24:45,18442.45,100,12391700
20221114,09:24:46,18441.80,300,12391700
20221114,09:24:47,18441.80,250,12391700
20221114,09:24:48,18443.85,750,12391700
20221114,09:24:49,18441.85,150,12391700
20221114,09:24:50,18441.90,300,12391700
20221114,09:24:51,18442.00,300,12391700
20221114,09:24:52,18442.90,350,12391700
20221114,09:24:53,18442.05,250,12391700
20221114,09:24:54,18444.70,2250,12391700
20221114,09:24:55,18443.65,150,12391700
20221114,09:24:56,18444.00,250,12391700
20221114,09:24:57,18443.60,250,12391700
20221114,09:24:58,18443.00,1200,12391700
20221114,09:24:59,18441.85,500,12391700
20221114,09:25:00,18441.05,250,12391700
20221114,09:25:01,18442.70,100,12391700
20221114,09:25:02,18440.55,500,12391700
20221114,09:25:03,18443.10,1050,12391700
20221114,09:25:04,18440.00,350,12391700
20221114,09:25:05,18440.45,250,12391700
20221114,09:25:06,18441.10,100,12391700
20221114,09:25:07,18443.00,200,12391700
20221114,09:25:08,18443.00,100,12391700
20221114,09:25:09,18442.40,250,12391700
20221114,09:25:10,18442.25,650,12391700
20221114,09:25:11,18443.10,250,12391700
20221114,09:25:12,18443.00,300,12391700
20221114,09:25:13,18444.65,100,12391700
20221114,09:25:14,18444.00,250,12391700
20221114,09:25:15,18444.95,850,12391700
20221114,09:25:16,18444.70,1000,12391700
20221114,09:25:18,18444.70,50,12391700
20221114,09:25:19,18443.75,250,12391700
20221114,09:25:20,18444.15,200,12391700
20221114,09:25:21,18443.95,300,12391700
20221114,09:25:22,18442.70,100,12391700
20221114,09:25:23,18444.00,50,12391700
20221114,09:25:24,18444.85,200,12391700
20221114,09:25:25,18445.00,100,12391700
20221114,09:25:26,18443.55,500,12391700
20221114,09:25:27,18445.00,650,12391700
20221114,09:25:28,18444.25,1450,12391700
20221114,09:25:29,18445.00,300,12391700
20221114,09:25:30,18444.70,200,12391700
20221114,09:25:31,18444.70,1250,12391700
20221114,09:25:32,18443.00,100,12391700
20221114,09:25:33,18442.00,250,12391700
20221114,09:25:34,18441.90,450,12391700
20221114,09:25:35,18441.05,300,12391700
20221114,09:25:37,18441.95,100,12391700
20221114,09:25:38,18442.00,100,12391700
20221114,09:25:39,18441.00,150,12391700
20221114,09:25:40,18440.75,200,12391700
20221114,09:25:42,18440.50,200,12391700
20221114,09:25:43,18440.50,200,12391700
20221114,09:25:44,18440.55,750,12391700
20221114,09:25:45,18442.60,50,12391700
20221114,09:25:47,18440.00,200,12391700
20221114,09:25:48,18440.00,100,12391700
20221114,09:25:49,18439.05,400,12391700
20221114,09:25:50,18440.00,50,12391700
20221114,09:25:51,18439.25,1750,12391700
20221114,09:25:52,18439.15,50,12391700
20221114,09:25:53,18441.75,450,12391700
20221114,09:25:54,18443.00,650,12391700
20221114,09:25:55,18442.10,250,12391700
20221114,09:25:56,18442.10,200,12391700
20221114,09:25:57,18442.10,250,12391700
20221114,09:25:58,18441.50,150,12391700
20221114,09:25:59,18443.60,100,12391700
20221114,09:26:00,18442.80,150,12391700
20221114,09:26:01,18443.45,350,12391700
20221114,09:26:02,18441.15,200,12391700
20221114,09:26:03,18442.10,700,12391700
20221114,09:26:04,18443.55,400,12391700
20221114,09:26:05,18443.10,150,12391700
20221114,09:26:06,18441.15,150,12391700
20221114,09:26:07,18443.15,300,12391700
20221114,09:26:09,18442.00,200,12391700
20221114,09:26:10,18443.85,200,12391700
20221114,09:26:12,18443.40,800,12391700
20221114,09:26:14,18440.90,100,12391700
20221114,09:26:15,18443.70,50,12391700
20221114,09:26:16,18441.50,250,12391700
20221114,09:26:17,18443.25,300,12391700
20221114,09:26:18,18443.00,250,12391700
20221114,09:26:19,18443.10,50,12391700
20221114,09:26:20,18440.80,300,12391700
20221114,09:26:21,18442.30,200,12391700
20221114,09:26:22,18441.65,200,12391700
20221114,09:26:23,18443.35,100,12391700
20221114,09:26:24,18443.50,650,12391700
20221114,09:26:26,18443.60,750,12405750
20221114,09:26:27,18443.60,250,12405750
20221114,09:26:28,18443.50,250,12405750
20221114,09:26:29,18444.40,150,12405750
20221114,09:26:30,18444.00,200,12405750
20221114,09:26:32,18444.00,100,12405750
20221114,09:26:33,18443.90,350,12405750
20221114,09:26:34,18444.15,500,12405750
20221114,09:26:35,18444.80,250,12405750
20221114,09:26:36,18445.00,500,12405750
20221114,09:26:37,18445.00,200,12405750
20221114,09:26:39,18444.05,250,12405750
20221114,09:26:40,18445.05,1800,12405750
20221114,09:26:41,18445.70,250,12405750
20221114,09:26:42,18448.00,1750,12405750
20221114,09:26:43,18448.00,500,12405750
20221114,09:26:44,18448.00,800,12405750
20221114,09:26:46,18448.00,100,12405750
20221114,09:26:46,18448.00,650,12405750
20221114,09:26:47,18449.00,2400,12405750
20221114,09:26:48,18449.10,3150,12405750
20221114,09:26:49,18453.25,8350,12405750
20221114,09:26:50,18454.00,1950,12405750
20221114,09:26:51,18451.45,600,12405750
20221114,09:26:52,18453.40,1100,12405750
20221114,09:26:53,18453.25,1500,12405750
20221114,09:26:54,18450.80,1650,12405750
20221114,09:26:56,18453.20,900,12405750
20221114,09:26:56,18450.00,600,12405750
20221114,09:26:57,18452.30,1250,12405750
20221114,09:26:58,18450.65,300,12405750
20221114,09:26:59,18450.65,150,12405750
20221114,09:27:00,18450.60,750,12405750
20221114,09:27:02,18450.50,800,12405750
20221114,09:27:02,18451.15,100,12405750
20221114,09:27:03,18451.45,1000,12405750
20221114,09:27:04,18452.80,300,12405750
20221114,09:27:05,18450.95,1350,12405750
20221114,09:27:06,18451.95,150,12405750
20221114,09:27:08,18452.45,700,12405750
20221114,09:27:09,18451.90,400,12405750
20221114,09:27:10,18451.75,800,12405750
20221114,09:27:11,18450.65,150,12405750
20221114,09:27:12,18450.00,300,12405750
20221114,09:27:14,18450.00,350,12405750
20221114,09:27:14,18450.00,250,12405750
20221114,09:27:15,18451.15,1200,12405750
20221114,09:27:16,18449.60,400,12405750
20221114,09:27:17,18450.00,150,12405750
20221114,09:27:18,18450.00,50,12405750
20221114,09:27:20,18447.05,750,12405750
20221114,09:27:21,18450.00,200,12405750
20221114,09:27:22,18447.70,200,12405750
20221114,09:27:23,18447.65,200,12405750
20221114,09:27:25,18448.15,650,12405750
20221114,09:27:25,18451.00,50,12405750
20221114,09:27:26,18451.00,450,12405750
20221114,09:27:27,18450.00,700,12405750
20221114,09:27:28,18449.50,500,12405750
20221114,09:27:29,18450.80,300,12405750
20221114,09:27:31,18450.75,1100,12405750
20221114,09:27:32,18451.00,500,12405750
20221114,09:27:33,18451.50,900,12405750
20221114,09:27:34,18452.00,300,12405750
20221114,09:27:36,18453.00,750,12405750
20221114,09:27:36,18453.40,50,12405750
20221114,09:27:37,18452.15,200,12405750
20221114,09:27:38,18453.00,250,12405750
20221114,09:27:39,18452.15,150,12405750
20221114,09:27:40,18453.50,200,12405750
20221114,09:27:42,18453.10,200,12405750
20221114,09:27:43,18454.40,800,12405750
20221114,09:27:44,18454.90,500,12405750
20221114,09:27:45,18455.00,1300,12405750
20221114,09:27:46,18455.00,1200,12405750
20221114,09:27:48,18455.00,150,12405750
20221114,09:27:49,18455.00,200,12405750
20221114,09:27:49,18453.65,200,12405750
20221114,09:27:51,18454.10,200,12405750
20221114,09:27:52,18453.55,1850,12405750
20221114,09:27:53,18455.00,350,12405750
20221114,09:27:54,18455.00,200,12405750
20221114,09:27:56,18454.65,300,12405750
20221114,09:27:57,18453.40,600,12405750
20221114,09:27:58,18453.85,2050,12405750
20221114,09:27:59,18454.10,50,12405750
20221114,09:28:00,18452.00,550,12405750
20221114,09:28:02,18451.00,1050,12405750
20221114,09:28:02,18453.50,50,12405750
20221114,09:28:03,18452.80,250,12405750
20221114,09:28:04,18453.25,1000,12405750
20221114,09:28:05,18452.00,150,12405750
20221114,09:28:06,18453.60,50,12405750
20221114,09:28:07,18452.60,1050,12405750
20221114,09:28:08,18453.60,850,12405750
20221114,09:28:09,18453.50,150,12405750
20221114,09:28:10,18453.95,150,12405750
20221114,09:28:12,18452.85,300,12405750
20221114,09:28:13,18452.80,250,12405750
20221114,09:28:14,18452.70,50,12405750
20221114,09:28:15,18450.75,50,12405750
20221114,09:28:16,18453.00,250,12405750
20221114,09:28:18,18452.00,450,12405750
20221114,09:28:19,18453.25,750,12405750
20221114,09:28:20,18450.95,150,12405750
20221114,09:28:21,18451.85,150,12405750
20221114,09:28:22,18450.75,550,12405750
20221114,09:28:24,18450.70,200,12405750
20221114,09:28:24,18450.75,50,12405750
20221114,09:28:25,18448.30,1900,12405750
20221114,09:28:26,18447.35,100,12405750
20221114,09:28:27,18450.55,950,12405750
20221114,09:28:28,18448.35,650,12405750
20221114,09:28:29,18448.60,50,12405750
20221114,09:28:30,18450.70,350,12405750
20221114,09:28:31,18448.50,650,12405750
20221114,09:28:32,18449.15,250,12405750
20221114,09:28:33,18448.70,400,12405750
20221114,09:28:34,18449.15,200,12405750
20221114,09:28:35,18448.00,100,12405750
20221114,09:28:36,18449.20,50,12405750
20221114,09:28:38,18450.00,250,12405750
20221114,09:28:38,18448.55,50,12405750
20221114,09:28:39,18449.20,200,12405750
20221114,09:28:40,18449.70,100,12405750
20221114,09:28:41,18448.70,150,12405750
20221114,09:28:42,18447.00,1400,12405750
20221114,09:28:43,18446.80,50,12405750
20221114,09:28:44,18446.50,200,12405750
20221114,09:28:46,18445.20,1600,12405750
20221114,09:28:48,18449.20,1600,12405750
20221114,09:28:50,18448.15,350,12405750
20221114,09:28:50,18447.60,50,12405750
20221114,09:28:51,18450.00,950,12405750
20221114,09:28:52,18449.75,3200,12405750
20221114,09:28:53,18448.65,3050,12405750
20221114,09:28:54,18452.00,3350,12405750
20221114,09:28:55,18451.05,350,12405750
20221114,09:28:56,18451.10,50,12405750
20221114,09:28:57,18451.15,100,12405750
20221114,09:29:00,18451.00,450,12405750
20221114,09:29:02,18449.75,300,12405750
20221114,09:29:03,18449.10,700,12405750
20221114,09:29:03,18450.80,50,12405750
20221114,09:29:04,18450.15,500,12405750
20221114,09:29:05,18449.30,150,12405750
20221114,09:29:06,18449.30,50,12405750
20221114,09:29:08,18450.10,2550,12405750
20221114,09:29:09,18450.15,300,12405750
20221114,09:29:09,18450.05,1200,12405750
20221114,09:29:10,18451.75,700,12405750
20221114,09:29:11,18451.20,50,12405750
20221114,09:29:12,18452.00,300,12405750
20221114,09:29:14,18448.00,1600,12405750
20221114,09:29:15,18450.00,500,12405750
20221114,09:29:15,18450.10,50,12405750
20221114,09:29:16,18452.00,1250,12405750
20221114,09:29:17,18452.00,600,12405750
20221114,09:29:18,18452.00,100,12405750
20221114,09:29:19,18452.00,100,12405750
20221114,09:29:20,18451.00,50,12405750
20221114,09:29:21,18450.40,300,12405750
20221114,09:29:22,18451.80,100,12405750
20221114,09:29:24,18452.00,500,12405750
20221114,09:29:26,18451.30,400,12421550
20221114,09:29:27,18451.95,250,12421550
20221114,09:29:28,18451.95,100,12421550
20221114,09:29:29,18450.00,600,12421550
20221114,09:29:30,18450.10,400,12421550
20221114,09:29:31,18451.65,100,12421550
20221114,09:29:32,18451.65,200,12421550
20221114,09:29:34,18450.85,200,12421550
20221114,09:29:35,18450.00,1200,12421550
20221114,09:29:36,18450.55,50,12421550
20221114,09:29:37,18449.45,550,12421550
20221114,09:29:38,18448.00,50,12421550
20221114,09:29:40,18450.00,250,12421550
20221114,09:29:41,18448.55,400,12421550
20221114,09:29:42,18449.95,750,12421550
20221114,09:29:43,18447.05,100,12421550
20221114,09:29:44,18446.90,250,12421550
20221114,09:29:46,18446.00,250,12421550
20221114,09:29:47,18447.15,50,12421550
20221114,09:29:48,18446.55,400,12421550
20221114,09:29:49,18447.15,300,12421550
20221114,09:29:52,18446.30,200,12421550
20221114,09:29:53,18445.00,450,12421550
20221114,09:29:53,18447.45,50,12421550
20221114,09:29:54,18445.05,150,12421550
20221114,09:29:55,18444.65,1150,12421550
20221114,09:29:56,18445.80,2700,12421550
20221114,09:29:58,18447.40,100,12421550
20221114,09:29:59,18445.00,200,12421550
20221114,09:29:59,18445.05,50,12421550
20221114,09:30:00,18443.50,1050,12421550
20221114,09:30:01,18442.65,900,12421550
20221114,09:30:02,18442.30,1150,12421550
20221114,09:30:04,18444.30,250,12421550
20221114,09:30:05,18445.00,850,12421550
20221114,09:30:05,18444.95,50,12421550
20221114,09:30:06,18444.95,250,12421550
20221114,09:30:07,18443.30,50,12421550
20221114,09:30:09,18444.95,150,12421550
20221114,09:30:10,18445.05,2950,12421550
20221114,09:30:10,18446.35,150,12421550
20221114,09:30:11,18446.40,150,12421550
20221114,09:30:12,18448.55,1250,12421550
20221114,09:30:14,18446.55,200,12421550
20221114,09:30:15,18446.05,450,12421550
20221114,09:30:16,18447.80,350,12421550
20221114,09:30:17,18447.90,250,12421550
20221114,09:30:18,18451.90,2650,12421550
20221114,09:30:20,18452.00,600,12421550
20221114,09:30:21,18448.55,250,12421550
20221114,09:30:22,18448.00,500,12421550
20221114,09:30:25,18445.75,150,12421550
20221114,09:30:26,18446.20,100,12421550
20221114,09:30:27,18447.05,400,12421550
20221114,09:30:29,18444.80,150,12421550
20221114,09:30:31,18445.00,250,12421550
20221114,09:30:32,18445.95,800,12421550
20221114,09:30:32,18445.95,150,12421550
20221114,09:30:33,18444.70,250,12421550
20221114,09:30:34,18445.85,350,12421550
20221114,09:30:35,18445.95,100,12421550
20221114,09:30:37,18443.95,300,12421550
20221114,09:30:38,18443.05,400,12421550
20221114,09:30:38,18443.00,50,12421550
20221114,09:30:39,18444.85,400,12421550
20221114,09:30:40,18445.00,100,12421550
20221114,09:30:41,18444.15,200,12421550
20221114,09:30:43,18444.15,150,12421550
20221114,09:30:44,18445.95,2150,12421550
20221114,09:30:44,18445.95,150,12421550
20221114,09:30:45,18445.35,300,12421550
20221114,09:30:46,18443.15,300,12421550
20221114,09:30:49,18443.05,200,12421550
20221114,09:30:50,18443.15,50,12421550
20221114,09:30:50,18444.95,200,12421550
20221114,09:30:51,18444.00,100,12421550
20221114,09:30:52,18443.90,50,12421550
20221114,09:30:53,18443.90,500,12421550
20221114,09:30:56,18444.10,150,12421550
20221114,09:30:57,18443.40,400,12421550
20221114,09:30:58,18443.00,150,12421550
20221114,09:30:59,18443.00,400,12421550
20221114,09:31:01,18443.45,500,12421550
20221114,09:31:02,18444.70,1250,12421550
20221114,09:31:02,18443.00,50,12421550
20221114,09:31:03,18442.35,700,12421550
20221114,09:31:04,18443.40,150,12421550
20221114,09:31:06,18443.00,350,12421550
20221114,09:31:07,18443.10,200,12421550
20221114,09:31:09,18443.65,500,12421550
20221114,09:31:10,18444.25,50,12421550
20221114,09:31:12,18444.30,100,12421550
20221114,09:31:13,18444.95,200,12421550
20221114,09:31:15,18444.00,450,12421550
20221114,09:31:17,18444.00,200,12421550
20221114,09:31:18,18444.05,1350,12421550
20221114,09:31:19,18444.05,150,12421550
20221114,09:31:20,18444.50,250,12421550
20221114,09:31:21,18443.10,250,12421550
20221114,09:31:23,18443.85,550,12421550
20221114,09:31:24,18444.00,450,12421550
20221114,09:31:25,18443.30,250,12421550
20221114,09:31:25,18444.40,150,12421550
20221114,09:31:26,18443.85,400,12421550
20221114,09:31:28,18444.00,450,12421550
20221114,09:31:29,18445.80,1750,12421550
20221114,09:31:30,18445.00,250,12421550
20221114,09:31:30,18446.15,150,12421550
20221114,09:31:31,18444.70,50,12421550
20221114,09:31:33,18446.70,100,12421550
20221114,09:31:34,18443.40,50,12421550
20221114,09:31:36,18445.25,250,12421550
20221114,09:31:37,18444.00,200,12421550
20221114,09:31:39,18443.85,50,12421550
20221114,09:31:41,18446.50,1900,12421550
20221114,09:31:42,18445.95,250,12421550
20221114,09:31:43,18440.85,1300,12421550
20221114,09:31:45,18440.80,1800,12421550
20221114,09:31:46,18442.00,250,12421550
20221114,09:31:47,18442.50,150,12421550
20221114,09:31:48,18440.45,1250,12421550
20221114,09:31:49,18441.15,100,12421550
20221114,09:31:51,18440.90,500,12421550
20221114,09:31:52,18442.00,250,12421550
20221114,09:31:53,18442.05,100,12421550
20221114,09:31:54,18441.30,1900,12421550
20221114,09:31:55,18440.70,100,12421550
20221114,09:31:57,18440.70,100,12421550
20221114,09:31:58,18440.70,150,12421550
20221114,09:31:59,18440.05,350,12421550
20221114,09:32:00,18442.00,250,12421550
20221114,09:32:01,18440.90,350,12421550
20221114,09:32:03,18441.20,450,12421550
20221114,09:32:04,18444.00,550,12421550
20221114,09:32:05,18442.95,350,12421550
20221114,09:32:05,18440.80,200,12421550
20221114,09:32:06,18440.70,100,12421550
20221114,09:32:08,18440.70,1550,12421550
20221114,09:32:10,18440.00,450,12421550
20221114,09:32:10,18437.40,1000,12421550
20221114,09:32:11,18439.00,500,12421550
20221114,09:32:12,18434.60,6750,12421550
20221114,09:32:13,18435.05,1100,12421550
20221114,09:32:14,18437.40,250,12421550
20221114,09:32:16,18435.70,1550,12421550
20221114,09:32:17,18434.90,500,12421550
20221114,09:32:18,18436.65,400,12421550
20221114,09:32:19,18436.35,250,12421550
20221114,09:32:20,18438.85,200,12421550
20221114,09:32:21,18438.95,550,12421550
20221114,09:32:22,18439.80,400,12421550
20221114,09:32:23,18440.00,250,12421550
20221114,09:32:25,18441.45,900,12421550
20221114,09:32:26,18440.75,250,12436650
20221114,09:32:27,18440.10,50,12436650
20221114,09:32:28,18438.10,100,12436650
20221114,09:32:30,18437.55,650,12436650
20221114,09:32:31,18438.75,100,12436650
20221114,09:32:32,18437.25,200,12436650
20221114,09:32:34,18436.05,800,12436650
20221114,09:32:35,18438.15,100,12436650
20221114,09:32:36,18440.00,1350,12436650
20221114,09:32:37,18440.00,100,12436650
20221114,09:32:38,18436.15,150,12436650
20221114,09:32:39,18436.05,350,12436650
20221114,09:32:40,18437.35,150,12436650
20221114,09:32:41,18435.30,750,12436650
20221114,09:32:43,18435.00,100,12436650
20221114,09:32:45,18434.10,400,12436650
20221114,09:32:46,18436.90,200,12436650
20221114,09:32:47,18437.05,100,12436650
20221114,09:32:48,18437.25,900,12436650
20221114,09:32:51,18437.60,250,12436650
20221114,09:32:52,18439.00,300,12436650
20221114,09:32:53,18440.00,1650,12436650
20221114,09:32:54,18439.35,1050,12436650
20221114,09:32:55,18440.00,250,12436650
20221114,09:32:56,18438.25,250,12436650
20221114,09:32:57,18438.10,50,12436650
20221114,09:33:01,18436.00,800,12436650
20221114,09:33:02,18435.00,750,12436650
20221114,09:33:02,18436.65,200,12436650
20221114,09:33:04,18435.05,650,12436650
20221114,09:33:05,18435.05,200,12436650
20221114,09:33:06,18434.00,1550,12436650
20221114,09:33:07,18433.45,800,12436650
20221114,09:33:07,18435.00,300,12436650
20221114,09:33:09,18431.80,1450,12436650
20221114,09:33:10,18433.55,250,12436650
20221114,09:33:11,18433.30,250,12436650
20221114,09:33:11,18433.00,100,12436650
20221114,09:33:12,18431.60,600,12436650
20221114,09:33:14,18431.60,1100,12436650
20221114,09:33:16,18433.20,1100,12436650
20221114,09:33:17,18432.00,50,12436650
20221114,09:33:18,18431.40,100,12436650
20221114,09:33:18,18431.60,100,12436650
20221114,09:33:19,18432.00,450,12436650
20221114,09:33:21,18431.90,650,12436650
20221114,09:33:22,18433.00,650,12436650
20221114,09:33:23,18433.45,150,12436650
20221114,09:33:24,18433.00,200,12436650
20221114,09:33:24,18433.00,50,12436650
20221114,09:33:26,18433.35,150,12436650
20221114,09:33:27,18433.35,600,12436650
20221114,09:33:28,18433.35,100,12436650
20221114,09:33:29,18432.35,150,12436650
20221114,09:33:30,18433.00,150,12436650
20221114,09:33:32,18434.00,650,12436650
20221114,09:33:33,18434.55,650,12436650
20221114,09:33:34,18431.25,200,12436650
20221114,09:33:35,18433.00,50,12436650
20221114,09:33:36,18432.15,600,12436650
20221114,09:33:39,18432.00,150,12436650
20221114,09:33:40,18433.05,400,12436650
20221114,09:33:41,18432.70,11100,12436650
20221114,09:33:42,18431.65,150,12436650
20221114,09:33:44,18431.60,250,12436650
20221114,09:33:45,18433.35,700,12436650
20221114,09:33:46,18434.40,200,12436650
20221114,09:33:47,18435.35,400,12436650
20221114,09:33:49,18431.75,200,12436650
20221114,09:33:51,18434.45,50,12436650
20221114,09:33:52,18434.45,350,12436650
20221114,09:33:52,18435.20,100,12436650
20221114,09:33:53,18435.20,50,12436650
20221114,09:33:55,18433.05,400,12436650
20221114,09:33:56,18435.40,100,12436650
20221114,09:33:57,18434.20,50,12436650
20221114,09:33:58,18436.35,300,12436650
20221114,09:33:59,18435.75,100,12436650
20221114,09:34:01,18435.05,350,12436650
20221114,09:34:02,18435.05,250,12436650
20221114,09:34:03,18434.35,250,12436650
20221114,09:34:04,18434.80,400,12436650
20221114,09:34:05,18433.35,850,12436650
20221114,09:34:05,18433.55,50,12436650
20221114,09:34:07,18432.85,550,12436650
20221114,09:34:08,18431.50,100,12436650
20221114,09:34:09,18432.60,50,12436650
20221114,09:34:10,18430.10,2350,12436650
20221114,09:34:12,18430.95,200,12436650
20221114,09:34:13,18431.00,100,12436650
20221114,09:34:14,18431.00,500,12436650
20221114,09:34:15,18431.15,100,12436650
20221114,09:34:15,18431.00,250,12436650
20221114,09:34:16,18431.00,200,12436650
20221114,09:34:18,18431.00,150,12436650
20221114,09:34:19,18431.50,350,12436650
20221114,09:34:20,18431.00,150,12436650
20221114,09:34:21,18431.25,250,12436650
20221114,09:34:23,18431.05,150,12436650
20221114,09:34:24,18430.70,150,12436650
20221114,09:34:25,18430.10,500,12436650
20221114,09:34:27,18431.00,400,12436650
20221114,09:34:29,18431.00,1100,12436650
20221114,09:34:30,18431.15,550,12436650
20221114,09:34:31,18431.90,450,12436650
20221114,09:34:32,18431.90,200,12436650
20221114,09:34:33,18432.65,250,12436650
20221114,09:34:35,18434.00,200,12436650
20221114,09:34:36,18433.20,400,12436650
20221114,09:34:37,18432.20,250,12436650
20221114,09:34:38,18433.00,150,12436650
20221114,09:34:39,18430.75,350,12436650
20221114,09:34:41,18432.20,100,12436650
20221114,09:34:42,18431.70,50,12436650
20221114,09:34:43,18432.65,150,12436650
20221114,09:34:44,18431.00,100,12436650
20221114,09:34:44,18431.20,200,12436650
20221114,09:34:46,18430.15,2150,12436650
20221114,09:34:47,18430.00,550,12436650
20221114,09:34:48,18428.00,1550,12436650
20221114,09:34:50,18428.75,950,12436650
20221114,09:34:51,18427.50,250,12436650
20221114,09:34:53,18427.95,150,12436650
20221114,09:34:54,18428.70,50,12436650
20221114,09:34:55,18429.85,200,12436650
20221114,09:34:56,18428.35,150,12436650
20221114,09:34:56,18428.35,250,12436650
20221114,09:34:58,18428.50,100,12436650
20221114,09:34:59,18428.50,250,12436650
20221114,09:35:00,18428.70,500,12436650
20221114,09:35:01,18427.80,250,12436650
20221114,09:35:02,18428.65,800,12436650
20221114,09:35:03,18426.65,650,12436650
20221114,09:35:04,18428.60,900,12436650
20221114,09:35:04,18426.20,50,12436650
20221114,09:35:06,18425.20,1750,12436650
20221114,09:35:07,18427.40,1100,12436650
20221114,09:35:08,18425.15,50,12436650
20221114,09:35:09,18427.10,150,12436650
20221114,09:35:10,18425.00,1650,12436650
20221114,09:35:10,18426.05,200,12436650
20221114,09:35:12,18425.10,50,12436650
20221114,09:35:13,18425.10,450,12436650
20221114,09:35:14,18425.00,100,12436650
20221114,09:35:15,18424.75,650,12436650
20221114,09:35:16,18423.40,1650,12436650
20221114,09:35:18,18424.00,600,12436650
20221114,09:35:19,18422.10,100,12436650
20221114,09:35:20,18423.10,550,12436650
20221114,09:35:21,18422.70,1150,12436650
20221114,09:35:21,18423.10,200,12436650
20221114,09:35:22,18424.95,400,12436650
20221114,09:35:24,18424.40,1650,12436650
20221114,09:35:25,18424.40,150,12436650
20221114,09:35:26,18424.70,400,12436650
20221114,09:35:27,18424.00,50,12450150
20221114,09:35:27,18423.85,50,12450150
20221114,09:35:28,18423.20,250,12450150
20221114,09:35:30,18424.40,50,12450150
20221114,09:35:31,18423.35,900,12450150
20221114,09:35:32,18423.85,500,12450150
20221114,09:35:33,18422.65,1200,12450150
20221114,09:35:33,18422.60,50,12450150
20221114,09:35:34,18424.70,150,12450150
20221114,09:35:36,18423.60,50,12450150
20221114,09:35:37,18424.70,400,12450150
20221114,09:35:38,18424.70,250,12450150
20221114,09:35:39,18424.70,250,12450150
20221114,09:35:41,18425.00,1000,12450150
20221114,09:35:42,18425.15,800,12450150
20221114,09:35:43,18427.85,200,12450150
20221114,09:35:44,18426.40,1950,12450150
20221114,09:35:45,18426.00,150,12450150
20221114,09:35:47,18427.10,700,12450150
20221114,09:35:48,18426.25,50,12450150
20221114,09:35:49,18426.00,350,12450150
20221114,09:35:50,18430.55,300,12450150
20221114,09:35:51,18430.65,100,12450150
20221114,09:35:52,18429.45,2250,12450150
20221114,09:35:53,18429.20,300,12450150
20221114,09:35:54,18429.85,50,12450150
20221114,09:35:55,18430.90,100,12450150
20221114,09:35:56,18430.15,50,12450150
20221114,09:35:57,18431.00,400,12450150
20221114,09:35:58,18431.15,50,12450150
20221114,09:35:59,18429.25,100,12450150
20221114,09:36:00,18429.50,1800,12450150
20221114,09:36:01,18431.45,550,12450150
20221114,09:36:02,18431.95,700,12450150
20221114,09:36:03,18430.00,650,12450150
20221114,09:36:04,18432.10,1200,12450150
20221114,09:36:05,18432.40,150,12450150
20221114,09:36:06,18430.55,250,12450150
20221114,09:36:07,18430.65,350,12450150
20221114,09:36:08,18432.60,50,12450150
20221114,09:36:10,18431.55,400,12450150
20221114,09:36:12,18428.00,1250,12450150
20221114,09:36:13,18430.95,750,12450150
20221114,09:36:14,18429.20,100,12450150
20221114,09:36:15,18431.95,50,12450150
20221114,09:36:16,18432.60,450,12450150
20221114,09:36:17,18430.45,250,12450150
20221114,09:36:18,18430.60,150,12450150
20221114,09:36:19,18430.10,200,12450150
20221114,09:36:20,18432.25,250,12450150
20221114,09:36:21,18430.50,300,12450150
20221114,09:36:22,18430.50,150,12450150
20221114,09:36:24,18430.50,50,12450150
20221114,09:36:26,18430.00,400,12450150
20221114,09:36:27,18428.50,150,12450150
20221114,09:36:28,18430.00,350,12450150
20221114,09:36:29,18430.00,100,12450150
20221114,09:36:30,18430.00,50,12450150
20221114,09:36:31,18429.85,50,12450150
20221114,09:36:32,18428.35,800,12450150
20221114,09:36:33,18428.00,50,12450150
20221114,09:36:34,18428.35,200,12450150
20221114,09:36:35,18428.20,300,12450150
20221114,09:36:36,18428.00,300,12450150
20221114,09:36:37,18428.00,50,12450150
20221114,09:36:38,18428.35,150,12450150
20221114,09:36:39,18428.35,50,12450150
20221114,09:36:42,18428.15,50,12450150
20221114,09:36:43,18428.35,200,12450150
20221114,09:36:44,18428.35,750,12450150
20221114,09:36:45,18427.50,1050,12450150
20221114,09:36:48,18425.10,1450,12450150
20221114,09:36:49,18426.40,50,12450150
20221114,09:36:50,18426.75,100,12450150
20221114,09:36:52,18430.00,2850,12450150
20221114,09:36:53,18428.55,2100,12450150
20221114,09:36:54,18428.05,1900,12450150
20221114,09:36:55,18427.30,500,12450150
20221114,09:36:56,18427.00,300,12450150
20221114,09:36:57,18426.75,250,12450150
20221114,09:36:59,18425.90,1950,12450150
20221114,09:37:00,18427.00,300,12450150
20221114,09:37:01,18427.00,1550,12450150
20221114,09:37:02,18428.10,200,12450150
20221114,09:37:03,18428.05,2550,12450150
20221114,09:37:04,18427.00,1800,12450150
20221114,09:37:05,18429.00,1650,12450150
20221114,09:37:06,18430.00,300,12450150
20221114,09:37:07,18430.00,700,12450150
20221114,09:37:08,18428.10,100,12450150
20221114,09:37:10,18429.45,100,12450150
20221114,09:37:11,18429.45,100,12450150
20221114,09:37:12,18430.00,500,12450150
20221114,09:37:13,18430.00,350,12450150
20221114,09:37:14,18429.75,300,12450150
20221114,09:37:15,18429.80,350,12450150
20221114,09:37:16,18430.10,200,12450150
20221114,09:37:17,18430.10,50,12450150
20221114,09:37:18,18430.55,1050,12450150
20221114,09:37:19,18432.00,600,12450150
20221114,09:37:21,18432.10,350,12450150
20221114,09:37:22,18432.75,1650,12450150
20221114,09:37:23,18434.00,900,12450150
20221114,09:37:24,18434.45,200,12450150
20221114,09:37:25,18434.45,50,12450150
20221114,09:37:26,18434.45,100,12450150
20221114,09:37:27,18434.30,50,12450150
20221114,09:37:28,18433.90,300,12450150
20221114,09:37:29,18434.45,50,12450150
20221114,09:37:30,18434.00,1200,12450150
20221114,09:37:31,18434.45,150,12450150
20221114,09:37:32,18433.00,200,12450150
20221114,09:37:36,18435.00,350,12450150
20221114,09:37:37,18434.45,600,12450150
20221114,09:37:38,18436.00,550,12450150
20221114,09:37:39,18435.00,450,12450150
20221114,09:37:40,18434.50,200,12450150
20221114,09:37:41,18432.35,1750,12450150
20221114,09:37:42,18432.05,800,12450150
20221114,09:37:43,18432.05,50,12450150
20221114,09:37:46,18433.05,100,12450150
20221114,09:37:48,18434.90,200,12450150
20221114,09:37:49,18432.70,200,12450150
20221114,09:37:50,18432.05,50,12450150
20221114,09:37:51,18433.90,350,12450150
20221114,09:37:52,18432.80,50,12450150
20221114,09:37:53,18432.05,200,12450150
20221114,09:37:56,18432.60,100,12450150
20221114,09:37:57,18433.10,100,12450150
20221114,09:37:58,18433.95,50,12450150
20221114,09:37:59,18434.10,400,12450150
20221114,09:38:00,18433.80,300,12450150
20221114,09:38:01,18434.10,50,12450150
20221114,09:38:02,18433.80,250,12450150
20221114,09:38:03,18434.00,250,12450150
20221114,09:38:04,18434.60,150,12450150
20221114,09:38:05,18434.50,50,12450150
20221114,09:38:06,18434.95,100,12450150
20221114,09:38:07,18435.00,500,12450150
20221114,09:38:08,18434.95,200,12450150
20221114,09:38:09,18434.10,400,12450150
20221114,09:38:10,18433.15,250,12450150
20221114,09:38:13,18434.30,200,12450150
20221114,09:38:13,18433.00,150,12450150
20221114,09:38:15,18433.05,400,12450150
20221114,09:38:16,18432.00,250,12450150
20221114,09:38:17,18431.00,100,12450150
20221114,09:38:18,18430.60,250,12450150
20221114,09:38:20,18430.05,550,12450150
20221114,09:38:20,18432.90,50,12450150
20221114,09:38:21,18432.05,50,12450150
20221114,09:38:22,18430.60,1100,12450150
20221114,09:38:24,18430.65,250,12450150
20221114,09:38:25,18432.25,300,12450150
20221114,09:38:26,18431.90,350,12450150
20221114,09:38:28,18430.05,400,12437250
20221114,09:38:28,18430.05,50,12437250
20221114,09:38:30,18431.10,50,12437250
20221114,09:38:31,18432.00,100,12437250
20221114,09:38:33,18433.00,300,12437250
20221114,09:38:34,18430.10,300,12437250
20221114,09:38:35,18430.10,50,12437250
20221114,09:38:37,18431.25,250,12437250
20221114,09:38:40,18431.00,250,12437250
20221114,09:38:41,18431.00,400,12437250
20221114,09:38:42,18428.55,800,12437250
20221114,09:38:43,18431.00,100,12437250
20221114,09:38:46,18430.00,800,12437250
20221114,09:38:47,18431.00,250,12437250
20221114,09:38:48,18431.00,450,12437250
20221114,09:38:50,18431.00,300,12437250
20221114,09:38:51,18429.65,1000,12437250
20221114,09:38:52,18431.00,250,12437250
20221114,09:38:53,18431.05,300,12437250
20221114,09:38:54,18430.90,400,12437250
20221114,09:38:56,18428.90,200,12437250
20221114,09:38:57,18431.00,200,12437250
20221114,09:38:58,18429.55,100,12437250
20221114,09:38:59,18430.10,50,12437250
20221114,09:39:01,18430.85,1200,12437250
20221114,09:39:01,18430.80,50,12437250
20221114,09:39:02,18430.05,50,12437250
20221114,09:39:03,18430.90,550,12437250
20221114,09:39:04,18428.60,150,12437250
20221114,09:39:05,18428.55,450,12437250
20221114,09:39:06,18428.00,350,12437250
20221114,09:39:07,18428.00,150,12437250
20221114,09:39:08,18428.00,350,12437250
20221114,09:39:10,18429.75,100,12437250
20221114,09:39:10,18428.05,50,12437250
20221114,09:39:11,18431.75,500,12437250
20221114,09:39:12,18429.90,150,12437250
20221114,09:39:13,18431.95,50,12437250
20221114,09:39:14,18431.80,550,12437250
20221114,09:39:16,18434.00,150,12437250
20221114,09:39:18,18432.05,50,12437250
20221114,09:39:19,18434.25,100,12437250
20221114,09:39:20,18434.00,100,12437250
20221114,09:39:21,18432.95,200,12437250
20221114,09:39:22,18434.00,250,12437250
20221114,09:39:24,18433.85,150,12437250
20221114,09:39:25,18434.95,100,12437250
20221114,09:39:26,18434.95,50,12437250
20221114,09:39:28,18435.00,700,12437250
20221114,09:39:31,18436.00,350,12437250
20221114,09:39:33,18435.20,250,12437250
20221114,09:39:34,18435.00,550,12437250
20221114,09:39:35,18435.00,150,12437250
20221114,09:39:36,18435.45,200,12437250
20221114,09:39:40,18436.45,700,12437250
20221114,09:39:41,18435.25,50,12437250
20221114,09:39:42,18436.45,150,12437250
20221114,09:39:43,18436.45,250,12437250
20221114,09:39:46,18435.60,250,12437250
20221114,09:39:47,18435.65,50,12437250
20221114,09:39:48,18435.45,900,12437250
20221114,09:39:50,18435.20,50,12437250
20221114,09:39:51,18436.90,100,12437250
20221114,09:39:54,18436.00,100,12437250
20221114,09:39:55,18437.45,300,12437250
20221114,09:39:56,18437.30,50,12437250
20221114,09:39:58,18437.35,100,12437250
20221114,09:39:59,18437.00,1450,12437250
20221114,09:40:00,18437.45,100,12437250
20221114,09:40:01,18437.45,150,12437250
20221114,09:40:02,18437.85,200,12437250
20221114,09:40:03,18439.95,2650,12437250
20221114,09:40:04,18439.45,900,12437250
20221114,09:40:05,18439.45,100,12437250
20221114,09:40:06,18443.00,1250,12437250
20221114,09:40:07,18439.70,850,12437250
20221114,09:40:08,18443.00,200,12437250
20221114,09:40:09,18442.15,50,12437250
20221114,09:40:10,18443.50,650,12437250
20221114,09:40:12,18443.55,400,12437250
20221114,09:40:13,18443.55,650,12437250
20221114,09:40:14,18443.55,50,12437250
20221114,09:40:15,18445.00,950,12437250
20221114,09:40:16,18443.50,450,12437250
20221114,09:40:17,18442.50,400,12437250
20221114,09:40:18,18442.45,50,12437250
20221114,09:40:19,18443.90,1350,12437250
20221114,09:40:20,18443.55,150,12437250
20221114,09:40:22,18444.35,50,12437250
20221114,09:40:22,18443.55,50,12437250
20221114,09:40:23,18444.45,500,12437250
20221114,09:40:24,18445.60,3550,12437250
20221114,09:40:25,18446.70,350,12437250
20221114,09:40:27,18447.00,300,12437250
20221114,09:40:28,18449.00,1050,12437250
20221114,09:40:29,18449.00,650,12437250
20221114,09:40:30,18447.05,50,12437250
20221114,09:40:31,18451.65,2100,12437250
20221114,09:40:32,18450.05,600,12437250
20221114,09:40:32,18450.05,100,12437250
20221114,09:40:33,18450.05,150,12437250
20221114,09:40:34,18450.00,450,12437250
20221114,09:40:35,18451.20,150,12437250
20221114,09:40:36,18450.15,600,12437250
20221114,09:40:37,18447.20,150,12437250
20221114,09:40:38,18450.00,200,12437250
20221114,09:40:40,18450.00,200,12437250
20221114,09:40:41,18450.00,200,12437250
20221114,09:40:43,18447.10,450,12437250
20221114,09:40:44,18448.65,50,12437250
20221114,09:40:45,18449.25,150,12437250
20221114,09:40:46,18447.40,200,12437250
20221114,09:40:47,18449.25,600,12437250
20221114,09:40:48,18448.85,50,12437250
20221114,09:40:49,18448.00,250,12437250
20221114,09:40:51,18448.75,300,12437250
20221114,09:40:52,18448.80,50,12437250
20221114,09:40:53,18448.50,200,12437250
20221114,09:40:54,18448.50,300,12437250
20221114,09:40:56,18447.05,700,12437250
20221114,09:40:57,18447.90,100,12437250
20221114,09:40:58,18448.50,300,12437250
20221114,09:40:59,18447.35,250,12437250
20221114,09:41:00,18447.00,1200,12437250
20221114,09:41:01,18446.60,250,12437250
20221114,09:41:03,18446.95,200,12437250
20221114,09:41:04,18447.15,150,12437250
20221114,09:41:05,18447.45,200,12437250
20221114,09:41:06,18446.75,200,12437250
20221114,09:41:07,18446.00,100,12437250
20221114,09:41:08,18446.90,50,12437250
20221114,09:41:09,18445.00,350,12437250
20221114,09:41:11,18444.15,500,12437250
20221114,09:41:12,18444.55,100,12437250
20221114,09:41:13,18443.25,200,12437250
20221114,09:41:14,18444.00,50,12437250
20221114,09:41:15,18444.05,150,12437250
20221114,09:41:16,18443.90,100,12437250
20221114,09:41:17,18443.55,50,12437250
20221114,09:41:18,18444.35,100,12437250
20221114,09:41:19,18443.55,50,12437250
20221114,09:41:20,18445.00,100,12437250
20221114,09:41:21,18445.50,50,12437250
20221114,09:41:22,18446.00,250,12437250
20221114,09:41:23,18445.60,50,12437250
20221114,09:41:24,18445.25,200,12437250
20221114,09:41:25,18446.40,100,12437250
20221114,09:41:26,18443.00,300,12437250
20221114,09:41:27,18444.20,50,12437250
20221114,09:41:28,18443.55,250,12449750
20221114,09:41:29,18444.25,100,12449750
20221114,09:41:30,18445.25,50,12449750
20221114,09:41:31,18445.00,50,12449750
20221114,09:41:32,18444.25,550,12449750
20221114,09:41:34,18445.90,50,12449750
20221114,09:41:35,18445.00,350,12449750
20221114,09:41:36,18445.40,100,12449750
20221114,09:41:37,18445.00,50,12449750
20221114,09:41:38,18444.95,50,12449750
20221114,09:41:39,18445.00,50,12449750
20221114,09:41:40,18445.05,850,12449750
20221114,09:41:42,18445.00,300,12449750
20221114,09:41:43,18445.90,150,12449750
20221114,09:41:43,18446.00,50,12449750
20221114,09:41:44,18446.00,100,12449750
20221114,09:41:45,18447.00,250,12449750
20221114,09:41:47,18447.20,250,12449750
20221114,09:41:48,18447.45,50,12449750
20221114,09:41:48,18445.80,150,12449750
20221114,09:41:50,18446.75,150,12449750
20221114,09:41:51,18448.00,450,12449750
20221114,09:41:52,18448.00,100,12449750
20221114,09:41:53,18448.00,100,12449750
20221114,09:41:54,18447.90,200,12449750
20221114,09:41:54,18448.00,200,12449750
20221114,09:41:56,18447.00,500,12449750
20221114,09:41:58,18447.00,100,12449750
20221114,09:41:59,18447.50,50,12449750
20221114,09:42:00,18448.00,250,12449750
20221114,09:42:02,18448.00,1100,12449750
20221114,09:42:04,18448.25,500,12449750
20221114,09:42:06,18445.85,1250,12449750
20221114,09:42:09,18445.85,400,12449750
20221114,09:42:10,18448.05,50,12449750
20221114,09:42:11,18448.10,100,12449750
20221114,09:42:12,18448.85,50,12449750
20221114,09:42:13,18448.00,100,12449750
20221114,09:42:14,18449.00,100,12449750
20221114,09:42:16,18446.10,150,12449750
20221114,09:42:20,18445.90,600,12449750
20221114,09:42:21,18446.85,50,12449750
20221114,09:42:22,18447.95,100,12449750
20221114,09:42:23,18448.00,100,12449750
20221114,09:42:24,18445.90,150,12449750
20221114,09:42:25,18446.90,300,12449750
20221114,09:42:27,18447.25,150,12449750
20221114,09:42:28,18447.25,50,12449750
20221114,09:42:29,18446.70,50,12449750
20221114,09:42:32,18447.05,100,12449750
20221114,09:42:33,18446.05,50,12449750
20221114,09:42:34,18446.00,1150,12449750
20221114,09:42:35,18445.95,650,12449750
20221114,09:42:37,18445.50,100,12449750
20221114,09:42:38,18445.50,100,12449750
20221114,09:42:38,18445.05,50,12449750
20221114,09:42:40,18445.05,50,12449750
20221114,09:42:41,18445.05,50,12449750
20221114,09:42:42,18445.25,250,12449750
20221114,09:42:44,18445.35,50,12449750
20221114,09:42:45,18445.05,300,12449750
20221114,09:42:47,18445.05,1150,12449750
20221114,09:42:48,18445.70,100,12449750
20221114,09:42:49,18445.75,50,12449750
20221114,09:42:50,18446.00,250,12449750
20221114,09:42:51,18445.70,50,12449750
20221114,09:42:52,18446.25,100,12449750
20221114,09:42:53,18446.85,150,12449750
20221114,09:42:54,18445.00,500,12449750
20221114,09:42:57,18445.70,650,12449750
20221114,09:42:58,18445.70,1150,12449750
20221114,09:42:59,18445.90,450,12449750
20221114,09:43:00,18444.75,1050,12449750
20221114,09:43:03,18444.00,350,12449750
20221114,09:43:05,18444.10,150,12449750
20221114,09:43:07,18445.25,150,12449750
20221114,09:43:10,18444.65,400,12449750
20221114,09:43:11,18444.75,50,12449750
20221114,09:43:12,18443.15,100,12449750
20221114,09:43:13,18442.95,150,12449750
20221114,09:43:14,18444.00,50,12449750
20221114,09:43:16,18442.05,50,12449750
20221114,09:43:18,18442.00,350,12449750
20221114,09:43:19,18441.10,250,12449750
20221114,09:43:20,18442.00,100,12449750
20221114,09:43:21,18443.00,250,12449750
20221114,09:43:22,18442.15,300,12449750
20221114,09:43:23,18442.80,50,12449750
20221114,09:43:24,18443.35,300,12449750
20221114,09:43:25,18444.30,400,12449750
20221114,09:43:27,18446.00,300,12449750
20221114,09:43:28,18445.80,1700,12449750
20221114,09:43:30,18444.35,250,12449750
20221114,09:43:31,18444.35,500,12449750
20221114,09:43:32,18443.85,50,12449750
20221114,09:43:33,18443.40,50,12449750
20221114,09:43:35,18445.20,250,12449750
20221114,09:43:37,18444.65,700,12449750
20221114,09:43:38,18445.35,100,12449750
20221114,09:43:39,18444.00,50,12449750
20221114,09:43:41,18444.40,400,12449750
20221114,09:43:42,18442.95,50,12449750
20221114,09:43:43,18443.25,100,12449750
20221114,09:43:45,18443.35,100,12449750
20221114,09:43:46,18443.00,550,12449750
20221114,09:43:47,18442.50,100,12449750
20221114,09:43:51,18442.90,50,12449750
20221114,09:43:52,18442.50,250,12449750
20221114,09:43:53,18443.85,50,12449750
20221114,09:43:54,18443.00,100,12449750
20221114,09:43:56,18442.80,100,12449750
20221114,09:43:57,18442.75,100,12449750
20221114,09:44:00,18442.10,400,12449750
20221114,09:44:01,18442.00,150,12449750
20221114,09:44:02,18441.00,50,12449750
20221114,09:44:05,18441.00,200,12449750
20221114,09:44:06,18441.05,150,12449750
20221114,09:44:07,18441.00,550,12449750
20221114,09:44:08,18440.15,600,12449750
20221114,09:44:10,18440.00,550,12449750
20221114,09:44:12,18440.40,100,12449750
20221114,09:44:14,18440.05,200,12449750
20221114,09:44:16,18440.75,50,12449750
20221114,09:44:17,18440.10,100,12449750
20221114,09:44:18,18440.60,150,12449750
20221114,09:44:18,18441.00,200,12449750
20221114,09:44:19,18440.05,350,12449750
20221114,09:44:20,18440.05,100,12449750
20221114,09:44:22,18440.90,50,12449750
20221114,09:44:23,18441.00,50,12449750
20221114,09:44:24,18440.85,50,12449750
20221114,09:44:24,18440.40,50,12449750
20221114,09:44:25,18442.00,750,12449750
20221114,09:44:26,18442.00,200,12449750
20221114,09:44:28,18442.75,150,12449750
20221114,09:44:29,18440.65,300,12457250
20221114,09:44:30,18442.00,100,12457250
20221114,09:44:31,18440.00,1350,12457250
20221114,09:44:34,18440.45,350,12457250
20221114,09:44:35,18439.75,50,12457250
20221114,09:44:36,18440.95,150,12457250
20221114,09:44:37,18439.90,150,12457250
20221114,09:44:38,18440.60,50,12457250
20221114,09:44:40,18441.10,100,12457250
20221114,09:44:41,18441.25,100,12457250
20221114,09:44:42,18442.05,50,12457250
20221114,09:44:44,18442.10,50,12457250
20221114,09:44:45,18440.50,50,12457250
20221114,09:44:47,18439.10,300,12457250
20221114,09:44:48,18438.00,450,12457250
20221114,09:44:49,18437.40,300,12457250
20221114,09:44:50,18437.00,100,12457250
20221114,09:44:51,18436.10,250,12457250
20221114,09:44:54,18436.00,250,12457250
20221114,09:44:55,18436.05,150,12457250
20221114,09:44:56,18436.10,50,12457250
20221114,09:44:57,18436.10,200,12457250
20221114,09:44:59,18436.95,300,12457250
20221114,09:45:00,18437.45,250,12457250
20221114,09:45:01,18437.75,200,12457250
20221114,09:45:02,18438.05,250,12457250
20221114,09:45:04,18438.55,150,12457250
20221114,09:45:05,18438.90,100,12457250
20221114,09:45:06,18438.90,200,12457250
20221114,09:45:07,18438.95,100,12457250
20221114,09:45:08,18439.25,250,12457250
20221114,09:45:10,18439.75,200,12457250
20221114,09:45:11,18438.80,350,12457250
20221114,09:45:12,18436.00,500,12457250
20221114,09:45:13,18435.00,850,12457250
20221114,09:45:14,18435.75,150,12457250
20221114,09:45:15,18435.15,100,12457250
20221114,09:45:16,18435.00,100,12457250
20221114,09:45:17,18435.10,50,12457250
20221114,09:45:18,18433.05,550,12457250
20221114,09:45:19,18433.00,450,12457250
20221114,09:45:20,18432.15,550,12457250
20221114,09:45:22,18432.10,650,12457250
20221114,09:45:23,18432.15,50,12457250
20221114,09:45:24,18432.00,100,12457250
20221114,09:45:25,18431.00,650,12457250
20221114,09:45:26,18432.40,150,12457250
20221114,09:45:27,18432.25,50,12457250
20221114,09:45:28,18430.15,550,12457250
20221114,09:45:29,18430.00,250,12457250
20221114,09:45:30,18430.00,250,12457250
20221114,09:45:31,18430.00,300,12457250
20221114,09:45:32,18428.65,1550,12457250
20221114,09:45:33,18428.65,200,12457250
20221114,09:45:34,18429.70,150,12457250
20221114,09:45:35,18428.65,750,12457250
20221114,09:45:36,18428.00,150,12457250
20221114,09:45:36,18427.95,50,12457250
20221114,09:45:37,18429.60,750,12457250
20221114,09:45:38,18427.35,900,12457250
20221114,09:45:39,18427.60,100,12457250
20221114,09:45:40,18428.20,50,12457250
20221114,09:45:41,18429.85,100,12457250
20221114,09:45:42,18430.00,600,12457250
20221114,09:45:43,18430.15,350,12457250
20221114,09:45:44,18431.25,50,12457250
20221114,09:45:45,18432.00,450,12457250
20221114,09:45:46,18432.00,400,12457250
20221114,09:45:47,18432.65,250,12457250
20221114,09:45:48,18433.20,200,12457250
20221114,09:45:51,18430.55,350,12457250
20221114,09:45:52,18430.55,100,12457250
20221114,09:45:53,18430.50,150,12457250
20221114,09:45:54,18433.00,50,12457250
20221114,09:45:56,18431.95,100,12457250
20221114,09:45:57,18433.20,150,12457250
20221114,09:45:58,18433.25,50,12457250
20221114,09:45:59,18433.95,50,12457250
20221114,09:46:01,18433.95,50,12457250
20221114,09:46:02,18433.95,200,12457250
20221114,09:46:04,18430.70,250,12457250
20221114,09:46:05,18431.30,100,12457250
20221114,09:46:08,18433.00,250,12457250
20221114,09:46:09,18430.40,550,12457250
20221114,09:46:10,18431.20,150,12457250
20221114,09:46:11,18431.70,50,12457250
20221114,09:46:12,18429.20,500,12457250
20221114,09:46:13,18428.00,200,12457250
20221114,09:46:14,18430.95,50,12457250
20221114,09:46:15,18431.00,100,12457250
20221114,09:46:16,18431.00,50,12457250
20221114,09:46:17,18430.25,200,12457250
20221114,09:46:18,18431.10,150,12457250
20221114,09:46:19,18430.90,50,12457250
20221114,09:46:20,18430.35,200,12457250
20221114,09:46:20,18431.95,50,12457250
20221114,09:46:22,18431.95,100,12457250
20221114,09:46:23,18432.00,350,12457250
20221114,09:46:24,18433.00,550,12457250
20221114,09:46:25,18433.70,350,12457250
20221114,09:46:26,18434.95,550,12457250
20221114,09:46:28,18434.95,700,12457250
20221114,09:46:29,18434.95,300,12457250
20221114,09:46:30,18434.30,50,12457250
20221114,09:46:31,18434.50,200,12457250
20221114,09:46:33,18434.00,50,12457250
20221114,09:46:34,18433.60,300,12457250
20221114,09:46:38,18433.60,200,12457250
20221114,09:46:40,18434.55,100,12457250
20221114,09:46:41,18434.95,200,12457250
20221114,09:46:42,18435.00,200,12457250
20221114,09:46:42,18435.95,100,12457250
20221114,09:46:44,18436.00,250,12457250
20221114,09:46:45,18437.10,150,12457250
20221114,09:46:47,18436.50,200,12457250
20221114,09:46:48,18437.35,50,12457250
20221114,09:46:49,18437.70,100,12457250
20221114,09:46:50,18437.70,100,12457250
20221114,09:46:52,18437.75,100,12457250
20221114,09:46:52,18438.00,150,12457250
20221114,09:46:53,18438.30,350,12457250
20221114,09:46:55,18439.00,150,12457250
20221114,09:46:56,18439.00,400,12457250
20221114,09:46:58,18439.00,300,12457250
20221114,09:47:00,18437.60,50,12457250
20221114,09:47:02,18437.80,200,12457250
20221114,09:47:05,18437.80,150,12457250
20221114,09:47:06,18435.65,500,12457250
20221114,09:47:07,18437.85,150,12457250
20221114,09:47:08,18436.85,100,12457250
20221114,09:47:11,18435.50,200,12457250
20221114,09:47:12,18434.30,1050,12457250
20221114,09:47:13,18434.00,50,12457250
20221114,09:47:18,18434.60,100,12457250
20221114,09:47:20,18435.50,100,12457250
20221114,09:47:21,18434.55,250,12457250
20221114,09:47:22,18435.05,250,12457250
20221114,09:47:23,18431.70,350,12457250
20221114,09:47:24,18433.40,150,12457250
20221114,09:47:25,18433.20,350,12457250
20221114,09:47:27,18433.75,50,12457250
20221114,09:47:28,18433.50,300,12457250
20221114,09:47:29,18432.00,50,12457250
20221114,09:47:30,18431.00,100,12462200
20221114,09:47:31,18432.75,300,12462200
20221114,09:47:32,18432.15,150,12462200
20221114,09:47:33,18432.15,100,12462200
20221114,09:47:34,18434.95,150,12462200
20221114,09:47:35,18434.40,100,12462200
20221114,09:47:38,18433.60,250,12462200
20221114,09:47:40,18433.60,200,12462200
20221114,09:47:41,18432.25,350,12462200
20221114,09:47:45,18435.00,150,12462200
20221114,09:47:46,18433.40,550,12462200
20221114,09:47:49,18433.00,100,12462200
20221114,09:47:53,18435.00,200,12462200
20221114,09:47:54,18433.10,50,12462200
20221114,09:47:55,18433.20,50,12462200
20221114,09:47:58,18435.00,400,12462200
20221114,09:47:59,18433.10,50,12462200
20221114,09:48:01,18433.60,150,12462200
20221114,09:48:03,18434.50,50,12462200
20221114,09:48:04,18433.00,300,12462200
20221114,09:48:05,18432.00,100,12462200
20221114,09:48:06,18433.10,500,12462200
20221114,09:48:07,18435.00,200,12462200
20221114,09:48:08,18432.75,50,12462200
20221114,09:48:09,18432.75,50,12462200
20221114,09:48:11,18435.05,50,12462200
20221114,09:48:12,18435.00,150,12462200
20221114,09:48:13,18435.05,100,12462200
20221114,09:48:14,18433.45,50,12462200
20221114,09:48:16,18432.75,200,12462200
20221114,09:48:18,18435.05,250,12462200
20221114,09:48:20,18433.35,50,12462200
20221114,09:48:22,18435.00,50,12462200
20221114,09:48:23,18435.05,150,12462200
20221114,09:48:24,18435.25,150,12462200
20221114,09:48:27,18434.15,100,12462200
20221114,09:48:28,18431.85,1300,12462200
20221114,09:48:29,18431.10,200,12462200
20221114,09:48:30,18431.05,450,12462200
20221114,09:48:31,18430.90,500,12462200
20221114,09:48:32,18430.60,200,12462200
20221114,09:48:35,18430.35,400,12462200
20221114,09:48:37,18430.30,50,12462200
20221114,09:48:38,18430.15,150,12462200
20221114,09:48:39,18430.30,150,12462200
20221114,09:48:40,18430.30,500,12462200
20221114,09:48:42,18430.30,50,12462200
20221114,09:48:43,18430.05,450,12462200
20221114,09:48:46,18430.00,100,12462200
20221114,09:48:48,18430.05,300,12462200
20221114,09:48:49,18430.35,50,12462200
20221114,09:48:50,18429.20,700,12462200
20221114,09:48:51,18430.00,100,12462200
20221114,09:48:52,18429.50,50,12462200
20221114,09:48:53,18430.00,150,12462200
20221114,09:48:54,18429.05,50,12462200
20221114,09:48:57,18429.55,150,12462200
20221114,09:48:58,18429.20,300,12462200
20221114,09:48:59,18429.80,50,12462200
20221114,09:49:00,18429.00,100,12462200
20221114,09:49:01,18429.80,100,12462200
20221114,09:49:03,18428.90,350,12462200
20221114,09:49:04,18428.15,150,12462200
20221114,09:49:06,18429.45,250,12462200
20221114,09:49:07,18427.30,1150,12462200
20221114,09:49:08,18427.00,100,12462200
20221114,09:49:09,18427.90,100,12462200
20221114,09:49:10,18426.15,100,12462200
20221114,09:49:11,18426.00,200,12462200
20221114,09:49:12,18426.85,200,12462200
20221114,09:49:13,18426.90,100,12462200
20221114,09:49:14,18426.25,50,12462200
20221114,09:49:16,18426.95,50,12462200
20221114,09:49:17,18426.45,100,12462200
20221114,09:49:18,18427.00,150,12462200
20221114,09:49:19,18427.00,50,12462200
20221114,09:49:20,18427.00,50,12462200
20221114,09:49:21,18427.20,350,12462200
20221114,09:49:22,18426.45,50,12462200
20221114,09:49:24,18426.00,100,12462200
20221114,09:49:26,18426.25,150,12462200
20221114,09:49:27,18426.25,600,12462200
20221114,09:49:28,18426.00,50,12462200
20221114,09:49:30,18426.00,150,12462200
20221114,09:49:30,18426.00,50,12462200
20221114,09:49:32,18425.75,50,12462200
20221114,09:49:33,18425.75,250,12462200
20221114,09:49:34,18427.75,4000,12462200
20221114,09:49:35,18425.10,100,12462200
20221114,09:49:36,18426.40,250,12462200
20221114,09:49:37,18425.55,100,12462200
20221114,09:49:38,18425.10,50,12462200
20221114,09:49:39,18425.00,1850,12462200
20221114,09:49:40,18424.60,150,12462200
20221114,09:49:41,18425.30,500,12462200
20221114,09:49:42,18424.95,50,12462200
20221114,09:49:43,18424.40,200,12462200
20221114,09:49:44,18424.40,100,12462200
20221114,09:49:46,18424.00,300,12462200
20221114,09:49:47,18424.50,200,12462200
20221114,09:49:48,18424.95,200,12462200
20221114,09:49:49,18423.20,100,12462200
20221114,09:49:50,18423.55,750,12462200
20221114,09:49:52,18425.30,600,12462200
20221114,09:49:54,18426.15,250,12462200
20221114,09:49:55,18426.45,50,12462200
20221114,09:49:56,18425.25,700,12462200
20221114,09:49:57,18425.00,400,12462200
20221114,09:49:58,18426.40,100,12462200
20221114,09:49:59,18425.00,50,12462200
20221114,09:50:01,18425.40,300,12462200
20221114,09:50:02,18424.00,150,12462200
20221114,09:50:03,18422.15,1250,12462200
20221114,09:50:04,18423.30,200,12462200
20221114,09:50:05,18423.20,3850,12462200
20221114,09:50:06,18422.15,50,12462200
20221114,09:50:08,18421.00,450,12462200
20221114,09:50:08,18422.80,50,12462200
20221114,09:50:09,18423.10,750,12462200
20221114,09:50:10,18422.65,200,12462200
20221114,09:50:11,18421.85,850,12462200
20221114,09:50:12,18423.60,550,12462200
20221114,09:50:14,18424.25,50,12462200
20221114,09:50:16,18426.00,600,12462200
20221114,09:50:17,18425.20,50,12462200
20221114,09:50:18,18425.30,450,12462200
20221114,09:50:20,18425.25,50,12462200
20221114,09:50:20,18422.90,1000,12462200
20221114,09:50:21,18424.40,400,12462200
20221114,09:50:23,18425.30,200,12462200
20221114,09:50:24,18422.65,250,12462200
20221114,09:50:26,18425.55,150,12462200
20221114,09:50:27,18424.10,50,12462200
20221114,09:50:28,18422.10,350,12462200
20221114,09:50:30,18423.35,50,12467150
20221114,09:50:32,18422.25,300,12467150
20221114,09:50:33,18422.00,1250,12467150
20221114,09:50:34,18422.00,100,12467150
20221114,09:50:35,18423.45,250,12467150
20221114,09:50:36,18424.20,100,12467150
20221114,09:50:38,18422.00,150,12467150
20221114,09:50:38,18422.00,900,12467150
20221114,09:50:39,18421.40,1150,12467150
20221114,09:50:40,18424.10,500,12467150
20221114,09:50:42,18421.00,350,12467150
20221114,09:50:44,18423.70,1200,12467150
20221114,09:50:45,18421.85,300,12467150
20221114,09:50:46,18422.65,150,12467150
20221114,09:50:47,18422.65,150,12467150
20221114,09:50:49,18420.10,150,12467150
20221114,09:50:50,18421.35,450,12467150
20221114,09:50:51,18418.10,8550,12467150
20221114,09:50:52,18418.10,200,12467150
20221114,09:50:53,18416.50,950,12467150
20221114,09:50:54,18416.25,200,12467150
20221114,09:50:56,18417.05,350,12467150
20221114,09:50:56,18417.05,50,12467150
20221114,09:50:57,18416.55,1150,12467150
20221114,09:50:58,18416.45,150,12467150
20221114,09:50:59,18416.00,500,12467150
20221114,09:51:00,18417.75,600,12467150
20221114,09:51:02,18416.90,1700,12467150
20221114,09:51:02,18416.00,100,12467150
20221114,09:51:03,18416.25,1300,12467150
20221114,09:51:04,18416.00,800,12467150
20221114,09:51:05,18416.20,1000,12467150
20221114,09:51:06,18414.60,150,12467150
20221114,09:51:08,18416.10,50,12467150
20221114,09:51:09,18416.20,400,12467150
20221114,09:51:10,18415.75,650,12467150
20221114,09:51:11,18415.05,150,12467150
20221114,09:51:12,18415.30,200,12467150
20221114,09:51:12,18415.25,50,12467150
20221114,09:51:13,18415.00,350,12467150
20221114,09:51:14,18415.20,600,12467150
20221114,09:51:15,18415.95,800,12467150
20221114,09:51:16,18417.50,600,12467150
20221114,09:51:17,18416.35,700,12467150
20221114,09:51:19,18418.00,250,12467150
20221114,09:51:19,18416.20,300,12467150
20221114,09:51:20,18417.45,500,12467150
20221114,09:51:21,18418.00,100,12467150
20221114,09:51:22,18418.00,50,12467150
20221114,09:51:23,18416.80,450,12467150
20221114,09:51:25,18415.10,850,12467150
20221114,09:51:26,18415.90,300,12467150
20221114,09:51:28,18415.90,300,12467150
20221114,09:51:29,18415.10,50,12467150
20221114,09:51:30,18418.00,550,12467150
20221114,09:51:31,18416.95,100,12467150
20221114,09:51:32,18415.05,2150,12467150
20221114,09:51:33,18415.00,550,12467150
20221114,09:51:34,18414.00,150,12467150
20221114,09:51:35,18415.05,50,12467150
20221114,09:51:36,18414.50,150,12467150
20221114,09:51:38,18414.20,150,12467150
20221114,09:51:38,18414.90,50,12467150
20221114,09:51:39,18413.25,800,12467150
20221114,09:51:40,18414.00,100,12467150
20221114,09:51:41,18414.00,400,12467150
20221114,09:51:42,18412.15,250,12467150
20221114,09:51:44,18412.05,150,12467150
20221114,09:51:45,18412.00,550,12467150
20221114,09:51:45,18411.90,50,12467150
20221114,09:51:46,18414.00,650,12467150
20221114,09:51:47,18412.30,150,12467150
20221114,09:51:48,18413.35,150,12467150
20221114,09:51:49,18413.00,500,12467150
20221114,09:51:51,18412.20,250,12467150
20221114,09:51:52,18414.25,100,12467150
20221114,09:51:53,18413.20,650,12467150
20221114,09:51:54,18413.10,50,12467150
20221114,09:51:55,18414.15,200,12467150
20221114,09:51:56,18414.10,250,12467150
20221114,09:51:57,18414.15,250,12467150
20221114,09:51:58,18413.15,550,12467150
20221114,09:52:00,18413.10,250,12467150
20221114,09:52:01,18414.25,1100,12467150
20221114,09:52:02,18413.15,150,12467150
20221114,09:52:03,18414.25,200,12467150
20221114,09:52:05,18412.55,400,12467150
20221114,09:52:06,18412.90,150,12467150
20221114,09:52:08,18412.90,300,12467150
20221114,09:52:09,18412.00,350,12467150
20221114,09:52:10,18412.65,150,12467150
20221114,09:52:11,18413.05,1200,12467150
20221114,09:52:12,18413.20,2600,12467150
20221114,09:52:13,18414.95,1300,12467150
20221114,09:52:14,18415.05,2150,12467150
20221114,09:52:15,18413.95,600,12467150
20221114,09:52:16,18415.05,350,12467150
20221114,09:52:17,18414.05,100,12467150
20221114,09:52:18,18413.45,200,12467150
20221114,09:52:19,18415.05,150,12467150
20221114,09:52:20,18414.00,50,12467150
20221114,09:52:21,18414.55,100,12467150
20221114,09:52:22,18414.90,200,12467150
20221114,09:52:24,18413.85,100,12467150
20221114,09:52:25,18414.00,50,12467150
20221114,09:52:26,18414.75,650,12467150
20221114,09:52:27,18413.70,150,12467150
20221114,09:52:28,18412.70,1950,12467150
20221114,09:52:29,18411.70,2050,12467150
20221114,09:52:30,18412.70,200,12467150
20221114,09:52:31,18413.05,100,12467150
20221114,09:52:32,18411.60,600,12467150
20221114,09:52:34,18411.60,350,12467150
20221114,09:52:35,18411.30,50,12467150
20221114,09:52:36,18411.60,50,12467150
20221114,09:52:37,18411.60,650,12467150
20221114,09:52:38,18411.60,200,12467150
20221114,09:52:40,18411.60,150,12467150
20221114,09:52:41,18412.00,450,12467150
20221114,09:52:42,18411.40,500,12467150
20221114,09:52:43,18412.60,150,12467150
20221114,09:52:45,18412.05,550,12467150
20221114,09:52:46,18412.05,100,12467150
20221114,09:52:47,18412.00,300,12467150
20221114,09:52:49,18411.40,350,12467150
20221114,09:52:50,18412.00,300,12467150
20221114,09:52:50,18412.00,50,12467150
20221114,09:52:51,18411.05,4050,12467150
20221114,09:52:52,18412.00,1650,12467150
20221114,09:52:54,18412.05,50,12467150
20221114,09:52:55,18412.05,450,12467150
20221114,09:52:56,18412.05,450,12467150
20221114,09:52:57,18412.05,1100,12467150
20221114,09:52:59,18412.60,400,12467150
20221114,09:53:00,18413.05,250,12467150
20221114,09:53:01,18412.90,100,12467150
20221114,09:53:02,18413.00,250,12467150
20221114,09:53:03,18413.55,1300,12467150
20221114,09:53:05,18413.95,550,12467150
20221114,09:53:06,18415.00,250,12467150
20221114,09:53:07,18415.00,550,12467150
20221114,09:53:08,18415.00,450,12467150
20221114,09:53:09,18415.05,150,12467150
20221114,09:53:10,18415.45,200,12467150
20221114,09:53:11,18415.45,250,12467150
20221114,09:53:12,18415.45,200,12467150
20221114,09:53:13,18415.00,150,12467150
20221114,09:53:14,18415.45,150,12467150
20221114,09:53:15,18415.00,50,12467150
20221114,09:53:16,18415.05,50,12467150
20221114,09:53:18,18414.00,350,12467150
20221114,09:53:19,18414.00,100,12467150
20221114,09:53:19,18413.75,50,12467150
20221114,09:53:20,18415.00,700,12467150
20221114,09:53:21,18415.00,400,12467150
20221114,09:53:23,18414.10,50,12467150
20221114,09:53:24,18413.30,450,12467150
20221114,09:53:25,18414.10,350,12467150
20221114,09:53:26,18414.10,50,12467150
20221114,09:53:28,18414.30,200,12467150
20221114,09:53:29,18413.75,50,12467150
20221114,09:53:30,18415.00,250,12461100
20221114,09:53:33,18415.00,250,12461100
20221114,09:53:35,18413.75,150,12461100
20221114,09:53:36,18415.00,50,12461100
20221114,09:53:37,18414.35,200,12461100
20221114,09:53:40,18413.75,50,12461100
20221114,09:53:42,18414.00,200,12461100
20221114,09:53:43,18413.00,250,12461100
20221114,09:53:44,18413.25,50,12461100
20221114,09:53:45,18413.25,100,12461100
20221114,09:53:46,18413.60,50,12461100
20221114,09:53:48,18413.00,950,12461100
20221114,09:53:49,18414.00,50,12461100
20221114,09:53:50,18412.65,450,12461100
20221114,09:53:53,18414.00,450,12461100
20221114,09:53:54,18415.00,50,12461100
20221114,09:53:58,18415.00,250,12461100
20221114,09:53:59,18415.00,400,12461100
20221114,09:54:00,18416.00,350,12461100
20221114,09:54:02,18415.70,150,12461100
20221114,09:54:03,18416.45,1850,12461100
20221114,09:54:04,18415.00,500,12461100
20221114,09:54:05,18414.00,50,12461100
20221114,09:54:07,18414.60,150,12461100
20221114,09:54:08,18416.40,250,12461100
20221114,09:54:09,18416.30,50,12461100
20221114,09:54:10,18415.00,50,12461100
20221114,09:54:11,18415.95,50,12461100
20221114,09:54:13,18415.95,250,12461100
20221114,09:54:14,18414.00,50,12461100
20221114,09:54:15,18414.30,200,12461100
20221114,09:54:16,18416.45,350,12461100
20221114,09:54:17,18415.20,250,12461100
20221114,09:54:18,18416.65,100,12461100
20221114,09:54:19,18416.00,150,12461100
20221114,09:54:20,18416.05,50,12461100
20221114,09:54:22,18416.55,50,12461100
20221114,09:54:23,18417.20,250,12461100
20221114,09:54:24,18415.30,150,12461100
20221114,09:54:26,18415.00,350,12461100
20221114,09:54:26,18415.00,50,12461100
20221114,09:54:27,18417.00,650,12461100
20221114,09:54:28,18415.35,400,12461100
20221114,09:54:29,18417.25,50,12461100
20221114,09:54:30,18415.80,100,12461100
20221114,09:54:31,18415.95,50,12461100
20221114,09:54:32,18416.95,500,12461100
20221114,09:54:33,18417.00,100,12461100
20221114,09:54:35,18415.75,100,12461100
20221114,09:54:36,18416.40,250,12461100
20221114,09:54:37,18416.00,800,12461100
20221114,09:54:39,18416.35,100,12461100
20221114,09:54:41,18415.45,1350,12461100
20221114,09:54:42,18416.10,400,12461100
20221114,09:54:43,18415.05,150,12461100
20221114,09:54:43,18417.15,50,12461100
20221114,09:54:44,18415.05,150,12461100
20221114,09:54:45,18417.20,150,12461100
20221114,09:54:47,18417.25,50,12461100
20221114,09:54:48,18417.95,250,12461100
20221114,09:54:49,18416.10,50,12461100
20221114,09:54:50,18416.00,300,12461100
20221114,09:54:51,18414.00,2750,12461100
20221114,09:54:52,18415.20,150,12461100
20221114,09:54:53,18415.00,250,12461100
20221114,09:54:54,18415.00,1650,12461100
20221114,09:54:56,18415.25,100,12461100
20221114,09:54:57,18414.05,200,12461100
20221114,09:54:58,18414.70,200,12461100
20221114,09:55:00,18413.10,350,12461100
20221114,09:55:02,18414.15,450,12461100
20221114,09:55:03,18415.00,1250,12461100
20221114,09:55:04,18415.30,300,12461100
20221114,09:55:05,18416.00,150,12461100
20221114,09:55:06,18416.00,250,12461100
20221114,09:55:07,18416.00,400,12461100
20221114,09:55:09,18416.00,50,12461100
20221114,09:55:10,18415.75,150,12461100
20221114,09:55:11,18414.00,150,12461100
20221114,09:55:12,18414.00,600,12461100
20221114,09:55:13,18415.35,50,12461100
20221114,09:55:14,18413.00,300,12461100
20221114,09:55:16,18413.00,50,12461100
20221114,09:55:17,18412.00,3700,12461100
20221114,09:55:18,18413.65,1850,12461100
20221114,09:55:18,18413.65,50,12461100
20221114,09:55:19,18412.45,100,12461100
20221114,09:55:21,18412.20,50,12461100
20221114,09:55:22,18412.60,50,12461100
20221114,09:55:23,18413.00,350,12461100
20221114,09:55:24,18413.00,100,12461100
20221114,09:55:25,18414.40,50,12461100
20221114,09:55:26,18415.00,100,12461100
20221114,09:55:27,18415.00,50,12461100
20221114,09:55:28,18414.40,700,12461100
20221114,09:55:31,18416.00,300,12461100
20221114,09:55:32,18416.00,1550,12461100
20221114,09:55:33,18415.00,50,12461100
20221114,09:55:34,18416.00,50,12461100
20221114,09:55:35,18414.15,1600,12461100
20221114,09:55:37,18414.60,1050,12461100
20221114,09:55:39,18415.30,150,12461100
20221114,09:55:40,18415.95,200,12461100
20221114,09:55:41,18418.10,2250,12461100
20221114,09:55:43,18417.10,550,12461100
20221114,09:55:44,18418.10,100,12461100
20221114,09:55:45,18416.05,200,12461100
20221114,09:55:47,18418.45,300,12461100
20221114,09:55:49,18416.65,1050,12461100
20221114,09:55:51,18418.45,350,12461100
20221114,09:55:52,18418.30,50,12461100
20221114,09:55:54,18416.75,250,12461100
20221114,09:55:55,18418.10,200,12461100
20221114,09:55:56,18418.45,100,12461100
20221114,09:55:57,18418.30,50,12461100
20221114,09:55:58,18418.45,50,12461100
20221114,09:56:00,18417.00,50,12461100
20221114,09:56:01,18418.50,1000,12461100
20221114,09:56:02,18418.10,100,12461100
20221114,09:56:02,18419.00,150,12461100
20221114,09:56:03,18419.00,500,12461100
20221114,09:56:05,18419.10,250,12461100
20221114,09:56:06,18419.25,50,12461100
20221114,09:56:07,18419.45,200,12461100
20221114,09:56:08,18419.40,2000,12461100
20221114,09:56:09,18415.95,550,12461100
20221114,09:56:10,18418.00,1150,12461100
20221114,09:56:10,18418.30,350,12461100
20221114,09:56:13,18415.75,150,12461100
20221114,09:56:14,18415.00,450,12461100
20221114,09:56:15,18414.00,2200,12461100
20221114,09:56:16,18414.40,50,12461100
20221114,09:56:21,18413.00,50,12461100
20221114,09:56:22,18413.00,250,12461100
20221114,09:56:23,18412.00,50,12461100
20221114,09:56:24,18412.70,350,12461100
20221114,09:56:25,18412.00,50,12461100
20221114,09:56:27,18412.00,100,12461100
20221114,09:56:28,18414.00,100,12461100
20221114,09:56:29,18412.30,150,12461100
20221114,09:56:30,18412.60,50,12455650
20221114,09:56:32,18414.00,250,12455650
20221114,09:56:33,18412.05,100,12455650
20221114,09:56:35,18414.00,50,12455650
20221114,09:56:36,18412.35,250,12455650
20221114,09:56:38,18412.60,50,12455650
20221114,09:56:40,18413.00,150,12455650
20221114,09:56:41,18412.80,100,12455650
20221114,09:56:44,18412.85,350,12455650
20221114,09:56:46,18413.00,50,12455650
20221114,09:56:48,18412.00,550,12455650
20221114,09:56:49,18412.00,100,12455650
20221114,09:56:51,18410.90,1700,12455650
20221114,09:56:52,18410.20,100,12455650
20221114,09:56:53,18406.25,4300,12455650
20221114,09:56:54,18406.10,100,12455650
20221114,09:56:55,18407.05,350,12455650
20221114,09:56:56,18408.60,1100,12455650
20221114,09:56:57,18408.60,400,12455650
20221114,09:56:58,18409.00,350,12455650
20221114,09:56:59,18409.00,50,12455650
20221114,09:57:01,18406.20,100,12455650
20221114,09:57:02,18406.35,100,12455650
20221114,09:57:03,18406.40,250,12455650
20221114,09:57:04,18406.05,350,12455650
20221114,09:57:06,18406.25,450,12455650
20221114,09:57:07,18406.95,300,12455650
20221114,09:57:08,18407.20,250,12455650
20221114,09:57:09,18408.10,200,12455650
20221114,09:57:10,18409.30,100,12455650
20221114,09:57:11,18408.40,100,12455650
20221114,09:57:12,18407.85,250,12455650
20221114,09:57:13,18408.30,50,12455650
20221114,09:57:13,18408.35,50,12455650
20221114,09:57:15,18408.90,150,12455650
20221114,09:57:16,18408.85,650,12455650
20221114,09:57:17,18408.70,200,12455650
20221114,09:57:18,18411.00,350,12455650
20221114,09:57:18,18410.30,250,12455650
20221114,09:57:19,18411.25,450,12455650
20221114,09:57:21,18410.30,150,12455650
20221114,09:57:22,18409.50,200,12455650
20221114,09:57:24,18411.80,450,12455650
20221114,09:57:25,18411.80,200,12455650
20221114,09:57:26,18411.10,250,12455650
20221114,09:57:28,18410.00,250,12455650
20221114,09:57:30,18412.00,100,12455650
20221114,09:57:31,18412.00,50,12455650
20221114,09:57:32,18411.10,100,12455650
20221114,09:57:33,18411.10,50,12455650
20221114,09:57:37,18411.10,100,12455650
20221114,09:57:38,18412.05,250,12455650
20221114,09:57:39,18411.10,300,12455650
20221114,09:57:40,18412.55,200,12455650
20221114,09:57:41,18412.55,50,12455650
20221114,09:57:43,18412.00,50,12455650
20221114,09:57:44,18412.55,50,12455650
20221114,09:57:47,18412.50,350,12455650
20221114,09:57:48,18412.00,1050,12455650
20221114,09:57:50,18411.55,400,12455650
20221114,09:57:51,18413.00,50,12455650
20221114,09:57:52,18411.45,150,12455650
20221114,09:57:54,18413.00,50,12455650
20221114,09:57:55,18413.15,50,12455650
20221114,09:57:56,18413.15,50,12455650
20221114,09:57:58,18411.90,100,12455650
20221114,09:58:00,18413.10,50,12455650
20221114,09:58:02,18413.45,1200,12455650
20221114,09:58:03,18413.00,300,12455650
20221114,09:58:03,18412.15,200,12455650
20221114,09:58:05,18412.75,350,12455650
20221114,09:58:06,18413.30,450,12455650
20221114,09:58:07,18414.00,100,12455650
20221114,09:58:08,18414.45,200,12455650
20221114,09:58:11,18414.00,400,12455650
20221114,09:58:12,18414.00,50,12455650
20221114,09:58:13,18414.05,100,12455650
20221114,09:58:14,18414.15,50,12455650
20221114,09:58:15,18414.05,250,12455650
20221114,09:58:17,18414.00,50,12455650
20221114,09:58:18,18414.45,500,12455650
20221114,09:58:19,18414.45,150,12455650
20221114,09:58:20,18414.00,400,12455650
20221114,09:58:21,18413.35,1050,12455650
20221114,09:58:22,18414.40,850,12455650
20221114,09:58:25,18414.00,150,12455650
20221114,09:58:27,18412.25,50,12455650
20221114,09:58:29,18413.00,400,12455650
20221114,09:58:30,18412.80,50,12455650
20221114,09:58:31,18415.00,500,12455650
20221114,09:58:32,18413.20,200,12455650
20221114,09:58:35,18415.45,650,12455650
20221114,09:58:36,18415.60,550,12455650
20221114,09:58:37,18415.05,50,12455650
20221114,09:58:38,18415.80,2150,12455650
20221114,09:58:40,18415.80,600,12455650
20221114,09:58:41,18415.90,600,12455650
20221114,09:58:42,18415.90,250,12455650
20221114,09:58:43,18416.45,50,12455650
20221114,09:58:45,18416.45,200,12455650
20221114,09:58:46,18417.45,250,12455650
20221114,09:58:48,18415.75,50,12455650
20221114,09:58:49,18416.00,200,12455650
20221114,09:58:50,18416.45,500,12455650
20221114,09:58:51,18417.45,50,12455650
20221114,09:58:53,18416.70,250,12455650
20221114,09:58:54,18417.05,4500,12455650
20221114,09:58:55,18420.00,700,12455650
20221114,09:58:56,18419.00,50,12455650
20221114,09:58:57,18421.00,350,12455650
20221114,09:58:58,18420.35,50,12455650
20221114,09:58:59,18420.95,650,12455650
20221114,09:59:01,18419.55,150,12455650
20221114,09:59:02,18421.50,50,12455650
20221114,09:59:03,18419.65,250,12455650
20221114,09:59:04,18418.05,200,12455650
20221114,09:59:05,18418.55,100,12455650
20221114,09:59:06,18419.90,100,12455650
20221114,09:59:08,18421.00,100,12455650
20221114,09:59:09,18421.50,350,12455650
20221114,09:59:10,18419.65,300,12455650
20221114,09:59:11,18421.40,250,12455650
20221114,09:59:14,18420.00,100,12455650
20221114,09:59:17,18420.75,50,12455650
20221114,09:59:18,18421.00,200,12455650
20221114,09:59:19,18421.00,200,12455650
20221114,09:59:20,18420.40,850,12455650
20221114,09:59:21,18420.50,1250,12455650
20221114,09:59:23,18422.15,150,12455650
20221114,09:59:25,18422.15,200,12455650
20221114,09:59:26,18422.15,250,12455650
20221114,09:59:29,18421.65,900,12455650
20221114,09:59:31,18422.00,100,12455650
20221114,09:59:32,18422.40,750,12461350
20221114,09:59:33,18422.10,450,12461350
20221114,09:59:37,18421.00,50,12461350
20221114,09:59:39,18422.10,150,12461350
20221114,09:59:40,18422.10,50,12461350
20221114,09:59:41,18422.15,500,12461350
20221114,09:59:43,18420.30,50,12461350
20221114,09:59:45,18420.25,50,12461350
20221114,09:59:47,18422.05,100,12461350
20221114,09:59:48,18421.90,250,12461350
20221114,09:59:53,18420.30,50,12461350
20221114,09:59:54,18419.75,950,12461350
20221114,09:59:55,18418.55,150,12461350
20221114,09:59:57,18420.50,100,12461350
20221114,09:59:58,18418.20,300,12461350
20221114,10:00:00,18418.70,450,12461350
20221114,10:00:01,18417.20,50,12461350
20221114,10:00:02,18417.90,50,12461350
20221114,10:00:03,18417.40,350,12461350
20221114,10:00:04,18417.65,150,12461350
20221114,10:00:05,18418.60,550,12461350
20221114,10:00:07,18420.20,400,12461350
20221114,10:00:08,18419.80,150,12461350
20221114,10:00:10,18420.85,50,12461350
20221114,10:00:11,18420.95,50,12461350
20221114,10:00:12,18419.15,50,12461350
20221114,10:00:13,18421.00,50,12461350
20221114,10:00:14,18419.15,200,12461350
20221114,10:00:15,18420.20,100,12461350
20221114,10:00:16,18421.20,150,12461350
20221114,10:00:17,18420.00,100,12461350
20221114,10:00:18,18419.90,50,12461350
20221114,10:00:19,18421.00,550,12461350
20221114,10:00:22,18420.00,50,12461350
20221114,10:00:24,18420.80,50,12461350
20221114,10:00:25,18421.10,450,12461350
20221114,10:00:26,18420.00,1800,12461350
20221114,10:00:27,18422.25,200,12461350
20221114,10:00:30,18422.70,100,12461350
20221114,10:00:32,18420.80,100,12461350
20221114,10:00:33,18421.40,50,12461350
20221114,10:00:35,18420.80,50,12461350
20221114,10:00:36,18420.05,50,12461350
20221114,10:00:38,18420.05,100,12461350
20221114,10:00:39,18420.00,50,12461350
20221114,10:00:42,18420.00,50,12461350
20221114,10:00:43,18421.70,250,12461350
20221114,10:00:44,18420.40,200,12461350
20221114,10:00:45,18421.70,50,12461350
20221114,10:00:49,18421.00,150,12461350
20221114,10:00:50,18421.55,250,12461350
20221114,10:00:54,18419.95,550,12461350
20221114,10:00:55,18420.15,50,12461350
20221114,10:00:57,18421.00,300,12461350
20221114,10:00:57,18421.55,50,12461350
20221114,10:00:59,18420.00,100,12461350
20221114,10:01:00,18420.80,100,12461350
20221114,10:01:03,18421.00,50,12461350
20221114,10:01:04,18421.00,50,12461350
20221114,10:01:05,18421.00,150,12461350
20221114,10:01:06,18420.85,200,12461350
20221114,10:01:07,18420.80,50,12461350
20221114,10:01:08,18420.00,200,12461350
20221114,10:01:09,18422.00,100,12461350
20221114,10:01:10,18420.15,150,12461350
20221114,10:01:11,18422.45,100,12461350
20221114,10:01:13,18421.00,50,12461350
20221114,10:01:16,18420.90,150,12461350
20221114,10:01:18,18421.00,550,12461350
20221114,10:01:19,18418.05,400,12461350
20221114,10:01:20,18415.30,350,12461350
20221114,10:01:21,18415.65,400,12461350
20221114,10:01:22,18415.65,200,12461350
20221114,10:01:23,18416.95,100,12461350
20221114,10:01:24,18415.00,300,12461350
20221114,10:01:25,18415.00,50,12461350
20221114,10:01:27,18416.75,50,12461350
20221114,10:01:28,18415.25,100,12461350
20221114,10:01:29,18418.20,250,12461350
20221114,10:01:30,18417.80,400,12461350
20221114,10:01:32,18417.10,300,12461350
20221114,10:01:33,18415.85,550,12461350
20221114,10:01:34,18419.25,50,12461350
20221114,10:01:35,18417.05,200,12461350
20221114,10:01:37,18420.00,350,12461350
20221114,10:01:39,18420.40,550,12461350
20221114,10:01:40,18420.80,50,12461350
20221114,10:01:41,18420.80,50,12461350
20221114,10:01:42,18420.80,50,12461350
20221114,10:01:44,18421.30,50,12461350
20221114,10:01:46,18419.85,50,12461350
20221114,10:01:47,18419.55,100,12461350
20221114,10:01:48,18415.70,1750,12461350
20221114,10:01:49,18415.85,200,12461350
20221114,10:01:53,18416.35,250,12461350
20221114,10:01:55,18417.00,100,12461350
20221114,10:01:57,18416.40,50,12461350
20221114,10:01:58,18416.40,50,12461350
20221114,10:01:59,18417.00,350,12461350
20221114,10:02:00,18418.95,100,12461350
20221114,10:02:01,18416.40,100,12461350
20221114,10:02:02,18420.00,100,12461350
20221114,10:02:03,18418.10,1350,12461350
20221114,10:02:04,18420.00,100,12461350
20221114,10:02:06,18416.85,400,12461350
20221114,10:02:07,18417.05,100,12461350
20221114,10:02:09,18419.25,150,12461350
20221114,10:02:10,18419.30,50,12461350
20221114,10:02:11,18418.00,50,12461350
20221114,10:02:13,18420.45,300,12461350
20221114,10:02:17,18417.00,50,12461350
20221114,10:02:18,18417.15,50,12461350
20221114,10:02:19,18420.00,50,12461350
20221114,10:02:20,18418.10,50,12461350
20221114,10:02:23,18417.65,50,12461350
20221114,10:02:27,18420.00,150,12461350
20221114,10:02:31,18417.45,50,12461350
20221114,10:02:32,18417.20,50,12464450
20221114,10:02:36,18412.95,600,12464450
20221114,10:02:37,18412.65,200,12464450
20221114,10:02:38,18414.45,50,12464450
20221114,10:02:41,18412.05,200,12464450
20221114,10:02:42,18413.45,50,12464450
20221114,10:02:43,18412.00,50,12464450
20221114,10:02:44,18412.95,50,12464450
20221114,10:02:45,18411.40,200,12464450
20221114,10:02:46,18411.10,350,12464450
20221114,10:02:47,18412.00,100,12464450
20221114,10:02:48,18412.00,450,12464450
20221114,10:02:51,18411.10,50,12464450
20221114,10:02:52,18412.00,50,12464450
20221114,10:02:53,18411.10,50,12464450
20221114,10:02:56,18411.05,400,12464450
20221114,10:02:57,18413.00,150,12464450
20221114,10:02:58,18411.05,750,12464450
20221114,10:03:00,18412.00,50,12464450
20221114,10:03:01,18413.00,150,12464450
20221114,10:03:02,18412.00,50,12464450
20221114,10:03:03,18413.00,50,12464450
20221114,10:03:04,18411.90,100,12464450
20221114,10:03:06,18413.80,50,12464450
20221114,10:03:07,18413.40,50,12464450
20221114,10:03:08,18413.10,450,12464450
20221114,10:03:10,18415.80,100,12464450
20221114,10:03:11,18415.80,150,12464450
20221114,10:03:13,18416.00,50,12464450
20221114,10:03:20,18416.00,100,12464450
20221114,10:03:21,18415.45,100,12464450
20221114,10:03:24,18416.00,50,12464450
20221114,10:03:26,18415.35,200,12464450
20221114,10:03:31,18415.35,50,12464450
20221114,10:03:32,18416.00,50,12464450
20221114,10:03:33,18415.35,200,12464450
20221114,10:03:35,18413.05,50,12464450
20221114,10:03:36,18413.05,550,12464450
20221114,10:03:36,18413.05,50,12464450
20221114,10:03:37,18413.05,50,12464450
20221114,10:03:38,18413.05,50,12464450
20221114,10:03:39,18413.00,100,12464450
20221114,10:03:40,18413.10,150,12464450
20221114,10:03:42,18412.50,100,12464450
20221114,10:03:43,18412.00,250,12464450
20221114,10:03:45,18413.00,200,12464450
20221114,10:03:48,18411.45,50,12464450
20221114,10:03:49,18413.85,1000,12464450
20221114,10:03:52,18412.00,50,12464450
20221114,10:03:53,18412.05,550,12464450
20221114,10:03:58,18414.00,250,12464450
20221114,10:04:01,18413.95,50,12464450
20221114,10:04:02,18414.00,50,12464450
20221114,10:04:03,18412.15,100,12464450
20221114,10:04:04,18414.00,50,12464450
20221114,10:04:06,18412.10,150,12464450
20221114,10:04:07,18413.30,600,12464450
20221114,10:04:09,18412.25,50,12464450
