20221114,09:15:00,18531.05,1,1688150
20221114,09:15:00,18511.65,1,1688150
20221114,09:15:00,18561.40,700,1688150
20221114,09:15:01,18534.30,250,1688150
20221114,09:15:02,18531.60,1200,1688150
20221114,09:15:04,18502.45,3800,1688150
20221114,09:15:05,18513.15,2150,1688150
20221114,09:15:06,18516.85,1450,1688150
20221114,09:15:07,18521.30,200,1688150
20221114,09:15:08,18520.40,250,1688150
20221114,09:15:09,18505.20,1550,1688150
20221114,09:15:10,18509.95,100,1688150
20221114,09:15:11,18501.65,300,1688150
20221114,09:15:12,18499.80,800,1688150
20221114,09:15:13,18497.90,200,1688150
20221114,09:15:14,18497.90,150,1688150
20221114,09:15:15,18507.10,1050,1688150
20221114,09:15:16,18503.50,100,1688150
20221114,09:15:17,18506.25,250,1688150
20221114,09:15:19,18506.30,50,1688150
20221114,09:15:20,18507.25,150,1688150
20221114,09:15:22,18505.00,100,1688150
20221114,09:15:23,18496.25,450,1688150
20221114,09:15:24,18496.25,50,1688150
20221114,09:15:26,18491.90,650,1688150
20221114,09:15:26,18499.10,150,1688150
20221114,09:15:29,18499.00,1850,1688150
20221114,09:15:30,18494.55,150,1688150
20221114,09:15:32,18491.45,50,1688150
20221114,09:15:33,18490.00,650,1688150
20221114,09:15:34,18489.20,400,1688150
20221114,09:15:35,18488.30,550,1688150
20221114,09:15:38,18487.10,2000,1688150
20221114,09:15:39,18487.10,800,1688150
20221114,09:15:40,18500.00,450,1688150
20221114,09:15:41,18501.50,200,1688150
20221114,09:15:43,18502.15,300,1688150
20221114,09:15:44,18504.10,50,1688150
20221114,09:15:45,18501.50,200,1688150
20221114,09:15:46,18500.80,250,1688150
20221114,09:15:47,18499.95,1800,1688150
20221114,09:15:50,18502.75,100,1688150
20221114,09:15:51,18505.00,100,1688150
20221114,09:15:52,18504.90,150,1688150
20221114,09:15:53,18504.65,1800,1688150
20221114,09:15:55,18505.90,50,1688150
20221114,09:15:56,18509.00,50,1688150
20221114,09:15:57,18509.30,50,1688150
20221114,09:15:58,18507.00,50,1688150
20221114,09:16:00,18508.45,50,1688150
20221114,09:16:01,18503.05,250,1688150
20221114,09:16:02,18504.95,150,1688150
20221114,09:16:04,18504.35,550,1688150
20221114,09:16:06,18500.00,100,1688150
20221114,09:16:06,18502.85,50,1688150
20221114,09:16:07,18503.40,50,1688150
20221114,09:16:11,18501.20,150,1688150
20221114,09:16:12,18503.55,50,1688150
20221114,09:16:13,18499.50,3000,1688150
20221114,09:16:14,18503.65,50,1688150
20221114,09:16:15,18506.35,100,1688150
20221114,09:16:17,18501.40,1600,1688150
20221114,09:16:17,18503.80,100,1688150
20221114,09:16:18,18502.15,750,1688150
20221114,09:16:19,18505.35,50,1688150
20221114,09:16:20,18502.75,250,1688150
20221114,09:16:21,18501.75,50,1688150
20221114,09:16:23,18502.15,50,1688150
20221114,09:16:24,18500.30,200,1688150
20221114,09:16:25,18497.50,150,1688150
20221114,09:16:26,18501.60,1000,1688150
20221114,09:16:29,18496.50,200,1688150
20221114,09:16:29,18497.10,50,1688150
20221114,09:16:30,18496.90,100,1688150
20221114,09:16:32,18493.90,50,1688150
20221114,09:16:34,18497.65,100,1688150
20221114,09:16:36,18498.70,150,1688150
20221114,09:16:37,18499.80,950,1688150
20221114,09:16:41,18498.00,50,1688150
20221114,09:16:46,18500.10,50,1688150
20221114,09:16:46,18502.00,50,1688150
20221114,09:16:47,18500.55,250,1688150
20221114,09:16:49,18500.90,50,1688150
20221114,09:16:51,18499.15,100,1688150
20221114,09:16:52,18498.70,100,1688150
20221114,09:16:53,18498.30,150,1688150
20221114,09:16:54,18498.00,950,1688150
20221114,09:16:55,18496.10,200,1688150
20221114,09:16:57,18495.00,50,1688150
20221114,09:17:00,18496.15,100,1688150
20221114,09:17:03,18493.90,100,1688150
20221114,09:17:05,18496.25,150,1688150
20221114,09:17:06,18495.50,650,1688150
20221114,09:17:08,18494.00,50,1688150
20221114,09:17:09,18496.50,100,1688150
20221114,09:17:10,18494.65,250,1688150
20221114,09:17:11,18495.80,100,1688150
20221114,09:17:12,18496.60,50,1688150
20221114,09:17:14,18496.10,150,1688150
20221114,09:17:14,18496.75,50,1688150
20221114,09:17:15,18496.85,150,1688150
20221114,09:17:17,18500.00,200,1688150
20221114,09:17:18,18499.00,100,1688150
20221114,09:17:21,18500.10,150,1688150
20221114,09:17:22,18502.00,100,1688150
20221114,09:17:23,18500.95,150,1688150
20221114,09:17:25,18503.15,50,1688150
20221114,09:17:26,18502.60,250,1688150
20221114,09:17:27,18500.90,100,1688150
20221114,09:17:28,18500.95,100,1676400
20221114,09:17:31,18498.70,250,1676400
20221114,09:17:35,18502.00,50,1676400
20221114,09:17:36,18502.75,50,1676400
20221114,09:17:38,18502.85,50,1676400
20221114,09:17:39,18497.20,150,1676400
20221114,09:17:41,18500.05,50,1676400
20221114,09:17:47,18500.20,50,1676400
20221114,09:17:48,18501.65,500,1676400
20221114,09:17:48,18500.00,150,1676400
20221114,09:17:49,18501.70,50,1676400
20221114,09:17:53,18500.55,100,1676400
20221114,09:17:54,18503.00,50,1676400
20221114,09:17:55,18504.00,250,1676400
20221114,09:17:57,18504.20,100,1676400
20221114,09:18:00,18502.75,50,1676400
20221114,09:18:02,18505.00,550,1676400
20221114,09:18:06,18506.00,50,1676400
20221114,09:18:09,18506.20,50,1676400
20221114,09:18:10,18504.20,200,1676400
20221114,09:18:13,18506.00,50,1676400
20221114,09:18:14,18507.45,150,1676400
20221114,09:18:14,18503.75,50,1676400
20221114,09:18:18,18505.60,50,1676400
20221114,09:18:19,18507.45,50,1676400
20221114,09:18:23,18506.05,150,1676400
20221114,09:18:24,18507.95,50,1676400
20221114,09:18:29,18507.00,50,1676400
20221114,09:18:30,18510.00,250,1676400
20221114,09:18:31,18510.00,100,1676400
20221114,09:18:35,18509.85,100,1676400
20221114,09:18:37,18509.25,50,1676400
20221114,09:18:41,18508.00,50,1676400
20221114,09:18:46,18509.85,100,1676400
20221114,09:18:47,18507.30,50,1676400
20221114,09:18:51,18510.45,400,1676400
20221114,09:18:52,18511.00,250,1676400
20221114,09:18:53,18510.35,50,1676400
20221114,09:18:59,18512.65,150,1676400
20221114,09:19:00,18514.75,50,1676400
20221114,09:19:01,18515.00,50,1676400
20221114,09:19:09,18515.00,100,1676400
20221114,09:19:10,18516.30,1000,1676400
20221114,09:19:12,18518.20,50,1676400
20221114,09:19:13,18520.00,500,1676400
20221114,09:19:15,18522.20,250,1676400
20221114,09:19:16,18525.00,150,1676400
20221114,09:19:17,18525.00,50,1676400
20221114,09:19:18,18521.60,50,1676400
20221114,09:19:19,18524.45,150,1676400
20221114,09:19:21,18524.30,50,1676400
20221114,09:19:23,18525.50,100,1676400
20221114,09:19:24,18526.00,50,1676400
20221114,09:19:27,18526.00,50,1676400
20221114,09:19:28,18528.00,50,1676400
20221114,09:19:29,18526.35,250,1676400
20221114,09:19:30,18528.00,100,1676400
20221114,09:19:31,18529.80,50,1676400
20221114,09:19:35,18529.00,50,1676400
20221114,09:19:36,18528.00,200,1676400
20221114,09:19:37,18530.00,50,1676400
20221114,09:19:39,18531.50,300,1676400
20221114,09:19:40,18529.75,150,1676400
20221114,09:19:42,18526.00,50,1676400
20221114,09:19:43,18524.65,50,1676400
20221114,09:19:46,18524.65,50,1676400
20221114,09:19:47,18522.00,450,1676400
20221114,09:19:48,18522.60,250,1676400
20221114,09:19:49,18523.70,50,1676400
20221114,09:19:50,18524.25,50,1676400
20221114,09:19:53,18523.80,50,1676400
20221114,09:19:54,18524.35,100,1676400
20221114,09:19:57,18524.20,100,1676400
20221114,09:20:00,18524.20,100,1676400
20221114,09:20:01,18524.25,150,1676400
20221114,09:20:02,18521.80,250,1676400
20221114,09:20:03,18520.95,500,1676400
20221114,09:20:05,18522.15,100,1676400
20221114,09:20:06,18524.20,50,1676400
20221114,09:20:09,18529.95,450,1676400
20221114,09:20:10,18531.55,100,1676400
20221114,09:20:14,18530.15,50,1676400
20221114,09:20:15,18528.25,100,1676400
20221114,09:20:17,18528.00,50,1676400
20221114,09:20:18,18528.10,50,1676400
20221114,09:20:20,18525.05,50,1676400
20221114,09:20:22,18528.10,150,1676400
20221114,09:20:27,18528.10,1900,1676400
20221114,09:20:29,18528.45,100,1675650
20221114,09:20:31,18526.90,50,1675650
20221114,09:20:32,18524.00,100,1675650
20221114,09:20:38,18523.50,550,1675650
20221114,09:20:39,18520.25,50,1675650
20221114,09:20:42,18524.35,200,1675650
20221114,09:20:45,18523.55,400,1675650
20221114,09:20:47,18529.20,200,1675650
20221114,09:20:49,18527.25,50,1675650
20221114,09:20:52,18527.45,1800,1675650
20221114,09:20:58,18524.85,100,1675650
20221114,09:20:59,18528.60,1800,1675650
20221114,09:21:05,18520.80,200,1675650
20221114,09:21:11,18525.50,650,1675650
20221114,09:21:13,18522.25,50,1675650
20221114,09:21:14,18522.75,50,1675650
20221114,09:21:15,18522.70,100,1675650
20221114,09:21:24,18522.80,50,1675650
20221114,09:21:32,18520.10,100,1675650
20221114,09:21:38,18520.00,150,1675650
20221114,09:21:41,18516.95,50,1675650
20221114,09:21:43,18519.25,150,1675650
20221114,09:21:45,18523.10,1800,1675650
20221114,09:21:53,18519.80,50,1675650
20221114,09:21:55,18521.40,50,1675650
20221114,09:21:56,18522.45,50,1675650
20221114,09:21:57,18522.00,100,1675650
20221114,09:21:58,18518.70,150,1675650
20221114,09:22:04,18517.20,50,1675650
20221114,09:22:07,18516.70,50,1675650
20221114,09:22:08,18517.20,50,1675650
20221114,09:22:09,18520.00,50,1675650
20221114,09:22:14,18519.95,150,1675650
20221114,09:22:17,18516.55,50,1675650
20221114,09:22:18,18518.80,100,1675650
20221114,09:22:19,18520.00,450,1675650
20221114,09:22:23,18516.70,50,1675650
20221114,09:22:25,18517.15,100,1675650
20221114,09:22:29,18520.00,100,1675650
20221114,09:22:30,18520.00,300,1675650
20221114,09:22:31,18517.75,200,1675650
20221114,09:22:40,18521.20,50,1675650
20221114,09:22:41,18518.90,150,1675650
20221114,09:22:50,18517.00,50,1675650
20221114,09:22:52,18515.30,100,1675650
20221114,09:22:53,18515.25,50,1675650
20221114,09:22:56,18515.00,50,1675650
20221114,09:22:57,18514.25,50,1675650
20221114,09:23:00,18512.10,100,1675650
20221114,09:23:01,18513.30,150,1675650
20221114,09:23:04,18510.05,50,1675650
20221114,09:23:06,18510.05,50,1675650
20221114,09:23:13,18511.85,50,1675650
20221114,09:23:14,18510.25,100,1675650
20221114,09:23:15,18512.35,50,1675650
20221114,09:23:17,18511.00,50,1675650
20221114,09:23:18,18511.10,50,1675650
20221114,09:23:22,18516.30,50,1675650
20221114,09:23:23,18516.40,50,1675650
20221114,09:23:27,18514.65,50,1675650
20221114,09:23:29,18517.00,100,1675900
20221114,09:23:30,18517.75,350,1675900
20221114,09:23:34,18518.85,250,1675900
20221114,09:23:35,18516.90,50,1675900
20221114,09:23:39,18518.00,100,1675900
20221114,09:23:43,18520.00,50,1675900
20221114,09:23:51,18520.00,100,1675900
20221114,09:23:52,18520.00,150,1675900
20221114,09:23:53,18518.90,50,1675900
20221114,09:23:55,18526.25,1800,1675900
20221114,09:23:56,18521.10,50,1675900
20221114,09:23:57,18520.20,50,1675900
20221114,09:24:04,18518.15,100,1675900
20221114,09:24:05,18519.35,100,1675900
20221114,09:24:08,18516.50,200,1675900
20221114,09:24:09,18515.95,100,1675900
20221114,09:24:13,18517.25,50,1675900
20221114,09:24:17,18518.65,300,1675900
20221114,09:24:18,18518.10,100,1675900
20221114,09:24:20,18520.00,50,1675900
20221114,09:24:25,18523.20,50,1675900
20221114,09:24:26,18527.00,500,1675900
20221114,09:24:27,18524.45,150,1675900
20221114,09:24:29,18526.00,50,1675900
20221114,09:24:31,18527.20,100,1675900
20221114,09:24:35,18527.70,100,1675900
20221114,09:24:36,18526.05,50,1675900
20221114,09:24:38,18529.50,550,1675900
20221114,09:24:40,18526.45,50,1675900
20221114,09:24:42,18530.00,400,1675900
20221114,09:24:44,18528.40,50,1675900
20221114,09:24:45,18530.00,50,1675900
20221114,09:24:48,18530.00,50,1675900
20221114,09:24:53,18529.60,50,1675900
20221114,09:24:54,18530.00,100,1675900
20221114,09:25:01,18528.00,50,1675900
20221114,09:25:07,18526.40,50,1675900
20221114,09:25:12,18528.00,100,1675900
20221114,09:25:13,18527.80,50,1675900
20221114,09:25:16,18529.10,50,1675900
20221114,09:25:24,18530.00,100,1675900
20221114,09:25:26,18529.50,50,1675900
20221114,09:25:29,18529.00,50,1675900
20221114,09:25:31,18530.00,450,1675900
20221114,09:25:35,18530.00,50,1675900
20221114,09:25:36,18529.00,250,1675900
20221114,09:25:46,18527.55,150,1675900
20221114,09:25:55,18527.55,100,1675900
20221114,09:25:56,18529.00,200,1675900
20221114,09:25:58,18526.30,50,1675900
20221114,09:26:00,18527.20,100,1675900
20221114,09:26:01,18527.25,50,1675900
20221114,09:26:03,18526.25,200,1675900
20221114,09:26:09,18527.55,100,1675900
20221114,09:26:12,18527.30,50,1675900
20221114,09:26:15,18528.00,100,1675900
20221114,09:26:17,18527.55,50,1675900
20221114,09:26:25,18528.70,50,1675900
20221114,09:26:33,18528.65,100,1679250
20221114,09:26:39,18529.00,50,1679250
20221114,09:26:41,18530.00,200,1679250
20221114,09:26:44,18531.00,50,1679250
20221114,09:26:45,18531.30,50,1679250
20221114,09:26:46,18532.00,150,1679250
20221114,09:26:48,18535.00,150,1679250
20221114,09:26:49,18536.00,250,1679250
20221114,09:26:50,18536.45,100,1679250
20221114,09:26:52,18538.00,50,1679250
20221114,09:26:53,18538.45,100,1679250
20221114,09:26:55,18538.00,50,1679250
20221114,09:26:56,18537.90,150,1679250
20221114,09:26:57,18535.15,50,1679250
20221114,09:27:00,18537.60,50,1679250
20221114,09:27:01,18537.60,450,1679250
20221114,09:27:08,18535.45,50,1679250
20221114,09:27:11,18535.45,100,1679250
20221114,09:27:12,18536.25,200,1679250
20221114,09:27:14,18536.20,450,1679250
20221114,09:27:18,18536.40,100,1679250
20221114,09:27:19,18535.45,150,1679250
20221114,09:27:20,18533.75,150,1679250
20221114,09:27:23,18535.80,50,1679250
20221114,09:27:24,18533.90,150,1679250
20221114,09:27:28,18536.25,100,1679250
20221114,09:27:29,18536.30,100,1679250
20221114,09:27:33,18536.25,100,1679250
20221114,09:27:35,18535.40,200,1679250
20221114,09:27:36,18537.60,100,1679250
20221114,09:27:37,18538.00,100,1679250
20221114,09:27:40,18538.90,50,1679250
20221114,09:27:41,18539.00,50,1679250
20221114,09:27:42,18539.85,50,1679250
20221114,09:27:45,18539.95,100,1679250
20221114,09:27:48,18539.70,50,1679250
20221114,09:27:53,18538.25,250,1679250
20221114,09:27:55,18538.25,50,1679250
20221114,09:27:58,18539.15,100,1679250
20221114,09:28:00,18536.60,50,1679250
20221114,09:28:03,18537.85,100,1679250
20221114,09:28:13,18537.90,200,1679250
20221114,09:28:18,18537.05,50,1679250
20221114,09:28:21,18537.90,50,1679250
20221114,09:28:22,18537.05,50,1679250
20221114,09:28:25,18537.00,150,1679250
20221114,09:28:27,18536.25,50,1679250
20221114,09:28:32,18537.90,100,1679250
20221114,09:28:38,18535.40,100,1679250
20221114,09:28:39,18536.40,50,1679250
20221114,09:28:40,18536.25,150,1679250
20221114,09:28:42,18535.25,50,1679250
20221114,09:28:45,18532.40,50,1679250
20221114,09:28:55,18537.00,600,1679250
20221114,09:28:56,18537.05,50,1679250
20221114,09:29:01,18537.65,50,1679250
20221114,09:29:02,18537.85,50,1679250
20221114,09:29:05,18537.25,300,1679250
20221114,09:29:09,18537.00,50,1679250
20221114,09:29:12,18536.40,100,1679250
20221114,09:29:13,18536.40,50,1679250
20221114,09:29:19,18537.00,50,1679250
20221114,09:29:22,18536.95,100,1679250
20221114,09:29:28,18536.95,100,1679250
20221114,09:29:29,18536.95,100,1679250
20221114,09:29:31,18536.95,50,1681350
20221114,09:29:32,18538.05,50,1681350
20221114,09:29:33,18539.95,200,1681350
20221114,09:29:35,18538.30,50,1681350
20221114,09:29:38,18537.00,150,1681350
20221114,09:29:39,18537.10,50,1681350
20221114,09:29:40,18538.30,50,1681350
20221114,09:29:45,18535.00,150,1681350
20221114,09:29:45,18535.00,50,1681350
20221114,09:29:52,18533.85,50,1681350
20221114,09:29:55,18531.40,50,1681350
20221114,09:29:57,18531.70,50,1681350
20221114,09:29:58,18534.30,50,1681350
20221114,09:30:00,18531.70,100,1681350
20221114,09:30:03,18531.75,50,1681350
20221114,09:30:05,18530.35,100,1681350
20221114,09:30:07,18530.10,50,1681350
20221114,09:30:10,18533.10,50,1681350
20221114,09:30:12,18531.80,900,1681350
20221114,09:30:15,18532.15,50,1681350
20221114,09:30:18,18535.00,150,1681350
20221114,09:30:18,18537.05,150,1681350
20221114,09:30:22,18533.25,50,1681350
20221114,09:30:24,18536.40,250,1681350
20221114,09:30:25,18535.00,50,1681350
20221114,09:30:26,18535.05,100,1681350
20221114,09:30:28,18531.65,200,1681350
20221114,09:30:29,18532.00,50,1681350
20221114,09:30:36,18532.00,100,1681350
20221114,09:30:39,18528.35,300,1681350
20221114,09:30:40,18530.70,100,1681350
20221114,09:30:42,18529.75,100,1681350
20221114,09:30:43,18530.70,100,1681350
20221114,09:30:46,18532.00,50,1681350
20221114,09:30:47,18529.55,50,1681350
20221114,09:30:55,18530.05,50,1681350
20221114,09:30:56,18530.00,100,1681350
20221114,09:31:04,18529.50,100,1681350
20221114,09:31:05,18531.50,100,1681350
20221114,09:31:15,18531.50,100,1681350
20221114,09:31:18,18530.20,50,1681350
20221114,09:31:19,18529.65,50,1681350
20221114,09:31:21,18532.00,50,1681350
20221114,09:31:22,18531.50,100,1681350
20221114,09:31:27,18529.50,50,1681350
20221114,09:31:28,18532.00,50,1681350
20221114,09:31:44,18530.10,50,1681350
20221114,09:31:45,18530.00,50,1681350
20221114,09:31:47,18530.75,100,1681350
20221114,09:31:49,18531.35,150,1681350
20221114,09:31:51,18529.55,600,1681350
20221114,09:31:53,18529.50,100,1681350
20221114,09:31:58,18529.30,50,1681350
20221114,09:32:01,18527.75,150,1681350
20221114,09:32:08,18528.00,500,1681350
20221114,09:32:09,18528.25,50,1681350
20221114,09:32:10,18526.85,400,1681350
20221114,09:32:11,18526.65,50,1681350
20221114,09:32:12,18523.80,400,1681350
20221114,09:32:22,18525.60,50,1681350
20221114,09:32:23,18525.60,50,1681350
20221114,09:32:25,18526.70,150,1681350
20221114,09:32:26,18529.70,50,1681350
20221114,09:32:30,18524.70,50,1684450
20221114,09:32:31,18524.80,200,1684450
20221114,09:32:35,18525.00,50,1684450
20221114,09:32:39,18526.60,50,1684450
20221114,09:32:40,18525.00,50,1684450
20221114,09:32:43,18525.00,50,1684450
20221114,09:32:44,18525.00,50,1684450
20221114,09:32:45,18525.00,50,1684450
20221114,09:32:47,18525.00,50,1684450
20221114,09:32:51,18525.00,100,1684450
20221114,09:32:52,18525.50,250,1684450
20221114,09:32:54,18527.50,400,1684450
20221114,09:33:00,18525.05,50,1684450
20221114,09:33:01,18526.50,50,1684450
20221114,09:33:03,18525.05,250,1684450
20221114,09:33:08,18523.80,100,1684450
20221114,09:33:10,18519.90,150,1684450
20221114,09:33:11,18520.00,50,1684450
20221114,09:33:14,18519.95,50,1684450
20221114,09:33:21,18520.00,50,1684450
20221114,09:33:23,18520.00,50,1684450
20221114,09:33:27,18520.00,50,1684450
20221114,09:33:31,18520.20,50,1684450
20221114,09:33:35,18520.20,100,1684450
20221114,09:33:37,18522.20,50,1684450
20221114,09:33:38,18521.95,100,1684450
20221114,09:33:39,18520.00,1850,1684450
20221114,09:33:45,18519.55,50,1684450
20221114,09:33:48,18522.90,200,1684450
20221114,09:33:49,18517.00,1800,1684450
20221114,09:33:51,18522.90,50,1684450
20221114,09:33:55,18519.80,50,1684450
20221114,09:33:57,18523.70,100,1684450
20221114,09:33:59,18523.80,50,1684450
20221114,09:34:00,18523.45,250,1684450
20221114,09:34:01,18520.60,950,1684450
20221114,09:34:03,18523.80,750,1684450
20221114,09:34:05,18519.55,50,1684450
20221114,09:34:10,18519.55,100,1684450
20221114,09:34:13,18519.55,50,1684450
20221114,09:34:16,18520.05,50,1684450
20221114,09:34:17,18519.55,50,1684450
20221114,09:34:21,18519.60,50,1684450
20221114,09:34:23,18516.70,100,1684450
20221114,09:34:25,18516.70,50,1684450
20221114,09:34:29,18519.75,50,1684450
20221114,09:34:30,18517.30,50,1684450
20221114,09:34:31,18520.00,50,1684450
20221114,09:34:34,18518.05,350,1684450
20221114,09:34:35,18517.60,50,1684450
20221114,09:34:36,18517.70,150,1684450
20221114,09:34:40,18520.70,50,1684450
20221114,09:34:45,18517.60,150,1684450
20221114,09:34:46,18517.55,100,1684450
20221114,09:34:47,18518.95,50,1684450
20221114,09:34:48,18516.50,50,1684450
20221114,09:34:51,18515.00,150,1684450
20221114,09:34:54,18515.00,100,1684450
20221114,09:34:56,18517.55,50,1684450
20221114,09:34:59,18517.55,50,1684450
20221114,09:35:02,18513.20,300,1684450
20221114,09:35:04,18513.25,50,1684450
20221114,09:35:06,18515.35,50,1684450
20221114,09:35:09,18513.00,50,1684450
20221114,09:35:13,18513.05,50,1684450
20221114,09:35:16,18513.00,50,1684450
20221114,09:35:18,18512.00,50,1684450
20221114,09:35:24,18513.50,50,1684450
20221114,09:35:27,18512.00,50,1684450
20221114,09:35:29,18512.00,50,1684450
20221114,09:35:30,18512.00,100,1687350
20221114,09:35:37,18510.00,50,1687350
20221114,09:35:40,18510.70,50,1687350
20221114,09:35:41,18511.50,100,1687350
20221114,09:35:42,18511.50,100,1687350
20221114,09:35:42,18515.20,50,1687350
20221114,09:35:44,18512.95,50,1687350
20221114,09:35:45,18514.90,100,1687350
20221114,09:35:46,18517.40,50,1687350
20221114,09:35:58,18516.15,100,1687350
20221114,09:36:02,18518.00,50,1687350
20221114,09:36:11,18518.00,50,1687350
20221114,09:36:12,18516.15,250,1687350
20221114,09:36:14,18519.45,50,1687350
20221114,09:36:22,18516.70,150,1687350
20221114,09:36:27,18516.70,50,1687350
20221114,09:36:34,18517.10,50,1687350
20221114,09:36:35,18515.00,50,1687350
20221114,09:36:37,18517.00,50,1687350
20221114,09:36:38,18514.55,50,1687350
20221114,09:36:44,18513.15,700,1687350
20221114,09:36:48,18515.20,1600,1687350
20221114,09:36:58,18514.60,100,1687350
20221114,09:37:02,18515.15,200,1687350
20221114,09:37:06,18516.20,50,1687350
20221114,09:37:08,18516.40,100,1687350
20221114,09:37:14,18519.95,200,1687350
20221114,09:37:15,18517.10,50,1687350
20221114,09:37:18,18516.55,50,1687350
20221114,09:37:22,18520.25,550,1687350
20221114,09:37:23,18520.30,50,1687350
20221114,09:37:27,18523.55,250,1687350
20221114,09:37:28,18520.25,100,1687350
20221114,09:37:30,18523.50,100,1687350
20221114,09:37:31,18520.45,150,1687350
20221114,09:37:33,18523.50,50,1687350
20221114,09:37:40,18521.10,100,1687350
20221114,09:37:41,18520.10,50,1687350
20221114,09:37:42,18523.00,400,1687350
20221114,09:37:52,18518.70,150,1687350
20221114,09:37:54,18520.95,50,1687350
20221114,09:37:59,18519.20,50,1687350
20221114,09:38:01,18519.20,50,1687350
20221114,09:38:04,18520.95,50,1687350
20221114,09:38:08,18520.70,50,1687350
20221114,09:38:10,18520.75,250,1687350
20221114,09:38:11,18519.20,50,1687350
20221114,09:38:13,18519.15,50,1687350
20221114,09:38:14,18518.30,100,1687350
20221114,09:38:16,18520.00,100,1687350
20221114,09:38:19,18516.85,50,1687350
20221114,09:38:21,18517.70,50,1687350
20221114,09:38:26,18516.75,50,1687350
20221114,09:38:32,18517.00,500,1690250
20221114,09:38:39,18517.00,100,1690250
20221114,09:38:50,18517.50,100,1690250
20221114,09:38:53,18518.20,50,1690250
20221114,09:38:56,18517.35,50,1690250
20221114,09:39:01,18518.85,50,1690250
20221114,09:39:08,18517.00,50,1690250
20221114,09:39:14,18517.00,150,1690250
20221114,09:39:14,18518.20,350,1690250
20221114,09:39:20,18521.55,50,1690250
20221114,09:39:22,18522.15,50,1690250
20221114,09:39:23,18520.55,50,1690250
20221114,09:39:24,18520.55,50,1690250
20221114,09:39:31,18521.20,150,1690250
20221114,09:39:36,18522.80,50,1690250
20221114,09:39:42,18523.65,50,1690250
20221114,09:39:43,18523.95,50,1690250
20221114,09:39:47,18523.90,100,1690250
20221114,09:39:48,18522.80,50,1690250
20221114,09:39:49,18520.10,50,1690250
20221114,09:40:00,18524.00,50,1690250
20221114,09:40:02,18522.20,100,1690250
20221114,09:40:03,18525.00,100,1690250
20221114,09:40:09,18530.00,50,1690250
20221114,09:40:10,18530.40,300,1690250
20221114,09:40:11,18530.95,100,1690250
20221114,09:40:15,18528.55,200,1690250
20221114,09:40:22,18528.55,50,1690250
20221114,09:40:23,18531.25,400,1690250
20221114,09:40:24,18531.20,400,1690250
20221114,09:40:26,18533.00,100,1690250
20221114,09:40:28,18535.00,50,1690250
20221114,09:40:30,18536.90,100,1690250
20221114,09:40:31,18535.40,250,1690250
20221114,09:40:33,18537.05,50,1690250
20221114,09:40:37,18533.25,100,1690250
20221114,09:40:46,18536.95,1800,1690250
20221114,09:40:48,18533.55,150,1690250
20221114,09:40:52,18533.55,200,1690250
20221114,09:40:55,18537.00,1800,1690250
20221114,09:40:57,18535.10,50,1690250
20221114,09:41:00,18534.25,100,1690250
20221114,09:41:01,18535.00,100,1690250
20221114,09:41:02,18535.15,150,1690250
20221114,09:41:03,18535.00,50,1690250
20221114,09:41:09,18533.05,200,1690250
20221114,09:41:14,18530.60,50,1690250
20221114,09:41:15,18531.95,50,1690250
20221114,09:41:17,18531.10,50,1690250
20221114,09:41:19,18530.05,50,1690250
20221114,09:41:21,18530.00,1150,1690250
20221114,09:41:22,18530.00,650,1690250
20221114,09:41:25,18530.70,100,1690250
20221114,09:41:38,18533.30,150,1692400
20221114,09:41:39,18531.10,50,1692400
20221114,09:41:51,18535.50,50,1692400
20221114,09:41:53,18535.00,50,1692400
20221114,09:41:56,18535.50,50,1692400
20221114,09:41:58,18536.00,450,1692400
20221114,09:42:00,18536.00,150,1692400
20221114,09:42:03,18536.30,50,1692400
20221114,09:42:07,18533.75,150,1692400
20221114,09:42:08,18535.50,50,1692400
20221114,09:42:26,18533.35,100,1692400
20221114,09:42:29,18535.00,50,1692400
20221114,09:42:33,18535.35,50,1692400
20221114,09:42:35,18532.15,400,1692400
20221114,09:42:36,18533.95,100,1692400
20221114,09:42:39,18534.00,200,1692400
20221114,09:42:44,18531.60,50,1692400
20221114,09:42:50,18534.90,100,1692400
20221114,09:43:06,18530.50,400,1692400
20221114,09:43:13,18530.35,200,1692400
20221114,09:43:15,18530.10,50,1692400
20221114,09:43:22,18530.05,200,1692400
20221114,09:43:23,18530.05,50,1692400
20221114,09:43:29,18530.60,50,1692400
20221114,09:43:45,18530.40,50,1692400
20221114,09:43:50,18530.00,50,1692400
20221114,09:43:54,18530.10,100,1692400
20221114,09:43:57,18530.10,50,1692400
20221114,09:44:06,18530.00,350,1692400
20221114,09:44:08,18529.25,200,1692400
20221114,09:44:12,18526.70,300,1692400
20221114,09:44:17,18526.80,50,1692400
20221114,09:44:19,18530.00,300,1692400
20221114,09:44:27,18528.05,50,1692400
20221114,09:44:40,18530.00,300,1692400
20221114,09:44:50,18525.00,100,1693100
20221114,09:44:59,18523.10,50,1693100
20221114,09:45:05,18525.00,50,1693100
20221114,09:45:17,18524.45,50,1693100
20221114,09:45:18,18523.10,50,1693100
20221114,09:45:19,18523.00,50,1693100
20221114,09:45:23,18520.20,50,1693100
20221114,09:45:25,18518.75,50,1693100
20221114,09:45:29,18518.75,100,1693100
20221114,09:45:32,18518.45,450,1693100
20221114,09:45:37,18516.45,250,1693100
20221114,09:45:41,18516.45,50,1693100
20221114,09:45:42,18516.45,50,1693100
20221114,09:45:45,18516.75,50,1693100
20221114,09:45:46,18518.75,50,1693100
20221114,09:45:47,18520.00,50,1693100
20221114,09:45:51,18521.90,50,1693100
20221114,09:45:59,18520.00,50,1693100
20221114,09:46:03,18521.80,50,1693100
20221114,09:46:04,18521.80,50,1693100
20221114,09:46:11,18518.00,500,1693100
20221114,09:46:17,18517.10,100,1693100
20221114,09:46:23,18520.20,50,1693100
20221114,09:46:29,18523.50,50,1693100
20221114,09:46:43,18523.50,50,1693100
20221114,09:46:47,18525.00,400,1693100
20221114,09:46:49,18523.60,50,1693100
20221114,09:46:50,18523.65,150,1693100
20221114,09:46:51,18523.60,100,1693100
20221114,09:46:52,18523.60,100,1693100
20221114,09:46:53,18523.60,50,1693100
20221114,09:46:55,18528.15,50,1693100
20221114,09:47:10,18525.00,250,1693100
20221114,09:47:12,18522.05,50,1693100
20221114,09:47:20,18522.80,50,1693100
20221114,09:47:32,18520.00,100,1693100
20221114,09:47:37,18520.05,50,1694600
20221114,09:47:39,18520.50,50,1694600
20221114,09:47:47,18520.50,100,1694600
20221114,09:47:52,18520.00,100,1694600
20221114,09:47:54,18520.50,200,1694600
20221114,09:47:56,18520.50,300,1694600
20221114,09:48:27,18519.15,500,1694600
20221114,09:48:32,18519.20,50,1694600
20221114,09:48:35,18517.25,50,1694600
20221114,09:48:38,18515.25,700,1694600
20221114,09:48:46,18516.20,50,1694600
20221114,09:49:06,18517.00,50,1694600
20221114,09:49:14,18515.00,300,1694600
20221114,09:49:20,18514.45,50,1694600
20221114,09:49:24,18514.00,50,1694600
20221114,09:49:25,18514.00,50,1694600
20221114,09:49:27,18512.85,50,1694600
20221114,09:49:30,18513.95,50,1694600
20221114,09:49:34,18512.85,150,1694600
20221114,09:49:34,18513.95,50,1694600
20221114,09:49:39,18512.05,100,1694600
20221114,09:49:42,18511.55,100,1694600
20221114,09:49:45,18511.70,200,1694600
20221114,09:49:49,18512.00,200,1694600
20221114,09:50:03,18511.00,100,1694600
20221114,09:50:08,18511.50,50,1694600
20221114,09:50:12,18511.50,300,1694600
20221114,09:50:13,18511.45,150,1694600
20221114,09:50:15,18511.50,50,1694600
20221114,09:50:17,18512.00,50,1694600
20221114,09:50:23,18510.15,100,1694600
20221114,09:50:25,18512.00,50,1694600
20221114,09:50:26,18511.00,50,1694600
20221114,09:50:31,18512.00,50,1694600
20221114,09:50:37,18512.00,100,1696500
20221114,09:50:47,18511.90,200,1696500
20221114,09:50:49,18510.00,600,1696500
20221114,09:50:50,18509.55,1000,1696500
20221114,09:50:53,18507.90,50,1696500
20221114,09:50:54,18507.00,100,1696500
20221114,09:51:00,18505.00,100,1696500
20221114,09:51:05,18505.00,300,1696500
20221114,09:51:10,18502.00,300,1696500
20221114,09:51:18,18503.55,50,1696500
20221114,09:51:19,18504.45,50,1696500
20221114,09:51:20,18505.00,150,1696500
20221114,09:51:26,18505.50,50,1696500
20221114,09:51:27,18505.00,50,1696500
20221114,09:51:28,18505.00,50,1696500
20221114,09:51:29,18505.00,50,1696500
20221114,09:51:34,18504.50,50,1696500
20221114,09:51:36,18504.90,100,1696500
20221114,09:51:37,18504.50,450,1696500
20221114,09:51:38,18503.90,300,1696500
20221114,09:51:39,18503.75,100,1696500
20221114,09:51:41,18500.85,50,1696500
20221114,09:51:51,18501.05,50,1696500
20221114,09:51:54,18501.35,50,1696500
20221114,09:51:58,18504.35,50,1696500
20221114,09:52:00,18504.20,100,1696500
20221114,09:52:06,18504.20,100,1696500
20221114,09:52:10,18502.00,50,1696500
20221114,09:52:13,18501.00,1800,1696500
20221114,09:52:18,18504.70,50,1696500
20221114,09:52:20,18504.70,150,1696500
20221114,09:52:25,18501.00,100,1696500
20221114,09:52:33,18503.20,50,1696500
20221114,09:52:41,18503.00,50,1696500
20221114,09:52:52,18502.90,350,1696500
20221114,09:52:57,18503.25,400,1696500
20221114,09:53:00,18501.35,100,1696500
20221114,09:53:03,18503.60,50,1696500
20221114,09:53:08,18501.90,200,1696500
20221114,09:53:10,18502.60,50,1696500
20221114,09:53:11,18504.35,50,1696500
20221114,09:53:17,18504.35,200,1696500
20221114,09:53:27,18502.10,50,1696500
20221114,09:53:34,18502.00,50,1697500
20221114,09:53:37,18502.00,50,1697500
20221114,09:53:43,18500.00,1200,1697500
20221114,09:53:52,18503.50,200,1697500
20221114,09:53:56,18503.30,50,1697500
20221114,09:54:15,18502.00,50,1697500
20221114,09:54:16,18504.85,100,1697500
20221114,09:54:18,18502.10,50,1697500
20221114,09:54:18,18502.15,50,1697500
20221114,09:54:20,18503.05,50,1697500
20221114,09:54:32,18505.00,50,1697500
20221114,09:54:35,18505.00,200,1697500
20221114,09:54:38,18505.00,100,1697500
20221114,09:54:39,18505.00,50,1697500
20221114,09:54:40,18505.00,50,1697500
20221114,09:54:41,18505.00,50,1697500
20221114,09:54:42,18505.00,100,1697500
20221114,09:54:43,18503.05,300,1697500
20221114,09:54:46,18504.80,50,1697500
20221114,09:54:53,18504.65,100,1697500
20221114,09:54:54,18504.00,50,1697500
20221114,09:55:01,18503.80,50,1697500
20221114,09:55:08,18505.00,50,1697500
20221114,09:55:12,18504.50,50,1697500
20221114,09:55:15,18503.60,50,1697500
20221114,09:55:16,18503.30,100,1697500
20221114,09:55:17,18501.70,50,1697500
20221114,09:55:19,18501.60,50,1697500
20221114,09:55:25,18503.10,50,1697500
20221114,09:55:28,18505.00,100,1697500
20221114,09:55:31,18502.45,50,1697500
20221114,09:55:31,18505.00,50,1697500
20221114,09:55:36,18502.50,300,1697500
20221114,09:55:37,18502.50,200,1697500
20221114,09:55:39,18503.20,50,1697500
20221114,09:55:41,18505.00,50,1697500
20221114,09:55:42,18505.50,700,1697500
20221114,09:55:43,18505.75,50,1697500
20221114,09:55:47,18505.70,50,1697500
20221114,09:55:52,18505.70,50,1697500
20221114,09:55:56,18504.85,150,1697500
20221114,09:56:00,18505.00,50,1697500
20221114,09:56:01,18505.75,250,1697500
20221114,09:56:08,18505.70,50,1697500
20221114,09:56:14,18504.15,50,1697500
20221114,09:56:18,18501.00,50,1697500
20221114,09:56:31,18503.50,50,1697500
20221114,09:56:32,18502.00,50,1697500
20221114,09:56:51,18501.00,300,1697650
20221114,09:56:52,18498.00,1250,1697650
20221114,09:56:54,18497.65,200,1697650
20221114,09:56:55,18499.30,50,1697650
20221114,09:56:56,18498.95,100,1697650
20221114,09:57:01,18497.00,50,1697650
20221114,09:57:06,18497.00,50,1697650
20221114,09:57:08,18498.95,50,1697650
20221114,09:57:10,18497.00,300,1697650
20221114,09:57:11,18496.45,50,1697650
20221114,09:57:20,18500.00,100,1697650
20221114,09:57:22,18502.50,50,1697650
20221114,09:57:29,18499.55,100,1697650
20221114,09:57:33,18498.35,50,1697650
20221114,09:57:48,18500.25,50,1697650
20221114,09:57:49,18501.00,50,1697650
20221114,09:57:52,18501.50,50,1697650
20221114,09:57:55,18501.00,50,1697650
20221114,09:57:59,18501.50,200,1697650
20221114,09:58:03,18502.75,300,1697650
20221114,09:58:04,18503.55,100,1697650
20221114,09:58:05,18502.75,150,1697650
20221114,09:58:10,18505.00,100,1697650
20221114,09:58:18,18505.00,450,1697650
20221114,09:58:20,18504.95,50,1697650
20221114,09:58:35,18504.70,150,1697650
20221114,09:58:48,18507.00,50,1697650
20221114,09:58:50,18507.00,50,1697650
20221114,09:58:59,18508.35,200,1697650
20221114,09:59:04,18508.30,50,1697650
20221114,09:59:11,18507.80,100,1697650
20221114,09:59:15,18507.80,100,1697650
20221114,09:59:34,18508.55,100,1697650
20221114,09:59:35,18510.00,100,1697650
20221114,09:59:56,18507.80,100,1698400
20221114,09:59:58,18509.20,50,1698400
20221114,09:59:59,18508.30,50,1698400
20221114,10:00:00,18506.10,50,1698400
20221114,10:00:02,18508.90,50,1698400
20221114,10:00:06,18509.00,50,1698400
20221114,10:00:11,18509.95,50,1698400
20221114,10:00:18,18507.00,100,1698400
20221114,10:00:19,18509.25,50,1698400
20221114,10:00:28,18509.95,50,1698400
20221114,10:00:29,18508.45,50,1698400
20221114,10:00:37,18508.45,100,1698400
20221114,10:00:40,18508.05,50,1698400
20221114,10:00:46,18508.45,200,1698400
20221114,10:00:51,18510.00,50,1698400
20221114,10:00:53,18508.00,50,1698400
20221114,10:00:55,18508.00,50,1698400
20221114,10:01:04,18507.00,250,1698400
20221114,10:01:09,18507.50,100,1698400
20221114,10:01:22,18505.30,50,1698400
20221114,10:01:24,18505.00,150,1698400
20221114,10:01:30,18505.00,150,1698400
20221114,10:01:33,18502.25,1250,1698400
20221114,10:01:37,18505.00,50,1698400
20221114,10:01:38,18504.35,300,1698400
20221114,10:01:42,18504.35,50,1698400
20221114,10:02:02,18505.00,100,1698400
20221114,10:02:13,18505.00,50,1698400
20221114,10:02:32,18505.05,50,1698400
20221114,10:02:36,18504.50,100,1698400
20221114,10:02:41,18500.05,200,1697600
20221114,10:02:47,18501.95,100,1697600
20221114,10:02:48,18501.95,150,1697600
20221114,10:03:07,18504.15,50,1697600
20221114,10:03:08,18501.30,250,1697600
20221114,10:03:13,18502.85,50,1697600
20221114,10:03:37,18501.70,50,1697600
20221114,10:03:42,18501.60,50,1697600
20221114,10:03:59,18500.40,250,1697600
20221114,10:04:01,18503.10,100,1697600
20221114,10:04:04,18500.55,400,1697600
20221114,10:04:06,18500.50,100,1697600
20221114,10:04:08,18503.45,50,1697600
20221114,10:04:14,18500.45,200,1697600
20221114,10:04:15,18500.00,250,1697600
20221114,10:04:22,18499.05,50,1697600
20221114,10:04:24,18497.00,50,1697600
20221114,10:04:25,18498.65,50,1697600
20221114,10:04:30,18499.00,50,1697600
20221114,10:04:32,18496.35,150,1697600
20221114,10:04:42,18499.35,100,1697600
20221114,10:04:43,18496.35,100,1697600
20221114,10:04:44,18499.95,50,1697600
20221114,10:04:45,18499.95,50,1697600
20221114,10:04:47,18497.25,100,1697600
20221114,10:04:59,18497.25,50,1697600
20221114,10:05:04,18496.30,100,1697600
20221114,10:05:12,18495.00,650,1697600
20221114,10:05:14,18495.00,950,1697600
20221114,10:05:15,18494.00,50,1697600
20221114,10:05:26,18495.00,50,1697600
20221114,10:05:30,18493.15,50,1697600
20221114,10:05:44,18494.45,100,1697600
20221114,10:06:04,18499.05,100,1697900
20221114,10:06:06,18498.35,50,1697900
20221114,10:06:15,18496.00,50,1697900
20221114,10:06:20,18497.00,100,1697900
20221114,10:06:22,18498.00,50,1697900
20221114,10:06:23,18498.00,100,1697900
20221114,10:06:24,18498.10,50,1697900
20221114,10:06:25,18498.50,150,1697900
20221114,10:06:26,18498.05,100,1697900
20221114,10:06:28,18496.25,50,1697900
20221114,10:06:42,18495.60,150,1697900
20221114,10:06:46,18497.10,100,1697900
20221114,10:07:00,18496.00,50,1697900
20221114,10:07:03,18495.00,50,1697900
20221114,10:07:04,18495.50,50,1697900
20221114,10:07:07,18495.50,50,1697900
20221114,10:07:15,18496.00,50,1697900
20221114,10:07:20,18497.70,50,1697900
20221114,10:07:22,18497.70,50,1697900
20221114,10:07:29,18497.40,50,1697900
20221114,10:07:32,18497.40,550,1697900
20221114,10:07:33,18493.75,1800,1697900
20221114,10:07:37,18493.55,150,1697900
20221114,10:07:56,18495.80,50,1697900
20221114,10:08:00,18497.00,50,1697900
20221114,10:08:18,18499.25,1000,1697900
20221114,10:08:19,18497.00,50,1697900
20221114,10:08:23,18496.15,50,1697900
20221114,10:08:30,18496.60,350,1697900
20221114,10:08:36,18499.20,100,1697900
20221114,10:08:44,18499.90,100,1697900
20221114,10:08:50,18498.00,50,1701100
20221114,10:08:54,18500.00,150,1701100
20221114,10:08:56,18498.20,250,1701100
20221114,10:08:57,18500.00,100,1701100
20221114,10:09:05,18499.20,50,1701100
20221114,10:09:11,18496.60,50,1701100
20221114,10:09:20,18493.25,100,1701100
20221114,10:09:27,18493.40,100,1701100
20221114,10:09:42,18495.95,50,1701100
20221114,10:09:50,18492.25,1800,1701100
20221114,10:09:55,18492.00,1050,1701100
20221114,10:09:56,18492.00,100,1701100
20221114,10:10:02,18494.00,50,1701100
20221114,10:10:03,18492.30,50,1701100
20221114,10:10:07,18494.00,50,1701100
20221114,10:10:10,18494.00,150,1701100
20221114,10:10:12,18495.00,50,1701100
20221114,10:10:16,18494.30,150,1701100
20221114,10:10:18,18496.00,50,1701100
20221114,10:10:19,18496.00,100,1701100
20221114,10:10:23,18499.55,50,1701100
20221114,10:10:24,18496.10,150,1701100
20221114,10:10:26,18495.00,300,1701100
20221114,10:10:28,18495.00,250,1701100
20221114,10:10:29,18495.00,50,1701100
20221114,10:10:30,18495.00,50,1701100
20221114,10:10:31,18495.00,300,1701100
20221114,10:10:33,18495.00,300,1701100
20221114,10:10:42,18495.15,50,1701100
20221114,10:10:59,18496.10,50,1701100
20221114,10:11:05,18497.35,50,1701100
20221114,10:11:15,18498.00,100,1701100
20221114,10:11:17,18498.10,50,1701100
20221114,10:11:19,18500.00,50,1701100
20221114,10:11:29,18501.45,150,1701100
20221114,10:11:33,18501.45,500,1701100
20221114,10:11:35,18500.90,50,1701100
20221114,10:11:37,18501.10,50,1701100
20221114,10:11:45,18502.35,200,1701350
20221114,10:11:51,18501.85,100,1701350
20221114,10:12:07,18500.00,50,1701350
20221114,10:12:08,18498.10,50,1701350
20221114,10:12:09,18501.40,50,1701350
20221114,10:12:25,18499.15,50,1701350
20221114,10:12:27,18498.90,50,1701350
20221114,10:12:41,18498.90,50,1701350
20221114,10:12:42,18497.20,50,1701350
20221114,10:12:43,18497.20,200,1701350
20221114,10:12:57,18498.90,50,1701350
20221114,10:13:01,18499.00,50,1701350
20221114,10:13:04,18500.00,50,1701350
20221114,10:13:09,18500.20,50,1701350
20221114,10:13:11,18500.05,100,1701350
20221114,10:13:12,18501.00,50,1701350
20221114,10:13:16,18500.05,50,1701350
20221114,10:13:19,18501.45,250,1701350
20221114,10:13:21,18500.00,200,1701350
20221114,10:13:25,18499.65,50,1701350
20221114,10:13:33,18497.20,50,1701350
20221114,10:13:51,18496.30,100,1701350
20221114,10:13:53,18497.00,900,1701350
20221114,10:13:57,18497.30,400,1701350
20221114,10:14:02,18495.15,50,1701350
20221114,10:14:06,18493.00,150,1701350
20221114,10:14:08,18492.70,50,1701350
20221114,10:14:16,18494.75,100,1701350
20221114,10:14:17,18494.75,50,1701350
20221114,10:14:19,18494.75,200,1701350
20221114,10:14:56,18492.70,50,1701500
20221114,10:14:59,18491.45,400,1701500
20221114,10:15:02,18490.80,200,1701500
20221114,10:15:03,18490.05,50,1701500
20221114,10:15:08,18490.05,50,1701500
20221114,10:15:17,18491.30,50,1701500
20221114,10:15:22,18485.00,1500,1701500
20221114,10:15:24,18485.00,50,1701500
20221114,10:15:26,18487.00,50,1701500
20221114,10:15:31,18487.80,50,1701500
20221114,10:15:38,18490.65,50,1701500
20221114,10:15:47,18486.65,150,1701500
20221114,10:15:54,18484.90,1800,1701500
20221114,10:16:00,18484.90,200,1701500
20221114,10:16:07,18485.35,500,1701500
20221114,10:16:12,18486.25,50,1701500
20221114,10:16:15,18487.05,150,1701500
20221114,10:16:17,18486.65,50,1701500
20221114,10:16:29,18486.65,100,1701500
20221114,10:16:37,18487.70,100,1701500
20221114,10:16:49,18484.90,50,1701500
20221114,10:17:01,18484.90,100,1701500
20221114,10:17:02,18484.90,50,1701500
20221114,10:17:03,18480.60,700,1701500
20221114,10:17:04,18480.30,50,1701500
20221114,10:17:06,18480.00,400,1701500
20221114,10:17:08,18480.00,50,1701500
20221114,10:17:12,18480.00,100,1701500
20221114,10:17:13,18480.00,100,1701500
20221114,10:17:18,18480.00,200,1701500
20221114,10:17:37,18480.30,50,1701500
20221114,10:17:40,18480.30,50,1703550
20221114,10:17:41,18481.75,50,1703550
20221114,10:17:44,18480.00,150,1703550
20221114,10:17:45,18480.00,300,1703550
20221114,10:17:52,18479.35,350,1703550
20221114,10:17:57,18479.35,50,1703550
20221114,10:17:58,18479.00,50,1703550
20221114,10:18:05,18478.15,50,1703550
20221114,10:18:11,18478.15,50,1703550
20221114,10:18:13,18480.95,50,1703550
20221114,10:18:16,18478.15,50,1703550
20221114,10:18:18,18481.00,350,1703550
20221114,10:18:19,18481.00,150,1703550
20221114,10:18:21,18479.85,50,1703550
20221114,10:18:32,18476.55,500,1703550
20221114,10:18:41,18476.55,100,1703550
20221114,10:18:43,18479.00,50,1703550
20221114,10:18:47,18479.00,300,1703550
20221114,10:18:48,18479.00,100,1703550
20221114,10:18:50,18479.85,100,1703550
20221114,10:18:57,18480.00,50,1703550
20221114,10:19:00,18481.00,50,1703550
20221114,10:19:03,18479.05,50,1703550
20221114,10:19:05,18481.40,50,1703550
20221114,10:19:09,18480.25,100,1703550
20221114,10:19:10,18480.35,50,1703550
20221114,10:19:15,18481.50,50,1703550
20221114,10:19:17,18482.90,50,1703550
20221114,10:19:20,18482.15,50,1703550
20221114,10:19:23,18483.05,50,1703550
20221114,10:19:34,18482.00,250,1703550
20221114,10:19:40,18482.85,50,1703550
20221114,10:19:43,18482.90,50,1703550
20221114,10:19:49,18480.35,100,1703550
20221114,10:19:54,18482.90,50,1703550
20221114,10:19:55,18483.00,50,1703550
20221114,10:19:57,18483.15,50,1703550
20221114,10:20:04,18484.50,50,1703550
20221114,10:20:14,18481.15,50,1703550
20221114,10:20:15,18481.35,100,1703550
20221114,10:20:18,18484.60,50,1703550
20221114,10:20:22,18482.90,150,1703550
20221114,10:20:25,18484.95,50,1703550
20221114,10:20:33,18485.00,50,1703550
20221114,10:20:40,18485.00,150,1704200
20221114,10:20:46,18485.00,50,1704200
20221114,10:20:52,18485.00,50,1704200
20221114,10:20:54,18480.00,1800,1704200
20221114,10:20:57,18485.40,50,1704200
20221114,10:21:02,18483.45,250,1704200
20221114,10:21:03,18481.20,250,1704200
20221114,10:21:38,18482.30,50,1704200
20221114,10:21:42,18483.80,50,1704200
20221114,10:22:01,18484.00,100,1704200
20221114,10:22:03,18484.00,650,1704200
20221114,10:22:07,18482.30,50,1704200
20221114,10:22:08,18482.30,50,1704200
20221114,10:22:20,18482.30,1000,1704200
20221114,10:22:21,18482.30,1000,1704200
20221114,10:22:22,18482.30,1000,1704200
20221114,10:22:29,18482.20,100,1704200
20221114,10:22:35,18481.00,100,1704200
20221114,10:22:41,18480.50,50,1704200
20221114,10:22:49,18480.50,1000,1704200
20221114,10:22:53,18480.95,50,1704200
20221114,10:22:54,18480.00,200,1704200
20221114,10:23:00,18480.65,400,1704200
20221114,10:23:06,18479.80,50,1704200
20221114,10:23:07,18479.80,50,1704200
20221114,10:23:10,18477.95,400,1704200
20221114,10:23:12,18475.00,50,1704200
20221114,10:23:15,18475.00,150,1704200
20221114,10:23:16,18477.00,250,1704200
20221114,10:23:23,18475.00,50,1704200
20221114,10:23:27,18476.35,100,1704200
20221114,10:23:32,18476.35,150,1704200
20221114,10:23:37,18476.00,100,1704200
20221114,10:23:38,18476.00,50,1704200
20221114,10:23:48,18476.00,50,1706000
20221114,10:23:51,18478.65,100,1706000
20221114,10:23:56,18475.50,50,1706000
20221114,10:24:00,18478.35,50,1706000
20221114,10:24:05,18473.60,1850,1706000
20221114,10:24:06,18474.75,900,1706000
20221114,10:24:33,18480.00,50,1706000
20221114,10:24:35,18480.00,50,1706000
20221114,10:24:39,18480.30,100,1706000
20221114,10:24:44,18480.30,100,1706000
20221114,10:24:54,18480.30,150,1706000
20221114,10:25:10,18480.30,50,1706000
20221114,10:25:12,18480.00,300,1706000
20221114,10:25:15,18479.10,50,1706000
20221114,10:25:47,18479.10,50,1706000
20221114,10:25:50,18477.80,100,1706000
20221114,10:25:52,18483.10,50,1706000
20221114,10:25:54,18481.80,100,1706000
20221114,10:26:05,18480.00,100,1706000
20221114,10:26:06,18481.65,50,1706000
20221114,10:26:08,18480.00,50,1706000
20221114,10:26:10,18480.00,50,1706000
20221114,10:26:17,18480.90,50,1706000
20221114,10:26:25,18480.90,850,1706000
20221114,10:26:27,18480.55,50,1706000
20221114,10:26:32,18480.00,50,1706000
20221114,10:26:55,18479.70,50,1706000
20221114,10:26:56,18479.65,50,1706800
20221114,10:27:02,18479.25,50,1706800
20221114,10:27:10,18480.00,50,1706800
20221114,10:27:20,18481.80,50,1706800
20221114,10:27:32,18476.45,1800,1706800
20221114,10:27:39,18480.00,150,1706800
20221114,10:27:40,18480.00,1050,1706800
20221114,10:27:54,18473.90,2900,1706800
20221114,10:27:55,18477.80,50,1706800
20221114,10:28:13,18477.00,250,1706800
20221114,10:28:23,18479.75,900,1706800
20221114,10:28:27,18480.00,50,1706800
20221114,10:28:30,18479.75,100,1706800
20221114,10:28:31,18480.00,50,1706800
20221114,10:28:37,18480.00,50,1706800
20221114,10:28:38,18478.10,50,1706800
20221114,10:28:49,18477.65,50,1706800
20221114,10:28:54,18477.50,50,1706800
20221114,10:28:55,18478.00,50,1706800
20221114,10:28:56,18478.00,50,1706800
20221114,10:29:17,18476.10,50,1706800
20221114,10:29:24,18476.05,150,1706800
20221114,10:29:33,18476.00,50,1706800
20221114,10:29:50,18474.00,800,1707350
20221114,10:29:55,18472.00,150,1707350
20221114,10:30:02,18470.00,150,1707350
20221114,10:30:04,18470.00,50,1707350
20221114,10:30:09,18470.00,1100,1707350
20221114,10:30:10,18473.45,1000,1707350
20221114,10:30:25,18474.00,150,1707350
20221114,10:30:27,18472.35,400,1707350
20221114,10:30:28,18470.00,1500,1707350
20221114,10:30:28,18475.00,50,1707350
20221114,10:30:39,18475.00,50,1707350
20221114,10:30:59,18474.10,250,1707350
20221114,10:31:00,18473.05,800,1707350
20221114,10:31:09,18474.90,50,1707350
20221114,10:31:13,18474.65,50,1707350
20221114,10:31:18,18474.90,50,1707350
20221114,10:31:24,18474.90,50,1707350
20221114,10:31:25,18474.00,850,1707350
20221114,10:31:30,18476.90,100,1707350
20221114,10:31:43,18476.80,150,1707350
20221114,10:31:47,18476.80,200,1707350
20221114,10:31:51,18476.75,100,1707350
20221114,10:31:54,18476.70,50,1707350
20221114,10:32:01,18476.75,100,1707350
20221114,10:32:11,18476.75,50,1707350
20221114,10:32:15,18477.90,50,1707350
20221114,10:32:20,18477.90,50,1707350
20221114,10:32:21,18477.90,50,1707350
20221114,10:32:22,18476.65,300,1707350
20221114,10:32:32,18476.40,200,1707350
20221114,10:32:36,18476.40,50,1707350
20221114,10:32:49,18476.55,350,1707650
20221114,10:32:56,18476.35,100,1707650
20221114,10:33:01,18476.35,50,1707650
20221114,10:33:03,18475.00,200,1707650
20221114,10:33:05,18474.00,100,1707650
20221114,10:33:11,18471.65,50,1707650
20221114,10:33:13,18470.00,700,1707650
20221114,10:33:16,18470.00,100,1707650
20221114,10:33:20,18469.90,50,1707650
20221114,10:33:26,18469.90,600,1707650
20221114,10:33:32,18470.45,100,1707650
20221114,10:33:36,18470.85,100,1707650
20221114,10:33:39,18471.65,50,1707650
20221114,10:33:41,18474.90,50,1707650
20221114,10:33:43,18474.70,250,1707650
20221114,10:33:52,18478.85,150,1707650
20221114,10:33:56,18476.15,50,1707650
20221114,10:34:06,18477.30,50,1707650
20221114,10:34:13,18478.00,50,1707650
20221114,10:34:17,18477.80,150,1707650
20221114,10:34:20,18477.80,250,1707650
20221114,10:34:23,18477.75,50,1707650
20221114,10:34:32,18478.60,50,1707650
20221114,10:34:37,18478.90,50,1707650
20221114,10:34:39,18477.10,100,1707650
20221114,10:34:51,18478.60,100,1707650
20221114,10:34:53,18477.00,50,1707650
20221114,10:35:00,18475.05,50,1707650
20221114,10:35:02,18475.05,200,1707650
20221114,10:35:09,18475.00,50,1707650
20221114,10:35:14,18475.05,50,1707650
20221114,10:35:27,18477.50,50,1707650
20221114,10:35:53,18477.35,50,1709450
20221114,10:36:05,18477.25,50,1709450
20221114,10:36:30,18474.00,900,1709450
20221114,10:36:34,18474.00,100,1709450
20221114,10:36:43,18477.80,50,1709450
20221114,10:36:44,18475.20,50,1709450
20221114,10:36:59,18475.00,600,1709450
20221114,10:37:01,18475.00,150,1709450
20221114,10:37:07,18475.00,50,1709450
20221114,10:37:10,18475.00,200,1709450
20221114,10:37:34,18472.30,1000,1709450
20221114,10:37:35,18473.25,50,1709450
20221114,10:37:37,18475.00,50,1709450
20221114,10:37:41,18476.00,50,1709450
20221114,10:37:46,18475.05,50,1709450
20221114,10:37:50,18477.55,150,1709450
20221114,10:37:59,18478.30,800,1709450
20221114,10:38:03,18477.55,1050,1709450
20221114,10:38:13,18475.10,50,1709450
20221114,10:38:18,18475.05,50,1709450
20221114,10:38:26,18477.45,50,1709450
20221114,10:38:27,18474.30,550,1709450
20221114,10:38:31,18474.00,50,1709450
20221114,10:38:33,18474.00,400,1709450
20221114,10:38:36,18474.00,50,1709450
20221114,10:38:38,18477.85,50,1709450
20221114,10:38:39,18477.90,200,1709450
20221114,10:38:56,18477.80,50,1712750
20221114,10:38:59,18477.80,50,1712750
20221114,10:39:13,18477.80,50,1712750
20221114,10:39:24,18477.80,50,1712750
20221114,10:39:42,18478.85,400,1712750
20221114,10:39:43,18479.00,50,1712750
20221114,10:39:51,18481.05,100,1712750
20221114,10:39:52,18482.00,50,1712750
20221114,10:39:53,18481.80,100,1712750
20221114,10:39:57,18482.45,50,1712750
20221114,10:40:01,18482.90,50,1712750
20221114,10:40:07,18482.55,50,1712750
20221114,10:40:08,18482.50,50,1712750
20221114,10:40:09,18482.85,100,1712750
20221114,10:40:13,18482.55,50,1712750
20221114,10:40:23,18480.95,100,1712750
20221114,10:40:25,18480.95,50,1712750
20221114,10:40:26,18480.75,50,1712750
20221114,10:40:27,18478.35,50,1712750
20221114,10:40:45,18480.25,50,1712750
20221114,10:40:49,18481.30,50,1712750
20221114,10:40:57,18481.80,50,1712750
20221114,10:41:04,18481.90,100,1712750
20221114,10:41:06,18482.35,50,1712750
20221114,10:41:09,18482.35,150,1712750
20221114,10:41:12,18481.80,100,1712750
20221114,10:41:14,18481.30,50,1712750
20221114,10:41:22,18480.00,50,1712750
20221114,10:41:25,18478.15,50,1712750
20221114,10:41:39,18478.15,50,1712750
20221114,10:41:41,18478.15,50,1712750
20221114,10:41:58,18477.05,50,1713400
20221114,10:42:22,18479.60,150,1713400
20221114,10:42:30,18483.85,100,1713400
20221114,10:42:34,18482.50,50,1713400
20221114,10:42:35,18483.00,1450,1713400
20221114,10:42:39,18483.85,50,1713400
20221114,10:43:07,18485.00,50,1713400
20221114,10:43:16,18485.00,50,1713400
20221114,10:43:18,18485.00,150,1713400
20221114,10:43:20,18485.00,500,1713400
20221114,10:43:23,18482.20,800,1713400
20221114,10:43:30,18484.05,50,1713400
20221114,10:43:44,18482.10,50,1713400
20221114,10:43:46,18482.20,50,1713400
20221114,10:43:47,18482.20,50,1713400
20221114,10:43:53,18482.00,50,1713400
20221114,10:44:17,18481.70,50,1713400
20221114,10:44:25,18481.65,50,1713400
20221114,10:44:29,18482.00,200,1713400
20221114,10:45:00,18484.90,50,1716100
20221114,10:45:12,18484.65,300,1716100
20221114,10:45:14,18483.65,150,1716100
20221114,10:45:21,18484.00,100,1716100
20221114,10:45:23,18482.75,50,1716100
20221114,10:45:38,18482.75,400,1716100
20221114,10:45:46,18484.00,50,1716100
20221114,10:45:55,18484.95,50,1716100
20221114,10:46:08,18483.05,50,1716100
20221114,10:46:09,18485.00,50,1716100
20221114,10:46:18,18485.00,50,1716100
20221114,10:46:23,18486.00,100,1716100
20221114,10:46:25,18486.00,50,1716100
20221114,10:46:26,18487.00,100,1716100
20221114,10:46:27,18490.00,100,1716100
20221114,10:46:31,18489.60,100,1716100
20221114,10:46:40,18489.75,50,1716100
20221114,10:46:41,18489.00,600,1716100
20221114,10:46:44,18489.20,50,1716100
20221114,10:46:46,18489.00,50,1716100
20221114,10:46:55,18489.90,50,1716100
20221114,10:47:01,18489.00,50,1716100
20221114,10:47:05,18490.05,100,1716100
20221114,10:47:08,18490.50,50,1716100
20221114,10:47:09,18491.75,100,1716100
20221114,10:47:10,18491.05,250,1716100
20221114,10:47:20,18490.50,100,1716100
20221114,10:47:22,18490.00,250,1716100
20221114,10:47:27,18490.00,50,1716100
20221114,10:47:31,18490.00,50,1716100
20221114,10:47:34,18490.00,100,1716100
20221114,10:47:40,18491.15,50,1716100
20221114,10:47:42,18488.25,50,1716100
20221114,10:47:55,18491.15,50,1716750
20221114,10:48:02,18488.10,200,1716750
20221114,10:48:08,18488.10,100,1716750
20221114,10:48:13,18491.15,250,1716750
20221114,10:48:17,18492.65,50,1716750
20221114,10:48:21,18492.75,50,1716750
20221114,10:48:27,18492.90,50,1716750
20221114,10:48:28,18493.85,50,1716750
20221114,10:48:36,18490.05,100,1716750
20221114,10:48:40,18492.70,50,1716750
20221114,10:48:50,18492.75,100,1716750
20221114,10:48:55,18492.80,50,1716750
20221114,10:49:10,18492.75,50,1716750
20221114,10:49:18,18495.00,1500,1716750
20221114,10:49:31,18494.90,100,1716750
20221114,10:49:32,18495.00,50,1716750
20221114,10:49:39,18495.00,50,1716750
20221114,10:49:40,18495.05,350,1716750
20221114,10:49:42,18495.00,50,1716750
20221114,10:49:48,18495.00,100,1716750
20221114,10:49:55,18495.90,500,1716750
20221114,10:50:05,18496.00,50,1716750
20221114,10:50:07,18496.00,50,1716750
20221114,10:50:08,18496.40,200,1716750
20221114,10:50:11,18494.60,400,1716750
20221114,10:50:12,18494.65,100,1716750
20221114,10:50:16,18495.40,400,1716750
20221114,10:50:19,18495.00,150,1716750
20221114,10:50:24,18495.00,50,1716750
20221114,10:50:30,18495.00,200,1716750
20221114,10:50:33,18495.00,200,1716750
20221114,10:50:37,18497.10,50,1716750
20221114,10:50:39,18496.25,50,1716750
20221114,10:50:40,18496.30,200,1716750
20221114,10:50:45,18499.00,50,1716750
20221114,10:50:52,18499.00,50,1716750
20221114,10:50:54,18499.95,50,1720350
20221114,10:51:07,18501.00,400,1720350
20221114,10:51:16,18501.50,200,1720350
20221114,10:51:18,18501.50,200,1720350
20221114,10:51:21,18502.00,150,1720350
20221114,10:51:22,18503.15,500,1720350
20221114,10:51:23,18501.50,350,1720350
20221114,10:51:24,18500.70,50,1720350
20221114,10:51:25,18500.80,100,1720350
20221114,10:51:43,18500.60,50,1720350
20221114,10:51:44,18500.05,50,1720350
20221114,10:51:47,18500.00,100,1720350
20221114,10:51:52,18500.00,50,1720350
20221114,10:52:05,18499.10,50,1720350
20221114,10:52:12,18499.00,50,1720350
20221114,10:52:14,18498.05,50,1720350
20221114,10:52:19,18498.00,50,1720350
20221114,10:52:23,18496.95,50,1720350
20221114,10:52:34,18496.00,50,1720350
20221114,10:52:52,18494.45,50,1720350
20221114,10:52:55,18493.40,50,1720350
20221114,10:53:14,18498.00,50,1720350
20221114,10:53:18,18495.70,50,1720350
20221114,10:53:35,18496.45,200,1720350
20221114,10:53:37,18496.45,50,1720350
20221114,10:53:39,18496.45,150,1720350
20221114,10:53:50,18495.50,50,1722500
20221114,10:53:51,18495.80,150,1722500
20221114,10:54:24,18498.00,50,1722500
20221114,10:54:25,18498.05,50,1722500
20221114,10:54:29,18499.00,50,1722500
20221114,10:54:39,18499.00,150,1722500
20221114,10:54:41,18496.05,150,1722500
20221114,10:55:05,18499.50,250,1722500
20221114,10:55:10,18499.90,100,1722500
20221114,10:55:17,18497.45,50,1722500
20221114,10:55:24,18500.00,100,1722500
20221114,10:55:33,18499.95,50,1722500
20221114,10:55:47,18499.80,50,1722500
20221114,10:55:52,18497.85,100,1722500
20221114,10:55:54,18496.20,50,1722500
20221114,10:56:31,18497.50,100,1722500
20221114,10:56:35,18498.70,50,1722500
20221114,10:56:49,18497.70,50,1723150
20221114,10:56:51,18498.15,100,1723150
20221114,10:56:52,18499.80,100,1723150
20221114,10:57:02,18498.70,50,1723150
20221114,10:57:20,18499.00,50,1723150
20221114,10:57:31,18500.00,200,1723150
20221114,10:57:43,18499.80,50,1723150
20221114,10:57:44,18498.90,300,1723150
20221114,10:57:45,18498.00,50,1723150
20221114,10:58:03,18497.95,50,1723150
20221114,10:58:06,18496.80,100,1723150
20221114,10:58:14,18496.05,50,1723150
20221114,10:58:17,18495.60,150,1723150
20221114,10:58:18,18495.55,50,1723150
20221114,10:58:46,18493.90,50,1723150
20221114,10:58:54,18493.85,50,1723150
20221114,10:58:57,18493.85,50,1723150
20221114,10:59:19,18491.55,100,1723150
20221114,10:59:30,18491.55,50,1723150
20221114,10:59:33,18491.55,50,1723150
20221114,10:59:35,18492.00,50,1723150
20221114,10:59:36,18491.55,50,1723150
20221114,10:59:40,18492.00,50,1723150
20221114,10:59:44,18491.55,50,1723150
20221114,10:59:47,18492.00,150,1724150
20221114,11:00:13,18492.55,50,1724150
20221114,11:00:22,18492.55,50,1724150
20221114,11:00:36,18494.50,50,1724150
20221114,11:00:55,18496.45,300,1724150
20221114,11:00:58,18497.55,300,1724150
20221114,11:01:09,18496.00,50,1724150
20221114,11:01:33,18496.35,50,1724150
20221114,11:01:37,18496.50,50,1724150
20221114,11:01:58,18496.30,100,1724150
20221114,11:02:13,18496.30,100,1724150
20221114,11:02:17,18498.70,300,1724150
20221114,11:02:31,18496.60,50,1724150
20221114,11:03:12,18497.45,100,1724550
20221114,11:03:19,18497.45,50,1724550
20221114,11:03:31,18497.45,100,1724550
20221114,11:03:43,18498.40,100,1724550
20221114,11:03:47,18497.50,50,1724550
20221114,11:04:03,18498.00,50,1724550
20221114,11:04:17,18498.00,300,1724550
20221114,11:04:28,18498.00,50,1724550
20221114,11:04:31,18498.00,200,1724550
20221114,11:04:39,18497.95,50,1724550
20221114,11:04:46,18498.00,50,1724550
20221114,11:04:47,18500.00,600,1724550
20221114,11:04:48,18499.65,50,1724550
20221114,11:04:49,18500.00,50,1724550
20221114,11:04:50,18499.70,50,1724550
20221114,11:05:05,18499.60,150,1724550
20221114,11:05:09,18498.00,100,1724550
20221114,11:05:19,18496.75,50,1724550
20221114,11:05:44,18497.00,50,1724550
20221114,11:05:49,18496.35,100,1724850
20221114,11:05:54,18496.35,50,1724850
20221114,11:06:01,18496.35,50,1724850
20221114,11:06:03,18496.35,50,1724850
20221114,11:06:07,18496.35,100,1724850
20221114,11:06:08,18496.35,50,1724850
20221114,11:06:14,18496.00,100,1724850
20221114,11:06:15,18494.95,250,1724850
20221114,11:06:51,18492.00,100,1724850
20221114,11:06:52,18492.00,50,1724850
20221114,11:06:54,18491.30,50,1724850
20221114,11:06:57,18490.05,250,1724850
20221114,11:06:59,18488.30,200,1724850
20221114,11:07:02,18490.00,50,1724850
20221114,11:07:14,18490.00,100,1724850
20221114,11:07:27,18490.00,50,1724850
20221114,11:07:31,18488.10,50,1724850
20221114,11:07:36,18487.35,50,1724850
20221114,11:07:49,18488.00,50,1724850
20221114,11:08:02,18489.65,200,1724850
20221114,11:08:12,18488.00,100,1724850
20221114,11:08:30,18488.00,50,1724850
20221114,11:09:06,18488.00,1000,1725500
20221114,11:09:07,18486.05,50,1725500
20221114,11:09:12,18486.00,50,1725500
20221114,11:09:22,18484.80,100,1725500
20221114,11:09:34,18485.00,250,1725500
20221114,11:09:37,18485.00,50,1725500
20221114,11:09:39,18485.00,800,1725500
20221114,11:09:41,18488.65,950,1725500
20221114,11:09:53,18485.70,250,1725500
20221114,11:10:03,18485.75,100,1725500
20221114,11:10:09,18488.00,150,1725500
20221114,11:10:36,18485.05,100,1725500
20221114,11:10:39,18487.80,50,1725500
20221114,11:10:46,18485.00,300,1725500
20221114,11:11:13,18484.70,50,1725500
20221114,11:11:30,18484.35,50,1725500
20221114,11:11:41,18487.00,50,1725500
20221114,11:11:46,18489.00,150,1725500
20221114,11:11:49,18488.90,50,1727800
20221114,11:11:50,18489.40,50,1727800
20221114,11:11:54,18489.00,50,1727800
20221114,11:11:58,18487.80,100,1727800
20221114,11:12:01,18489.00,50,1727800
20221114,11:12:02,18488.10,100,1727800
20221114,11:12:07,18489.00,50,1727800
20221114,11:12:10,18489.00,50,1727800
20221114,11:12:12,18490.00,200,1727800
20221114,11:12:14,18488.80,50,1727800
20221114,11:12:15,18486.95,50,1727800
20221114,11:12:45,18485.00,150,1727800
20221114,11:12:52,18485.00,200,1727800
20221114,11:12:58,18482.75,100,1727800
20221114,11:13:13,18484.00,50,1727800
20221114,11:13:24,18482.90,150,1727800
20221114,11:13:49,18482.90,50,1727800
20221114,11:13:56,18481.90,50,1727800
20221114,11:14:32,18480.70,150,1727800
20221114,11:14:45,18482.00,50,1727800
20221114,11:14:47,18482.00,50,1727800
20221114,11:15:02,18483.45,250,1727800
20221114,11:15:16,18483.45,50,1728150
20221114,11:15:23,18484.10,50,1728150
20221114,11:15:24,18484.10,50,1728150
20221114,11:15:26,18484.25,50,1728150
20221114,11:15:27,18484.40,100,1728150
20221114,11:15:29,18484.65,50,1728150
20221114,11:15:37,18485.45,50,1728150
20221114,11:15:38,18485.55,50,1728150
20221114,11:15:39,18485.45,50,1728150
20221114,11:15:41,18485.00,50,1728150
20221114,11:15:57,18485.00,150,1728150
20221114,11:16:30,18484.40,50,1728150
20221114,11:17:22,18484.00,100,1728150
20221114,11:17:36,18481.40,50,1728150
20221114,11:17:56,18481.75,50,1728650
20221114,11:17:58,18482.00,250,1728650
20221114,11:18:04,18483.30,100,1728650
20221114,11:18:06,18483.30,50,1728650
20221114,11:18:36,18483.30,50,1728650
20221114,11:18:41,18481.50,100,1728650
20221114,11:18:44,18481.40,50,1728650
20221114,11:19:02,18482.90,100,1728650
20221114,11:19:24,18481.15,50,1728650
20221114,11:19:46,18480.70,50,1728650
20221114,11:19:53,18482.00,50,1728650
20221114,11:20:06,18482.00,50,1728650
20221114,11:20:07,18481.75,200,1728650
20221114,11:20:08,18482.00,50,1728650
20221114,11:20:18,18483.00,50,1728650
20221114,11:20:19,18483.10,100,1728650
20221114,11:20:25,18484.00,50,1728650
20221114,11:20:37,18483.10,50,1728650
20221114,11:21:20,18484.90,50,1729250
20221114,11:21:46,18486.95,250,1729250
20221114,11:21:50,18486.65,50,1729250
20221114,11:21:54,18486.75,50,1729250
20221114,11:21:55,18485.10,50,1729250
20221114,11:21:59,18486.80,50,1729250
20221114,11:22:25,18486.65,50,1729250
20221114,11:22:28,18486.65,50,1729250
20221114,11:22:31,18486.65,50,1729250
20221114,11:22:43,18488.00,50,1729250
20221114,11:22:47,18488.20,100,1729250
20221114,11:22:51,18488.20,50,1729250
20221114,11:23:06,18488.20,100,1729250
20221114,11:23:50,18488.05,100,1729250
20221114,11:24:10,18484.90,250,1729700
20221114,11:24:31,18484.40,100,1729700
20221114,11:24:44,18484.05,100,1729700
20221114,11:25:32,18483.85,50,1729700
20221114,11:25:34,18484.20,50,1729700
20221114,11:25:50,18480.50,50,1729700
20221114,11:25:55,18481.70,50,1729700
20221114,11:25:56,18480.00,100,1729700
20221114,11:25:58,18480.00,50,1729700
20221114,11:25:59,18480.00,50,1729700
20221114,11:26:06,18480.00,200,1729700
20221114,11:26:18,18481.95,50,1729700
20221114,11:26:26,18484.95,50,1729700
20221114,11:26:36,18487.40,100,1729700
20221114,11:26:51,18488.00,100,1730250
20221114,11:26:52,18486.20,100,1730250
20221114,11:26:53,18489.50,50,1730250
20221114,11:26:58,18486.75,50,1730250
20221114,11:27:00,18489.40,50,1730250
20221114,11:27:05,18488.75,50,1730250
20221114,11:27:07,18488.85,50,1730250
20221114,11:27:08,18488.90,50,1730250
20221114,11:27:12,18487.80,50,1730250
20221114,11:27:15,18488.30,50,1730250
20221114,11:27:17,18488.90,50,1730250
20221114,11:27:23,18487.60,50,1730250
20221114,11:27:25,18488.05,50,1730250
20221114,11:27:30,18485.70,50,1730250
20221114,11:27:32,18486.35,100,1730250
20221114,11:27:33,18485.50,50,1730250
20221114,11:27:34,18485.00,100,1730250
20221114,11:27:39,18485.00,50,1730250
20221114,11:27:42,18484.80,50,1730250
20221114,11:27:46,18484.95,50,1730250
20221114,11:27:49,18485.25,50,1730250
20221114,11:27:52,18485.20,50,1730250
20221114,11:27:55,18485.50,50,1730250
20221114,11:27:59,18485.05,50,1730250
20221114,11:28:01,18485.25,50,1730250
20221114,11:28:05,18485.05,100,1730250
20221114,11:28:07,18484.30,50,1730250
20221114,11:28:09,18482.15,50,1730250
20221114,11:28:13,18483.25,50,1730250
20221114,11:28:16,18484.15,50,1730250
20221114,11:28:18,18484.25,50,1730250
20221114,11:28:20,18481.80,100,1730250
20221114,11:28:24,18483.70,50,1730250
20221114,11:28:27,18484.25,50,1730250
20221114,11:28:31,18484.65,50,1730250
20221114,11:28:33,18485.00,50,1730250
20221114,11:28:40,18482.35,200,1730250
20221114,11:28:44,18485.05,100,1730250
20221114,11:28:48,18485.70,50,1730250
20221114,11:28:51,18485.70,100,1730250
20221114,11:28:54,18485.55,100,1730250
20221114,11:28:56,18485.35,50,1730250
20221114,11:28:57,18485.55,50,1730250
20221114,11:28:57,18485.70,50,1730250
20221114,11:28:59,18485.75,50,1730250
20221114,11:29:00,18485.90,50,1730250
20221114,11:29:03,18485.95,50,1730250
20221114,11:29:04,18485.10,100,1730250
20221114,11:29:06,18484.00,100,1730250
20221114,11:29:07,18485.30,50,1730250
20221114,11:29:10,18484.95,50,1730250
20221114,11:29:14,18484.60,50,1730250
20221114,11:29:15,18484.00,200,1730250
20221114,11:29:21,18484.60,50,1730250
20221114,11:29:24,18485.15,100,1730250
20221114,11:29:26,18485.05,50,1730250
20221114,11:29:48,18482.90,50,1730250
20221114,11:29:54,18482.00,50,1733150
20221114,11:29:57,18482.60,50,1733150
20221114,11:29:59,18480.50,100,1733150
20221114,11:30:01,18482.55,50,1733150
20221114,11:30:02,18483.20,50,1733150
20221114,11:30:05,18480.80,50,1733150
20221114,11:30:08,18481.50,50,1733150
20221114,11:30:12,18481.85,50,1733150
20221114,11:30:13,18481.85,100,1733150
20221114,11:30:15,18481.85,50,1733150
20221114,11:30:17,18482.90,50,1733150
20221114,11:30:19,18480.00,100,1733150
20221114,11:30:27,18481.35,50,1733150
20221114,11:30:41,18484.00,50,1733150
20221114,11:31:06,18480.00,50,1733150
20221114,11:31:07,18482.10,300,1733150
20221114,11:31:15,18480.00,50,1733150
20221114,11:31:32,18480.00,50,1733150
20221114,11:31:49,18480.00,150,1733150
20221114,11:32:16,18480.10,200,1733150
20221114,11:32:21,18480.00,50,1733150
20221114,11:32:51,18480.00,50,1733150
20221114,11:32:53,18479.85,50,1733150
20221114,11:32:59,18480.25,50,1734350
20221114,11:33:09,18481.35,150,1734350
20221114,11:33:17,18477.50,1200,1734350
20221114,11:33:27,18480.00,50,1734350
20221114,11:33:30,18480.10,50,1734350
20221114,11:33:33,18477.50,50,1734350
20221114,11:33:49,18477.00,50,1734350
20221114,11:33:53,18477.00,50,1734350
20221114,11:34:00,18477.00,50,1734350
20221114,11:34:07,18478.25,150,1734350
20221114,11:34:53,18478.00,100,1734350
20221114,11:35:08,18475.35,100,1734350
20221114,11:35:12,18475.35,50,1734350
20221114,11:35:15,18475.10,50,1734350
20221114,11:35:29,18477.85,50,1734350
20221114,11:35:30,18478.00,50,1734350
20221114,11:35:33,18480.00,350,1734350
20221114,11:35:50,18482.70,500,1734350
20221114,11:35:55,18481.25,50,1735700
20221114,11:36:54,18477.25,50,1735700
20221114,11:37:00,18482.30,400,1735700
20221114,11:37:01,18479.55,50,1735700
20221114,11:37:03,18478.40,50,1735700
20221114,11:37:41,18477.20,50,1735700
20221114,11:38:17,18479.30,50,1735700
20221114,11:38:47,18477.95,50,1735700
20221114,11:39:13,18480.95,50,1735550
20221114,11:39:31,18479.00,100,1735550
20221114,11:39:35,18480.95,50,1735550
20221114,11:39:36,18481.55,200,1735550
20221114,11:39:37,18479.45,50,1735550
20221114,11:39:46,18479.40,50,1735550
20221114,11:39:55,18481.80,50,1735550
20221114,11:39:58,18478.95,50,1735550
20221114,11:40:28,18484.00,50,1735550
20221114,11:40:52,18484.95,50,1735550
20221114,11:41:13,18486.15,50,1735550
20221114,11:41:15,18486.45,50,1735550
20221114,11:41:16,18485.00,100,1735550
20221114,11:41:19,18485.70,50,1735550
20221114,11:41:39,18485.15,50,1735550
20221114,11:41:44,18484.00,50,1735550
20221114,11:42:22,18485.00,50,1735550
20221114,11:42:32,18489.50,50,1735550
20221114,11:43:12,18486.00,150,1735550
20221114,11:43:13,18486.00,350,1735550
20221114,11:43:20,18487.15,50,1735550
20221114,11:43:59,18487.15,50,1735550
20221114,11:44:06,18485.25,100,1735550
20221114,11:44:20,18487.35,150,1735550
20221114,11:44:25,18487.10,50,1735550
20221114,11:44:51,18485.25,50,1735550
20221114,11:44:53,18485.00,100,1735550
20221114,11:45:15,18485.00,50,1735850
20221114,11:45:30,18486.30,100,1735850
20221114,11:46:47,18480.25,50,1735850
20221114,11:47:41,18481.40,50,1735850
20221114,11:47:47,18480.25,50,1735850
20221114,11:47:55,18480.25,150,1736050
20221114,11:48:05,18480.95,100,1736050
20221114,11:48:11,18478.55,100,1736050
20221114,11:48:25,18481.00,50,1736050
20221114,11:48:56,18480.65,50,1736050
20221114,11:49:00,18479.30,50,1736050
20221114,11:49:24,18479.60,100,1736050
20221114,11:49:26,18479.60,200,1736050
20221114,11:49:37,18479.30,50,1736050
20221114,11:50:27,18479.00,50,1736050
20221114,11:50:46,18479.00,100,1736050
20221114,11:50:47,18479.00,100,1736050
20221114,11:50:49,18479.00,250,1736050
20221114,11:51:12,18477.00,50,1736400
20221114,11:51:22,18477.00,50,1736400
20221114,11:51:41,18477.15,50,1736400
20221114,11:51:47,18479.15,50,1736400
20221114,11:52:00,18478.60,50,1736400
20221114,11:52:01,18479.30,50,1736400
20221114,11:52:06,18481.00,200,1736400
20221114,11:52:08,18481.00,50,1736400
20221114,11:52:11,18482.80,100,1736400
20221114,11:52:41,18485.00,50,1736400
20221114,11:52:42,18485.05,50,1736400
20221114,11:52:57,18486.55,50,1736400
20221114,11:53:31,18486.55,50,1736400
20221114,11:53:40,18486.55,150,1736400
20221114,11:53:46,18483.80,200,1736400
20221114,11:53:58,18487.00,50,1736400
20221114,11:54:31,18487.00,50,1736400
20221114,11:55:56,18485.20,50,1736400
20221114,11:57:02,18485.00,50,1736450
20221114,11:57:03,18485.00,50,1736450
20221114,11:57:21,18485.00,150,1736450
20221114,11:57:31,18485.20,50,1736450
20221114,11:57:55,18484.40,450,1736450
20221114,11:58:03,18482.50,50,1736450
20221114,11:58:28,18484.30,200,1736450
20221114,11:58:47,18484.80,200,1736450
20221114,11:58:52,18485.35,50,1736450
20221114,11:59:29,18486.40,100,1736450
20221114,11:59:46,18486.40,50,1736450
20221114,11:59:48,18486.40,50,1736450
20221114,11:59:53,18486.40,100,1736450
20221114,12:00:01,18486.40,50,1736250
20221114,12:00:11,18486.40,50,1736250
20221114,12:00:12,18486.55,100,1736250
20221114,12:00:25,18487.85,50,1736250
20221114,12:00:29,18488.55,100,1736250
20221114,12:00:35,18486.05,50,1736250
20221114,12:00:49,18488.65,50,1736250
20221114,12:01:05,18489.05,100,1736250
20221114,12:01:09,18489.35,50,1736250
20221114,12:01:16,18489.10,50,1736250
20221114,12:01:17,18488.55,50,1736250
20221114,12:01:41,18486.35,50,1736250
20221114,12:01:47,18485.00,100,1736250
20221114,12:01:57,18482.40,100,1736250
20221114,12:02:04,18482.00,50,1736250
20221114,12:02:05,18480.00,50,1736250
20221114,12:02:13,18478.00,500,1736250
20221114,12:02:44,18479.70,50,1736250
20221114,12:02:49,18476.00,500,1736250
20221114,12:02:55,18476.30,500,1736250
20221114,12:03:15,18479.70,100,1737200
20221114,12:03:18,18479.90,100,1737200
20221114,12:03:31,18476.75,150,1737200
20221114,12:03:44,18476.50,200,1737200
20221114,12:04:03,18476.55,50,1737200
20221114,12:04:36,18479.00,50,1737200
20221114,12:04:38,18479.00,100,1737200
20221114,12:05:17,18480.30,300,1737200
20221114,12:05:18,18480.20,50,1737200
20221114,12:05:32,18479.00,50,1737200
20221114,12:05:37,18478.00,50,1737200
20221114,12:05:56,18476.75,50,1737200
20221114,12:06:05,18476.75,50,1737050
20221114,12:06:09,18476.50,50,1737050
20221114,12:06:18,18478.00,100,1737050
20221114,12:06:25,18478.00,50,1737050
20221114,12:06:28,18478.10,100,1737050
20221114,12:06:28,18478.15,50,1737050
20221114,12:06:39,18476.75,50,1737050
20221114,12:07:07,18476.95,50,1737050
20221114,12:07:24,18479.00,50,1737050
20221114,12:07:53,18480.00,50,1737050
20221114,12:07:54,18477.60,50,1737050
20221114,12:08:08,18476.00,500,1737050
20221114,12:08:17,18476.00,50,1737050
20221114,12:08:19,18476.00,50,1737050
20221114,12:08:20,18476.00,100,1737050
20221114,12:08:23,18476.00,250,1737050
20221114,12:08:27,18476.40,50,1737050
20221114,12:08:28,18477.60,50,1737050
20221114,12:08:30,18477.60,50,1737050
20221114,12:08:51,18479.90,50,1737050
20221114,12:09:31,18475.80,100,1737300
20221114,12:10:23,18479.65,100,1737300
20221114,12:10:36,18480.00,50,1737300
20221114,12:10:54,18480.95,50,1737300
20221114,12:11:03,18485.00,50,1737300
20221114,12:11:44,18486.75,50,1737300
20221114,12:11:52,18484.95,50,1737300
20221114,12:11:57,18485.60,50,1737300
20221114,12:12:04,18485.35,150,1737100
20221114,12:13:04,18483.20,50,1737100
20221114,12:13:14,18480.45,100,1737100
20221114,12:13:26,18478.00,150,1737100
20221114,12:13:27,18475.40,50,1737100
20221114,12:13:33,18475.35,100,1737100
20221114,12:13:42,18476.90,50,1737100
20221114,12:13:45,18475.25,100,1737100
20221114,12:13:57,18475.55,50,1737100
20221114,12:14:07,18478.60,50,1737100
20221114,12:14:13,18475.65,50,1737100
20221114,12:14:36,18480.00,100,1737100
20221114,12:14:54,18482.00,150,1737100
20221114,12:14:55,18484.50,100,1737100
20221114,12:15:20,18485.00,450,1737450
20221114,12:15:26,18491.20,200,1737450
20221114,12:15:35,18495.00,150,1737450
20221114,12:15:38,18495.00,150,1737450
20221114,12:15:39,18495.00,50,1737450
20221114,12:15:41,18492.55,100,1737450
20221114,12:15:42,18495.00,50,1737450
20221114,12:16:04,18494.30,50,1737450
20221114,12:16:10,18492.00,100,1737450
20221114,12:16:12,18493.30,50,1737450
20221114,12:16:14,18493.10,400,1737450
20221114,12:16:21,18492.05,50,1737450
20221114,12:16:22,18492.00,150,1737450
20221114,12:16:28,18491.25,50,1737450
20221114,12:16:56,18488.65,350,1737450
20221114,12:17:01,18490.75,50,1737450
20221114,12:17:04,18489.75,50,1737450
20221114,12:17:06,18488.05,400,1737450
20221114,12:17:10,18489.85,50,1737450
20221114,12:17:28,18486.45,50,1737450
20221114,12:18:08,18490.00,50,1738150
20221114,12:18:08,18489.45,50,1738150
20221114,12:18:30,18490.00,50,1738150
20221114,12:19:20,18490.00,50,1738150
20221114,12:19:28,18490.00,100,1738150
20221114,12:19:33,18485.25,50,1738150
20221114,12:19:35,18487.00,50,1738150
20221114,12:19:58,18485.20,50,1738150
20221114,12:20:03,18486.90,50,1738150
20221114,12:20:10,18488.70,50,1738150
20221114,12:20:30,18488.90,50,1738150
20221114,12:20:47,18488.20,50,1738150
20221114,12:20:59,18488.20,50,1738150
20221114,12:21:02,18488.20,50,1738650
20221114,12:21:06,18488.25,50,1738650
20221114,12:21:07,18488.70,50,1738650
20221114,12:21:08,18490.00,100,1738650
20221114,12:21:11,18490.00,100,1738650
20221114,12:21:13,18490.00,100,1738650
20221114,12:21:14,18490.00,50,1738650
20221114,12:21:16,18492.00,50,1738650
20221114,12:21:17,18492.50,50,1738650
20221114,12:21:24,18492.95,50,1738650
20221114,12:21:34,18492.15,50,1738650
20221114,12:21:41,18492.40,150,1738650
20221114,12:21:55,18491.00,50,1738650
20221114,12:21:56,18492.35,50,1738650
20221114,12:22:36,18492.00,50,1738650
20221114,12:22:37,18494.05,1000,1738650
20221114,12:22:42,18491.20,50,1738650
20221114,12:23:07,18495.00,1100,1738650
20221114,12:23:20,18494.20,50,1738650
20221114,12:23:33,18494.20,50,1738650
20221114,12:23:53,18493.00,50,1738650
20221114,12:23:56,18495.55,1800,1738650
20221114,12:24:06,18497.20,1800,1737800
20221114,12:24:13,18496.55,50,1737800
20221114,12:24:14,18494.20,50,1737800
20221114,12:24:16,18498.25,1800,1737800
20221114,12:24:20,18496.55,100,1737800
20221114,12:24:22,18496.25,50,1737800
20221114,12:24:23,18494.55,50,1737800
20221114,12:24:30,18494.00,50,1737800
20221114,12:24:34,18493.00,200,1737800
20221114,12:24:48,18491.20,50,1737800
20221114,12:24:50,18490.00,50,1737800
20221114,12:24:51,18490.00,350,1737800
20221114,12:24:52,18490.00,50,1737800
20221114,12:25:00,18487.95,50,1737800
20221114,12:25:32,18491.70,50,1737800
20221114,12:25:34,18490.15,100,1737800
20221114,12:25:59,18490.70,50,1737800
20221114,12:26:02,18491.45,200,1737800
20221114,12:26:13,18491.00,250,1737800
20221114,12:26:16,18488.30,50,1737800
20221114,12:26:22,18491.45,50,1737800
20221114,12:26:23,18492.90,150,1737800
20221114,12:26:24,18492.90,100,1737800
20221114,12:26:25,18491.75,100,1737800
20221114,12:26:26,18491.85,50,1737800
20221114,12:26:27,18492.25,50,1737800
20221114,12:26:28,18492.45,100,1737800
20221114,12:26:39,18489.25,50,1737800
20221114,12:26:48,18488.00,50,1737800
20221114,12:26:54,18486.05,150,1737800
20221114,12:27:04,18489.25,50,1738300
20221114,12:27:06,18487.70,100,1738300
20221114,12:27:08,18487.45,150,1738300
20221114,12:27:10,18490.00,550,1738300
20221114,12:27:18,18489.95,50,1738300
20221114,12:27:35,18489.80,500,1738300
20221114,12:27:40,18489.40,150,1738300
20221114,12:28:18,18490.75,100,1738300
20221114,12:28:45,18490.75,50,1738300
20221114,12:28:52,18487.85,100,1738300
20221114,12:28:56,18488.50,50,1738300
20221114,12:29:11,18490.75,50,1738300
20221114,12:29:14,18491.00,200,1738300
20221114,12:29:15,18492.70,50,1738300
20221114,12:29:20,18492.60,50,1738300
20221114,12:29:34,18492.40,50,1738300
20221114,12:29:37,18492.90,50,1738300
20221114,12:29:52,18491.05,100,1738300
20221114,12:29:53,18492.80,50,1738300
20221114,12:30:00,18494.10,100,1738300
20221114,12:30:13,18492.00,100,1738500
20221114,12:30:33,18491.20,50,1738500
20221114,12:30:34,18491.25,50,1738500
20221114,12:30:35,18490.00,50,1738500
20221114,12:30:49,18492.70,150,1738500
20221114,12:30:51,18492.75,50,1738500
20221114,12:30:54,18492.85,200,1738500
20221114,12:31:04,18493.05,50,1738500
20221114,12:31:06,18494.85,50,1738500
20221114,12:31:13,18494.85,50,1738500
20221114,12:31:14,18492.55,150,1738500
20221114,12:31:16,18492.55,100,1738500
20221114,12:31:18,18492.55,50,1738500
20221114,12:31:22,18494.85,100,1738500
20221114,12:31:26,18492.20,250,1738500
20221114,12:31:29,18491.35,50,1738500
20221114,12:31:34,18491.55,50,1738500
20221114,12:31:46,18490.25,50,1738500
20221114,12:31:47,18490.30,100,1738500
20221114,12:32:06,18491.40,50,1738500
20221114,12:32:36,18489.75,100,1738500
20221114,12:32:47,18487.80,50,1738500
20221114,12:33:32,18487.90,50,1738150
20221114,12:33:46,18488.35,50,1738150
20221114,12:33:54,18488.65,200,1738150
20221114,12:34:01,18488.45,50,1738150
20221114,12:34:07,18487.00,1000,1738150
20221114,12:34:26,18488.00,50,1738150
20221114,12:34:32,18487.00,50,1738150
20221114,12:34:41,18486.50,100,1738150
20221114,12:34:43,18487.00,100,1738150
20221114,12:34:46,18485.05,1000,1738150
20221114,12:34:48,18487.00,50,1738150
20221114,12:35:02,18486.20,1000,1738150
20221114,12:35:16,18487.00,1000,1738150
20221114,12:35:17,18489.10,50,1738150
20221114,12:35:36,18487.20,50,1738150
20221114,12:35:38,18485.30,1000,1738150
20221114,12:35:40,18487.20,50,1738150
20221114,12:35:46,18487.50,100,1738150
20221114,12:35:54,18487.65,50,1738150
20221114,12:36:00,18485.00,50,1738150
20221114,12:36:04,18485.00,100,1740150
20221114,12:36:07,18485.00,50,1740150
20221114,12:36:14,18484.40,150,1740150
20221114,12:36:15,18485.00,800,1740150
20221114,12:36:19,18486.20,50,1740150
20221114,12:36:29,18485.00,100,1740150
20221114,12:36:47,18485.00,300,1740150
20221114,12:36:53,18484.25,50,1740150
20221114,12:36:54,18484.30,100,1740150
20221114,12:36:55,18482.50,1800,1740150
20221114,12:37:00,18483.55,50,1740150
20221114,12:37:11,18484.20,100,1740150
20221114,12:37:12,18486.35,150,1740150
20221114,12:37:15,18486.45,100,1740150
20221114,12:37:17,18486.60,50,1740150
20221114,12:37:20,18488.40,50,1740150
20221114,12:37:35,18485.10,50,1740150
20221114,12:37:37,18485.60,50,1740150
20221114,12:37:47,18487.45,100,1740150
20221114,12:37:59,18486.10,50,1740150
20221114,12:38:04,18485.25,50,1740150
20221114,12:38:13,18482.15,150,1740150
20221114,12:38:33,18482.75,50,1740150
20221114,12:38:35,18481.00,50,1740150
20221114,12:38:44,18481.60,50,1740150
20221114,12:39:02,18485.00,200,1740150
20221114,12:39:23,18480.00,50,1740900
20221114,12:39:24,18480.00,150,1740900
20221114,12:39:25,18480.60,50,1740900
20221114,12:39:27,18477.65,200,1740900
20221114,12:39:32,18475.25,1800,1740900
20221114,12:39:54,18478.05,50,1740900
20221114,12:40:02,18478.00,100,1740900
20221114,12:40:09,18478.00,50,1740900
20221114,12:40:22,18482.10,1200,1740900
20221114,12:40:24,18475.75,1800,1740900
20221114,12:40:32,18479.15,2100,1740900
20221114,12:40:41,18479.95,150,1740900
20221114,12:40:42,18480.00,50,1740900
20221114,12:40:46,18477.70,50,1740900
20221114,12:40:47,18479.95,50,1740900
20221114,12:40:59,18480.00,50,1740900
20221114,12:41:01,18481.80,50,1740900
20221114,12:41:05,18481.90,150,1740900
20221114,12:41:10,18478.00,500,1740900
20221114,12:41:20,18480.00,50,1740900
20221114,12:41:28,18482.00,100,1740900
20221114,12:41:32,18480.00,550,1740900
20221114,12:41:34,18481.80,50,1740900
20221114,12:42:01,18482.70,50,1740900
20221114,12:42:12,18481.00,50,1743600
20221114,12:42:18,18482.80,50,1743600
20221114,12:42:30,18483.00,50,1743600
20221114,12:42:35,18483.00,50,1743600
20221114,12:42:37,18484.30,200,1743600
20221114,12:42:38,18484.75,100,1743600
20221114,12:42:55,18484.80,200,1743600
20221114,12:42:59,18484.80,50,1743600
20221114,12:43:02,18484.80,100,1743600
20221114,12:43:24,18483.00,100,1743600
20221114,12:43:32,18483.00,50,1743600
20221114,12:43:37,18482.00,100,1743600
20221114,12:43:43,18480.45,800,1743600
20221114,12:44:18,18484.90,50,1743600
20221114,12:44:26,18486.70,50,1743600
20221114,12:44:29,18483.70,150,1743600
20221114,12:44:30,18484.30,50,1743600
20221114,12:44:35,18484.15,50,1743600
20221114,12:44:43,18487.90,500,1743600
20221114,12:44:56,18487.70,50,1743600
20221114,12:45:01,18487.75,100,1743600
20221114,12:45:13,18487.75,50,1743900
20221114,12:45:46,18487.60,50,1743900
20221114,12:46:05,18484.60,50,1743900
20221114,12:46:33,18483.05,50,1743900
20221114,12:46:43,18484.30,50,1743900
20221114,12:47:05,18483.00,50,1743900
20221114,12:47:07,18482.75,50,1743900
20221114,12:47:45,18483.45,50,1743900
20221114,12:47:59,18483.60,50,1743900
20221114,12:48:39,18483.60,50,1743900
20221114,12:48:53,18483.60,100,1743900
20221114,12:48:55,18483.60,50,1743900
20221114,12:49:03,18483.60,50,1743900
20221114,12:49:16,18483.60,200,1743900
20221114,12:49:24,18485.00,300,1743900
20221114,12:49:42,18484.25,50,1743900
20221114,12:49:49,18484.15,50,1743900
20221114,12:49:59,18485.00,50,1743900
20221114,12:50:48,18485.00,50,1743900
20221114,12:51:18,18485.00,50,1743700
20221114,12:52:39,18486.55,50,1743700
20221114,12:52:47,18485.00,100,1743700
20221114,12:52:49,18486.55,100,1743700
20221114,12:52:51,18483.15,500,1743700
20221114,12:52:53,18486.85,50,1743700
20221114,12:52:55,18483.80,200,1743700
20221114,12:52:57,18483.80,100,1743700
20221114,12:52:58,18483.80,50,1743700
20221114,12:52:59,18483.80,150,1743700
20221114,12:53:05,18487.50,50,1743700
20221114,12:53:06,18487.40,500,1743700
20221114,12:53:19,18489.45,100,1743700
20221114,12:53:28,18487.30,50,1743700
20221114,12:53:31,18485.80,200,1743700
20221114,12:53:36,18485.00,450,1743700
20221114,12:53:45,18486.80,50,1743700
20221114,12:53:57,18486.10,100,1743700
20221114,12:53:59,18486.10,50,1743700
20221114,12:54:01,18486.10,50,1743700
20221114,12:54:16,18486.10,150,1745850
20221114,12:54:18,18486.10,50,1745850
20221114,12:54:19,18486.10,50,1745850
20221114,12:54:28,18488.25,100,1745850
20221114,12:54:38,18484.85,650,1745850
20221114,12:54:43,18487.75,50,1745850
20221114,12:55:02,18489.30,150,1745850
20221114,12:55:56,18486.25,50,1745850
20221114,12:56:25,18486.25,50,1745850
20221114,12:57:35,18483.55,50,1746250
20221114,12:57:42,18483.70,50,1746250
20221114,12:57:59,18481.15,100,1746250
20221114,12:58:04,18480.65,150,1746250
20221114,12:58:06,18480.30,100,1746250
20221114,12:58:09,18482.85,50,1746250
20221114,12:58:17,18480.45,50,1746250
20221114,12:58:26,18483.05,50,1746250
20221114,12:58:39,18481.85,50,1746250
20221114,12:58:51,18480.00,50,1746250
20221114,12:59:01,18480.00,100,1746250
20221114,12:59:03,18480.00,100,1746250
20221114,12:59:04,18479.00,100,1746250
20221114,12:59:06,18477.90,50,1746250
20221114,12:59:17,18480.10,150,1746250
20221114,12:59:21,18478.50,50,1746250
20221114,12:59:32,18481.00,100,1746250
20221114,12:59:38,18479.15,100,1746250
20221114,12:59:51,18481.00,50,1746250
20221114,12:59:52,18482.70,100,1746250
20221114,12:59:55,18482.70,150,1746250
20221114,12:59:58,18484.50,50,1746250
20221114,13:00:02,18484.95,50,1746250
20221114,13:00:09,18490.00,100,1746250
20221114,13:00:11,18491.05,700,1746250
20221114,13:00:13,18494.65,100,1746250
20221114,13:00:14,18492.00,50,1746250
20221114,13:00:21,18490.85,50,1745800
20221114,13:00:24,18490.40,200,1745800
20221114,13:00:35,18486.95,50,1745800
20221114,13:00:45,18488.00,50,1745800
20221114,13:01:02,18483.25,500,1745800
20221114,13:01:03,18483.65,50,1745800
20221114,13:01:27,18483.65,50,1745800
20221114,13:01:30,18483.55,100,1745800
20221114,13:01:39,18480.00,150,1745800
20221114,13:01:40,18480.00,100,1745800
20221114,13:01:44,18477.00,50,1745800
20221114,13:01:48,18477.00,50,1745800
20221114,13:01:54,18478.90,50,1745800
20221114,13:01:56,18477.00,150,1745800
20221114,13:02:02,18475.50,100,1745800
20221114,13:02:06,18479.95,50,1745800
20221114,13:02:10,18479.55,100,1745800
20221114,13:02:15,18479.80,50,1745800
20221114,13:02:19,18477.60,100,1745800
20221114,13:02:20,18478.15,50,1745800
20221114,13:02:21,18480.25,150,1745800
20221114,13:02:31,18481.80,50,1745800
20221114,13:02:32,18481.65,50,1745800
20221114,13:03:06,18480.25,50,1745800
20221114,13:03:10,18480.00,50,1745800
20221114,13:03:12,18480.00,450,1746250
20221114,13:03:18,18479.95,50,1746250
20221114,13:03:34,18483.95,50,1746250
20221114,13:03:43,18482.05,50,1746250
20221114,13:03:44,18482.40,50,1746250
20221114,13:03:48,18483.00,50,1746250
20221114,13:03:49,18483.00,50,1746250
20221114,13:03:50,18483.00,150,1746250
20221114,13:03:51,18483.00,50,1746250
20221114,13:03:52,18483.00,50,1746250
20221114,13:03:54,18483.00,50,1746250
20221114,13:03:56,18483.00,100,1746250
20221114,13:03:59,18485.10,100,1746250
20221114,13:04:05,18486.05,100,1746250
20221114,13:04:08,18486.30,100,1746250
20221114,13:04:14,18486.70,150,1746250
20221114,13:04:25,18488.00,50,1746250
20221114,13:04:29,18490.45,200,1746250
20221114,13:04:39,18487.05,50,1746250
20221114,13:04:51,18490.45,50,1746250
20221114,13:05:19,18491.00,50,1746250
20221114,13:05:26,18491.00,50,1746250
20221114,13:05:30,18491.00,50,1746250
20221114,13:05:45,18490.25,450,1746250
20221114,13:05:55,18490.85,150,1746250
20221114,13:06:00,18493.75,250,1746250
20221114,13:06:02,18501.45,1200,1746250
20221114,13:06:03,18501.45,100,1746250
20221114,13:06:04,18499.55,150,1746250
20221114,13:06:15,18501.50,150,1747250
20221114,13:06:20,18503.75,800,1747250
20221114,13:06:21,18504.30,300,1747250
20221114,13:06:22,18500.15,50,1747250
20221114,13:06:37,18499.50,100,1747250
20221114,13:06:39,18498.50,100,1747250
20221114,13:06:41,18495.75,50,1747250
20221114,13:06:46,18497.10,50,1747250
20221114,13:06:58,18495.10,1200,1747250
20221114,13:07:03,18498.70,50,1747250
20221114,13:07:14,18498.85,50,1747250
20221114,13:07:16,18499.95,50,1747250
20221114,13:07:19,18501.25,50,1747250
20221114,13:07:36,18499.00,50,1747250
20221114,13:07:41,18500.00,100,1747250
20221114,13:07:42,18501.00,50,1747250
20221114,13:07:58,18501.20,50,1747250
20221114,13:08:02,18501.25,50,1747250
20221114,13:08:04,18501.85,50,1747250
20221114,13:08:10,18501.00,50,1747250
20221114,13:08:22,18501.00,700,1747250
20221114,13:08:23,18501.00,50,1747250
20221114,13:08:24,18500.00,100,1747250
20221114,13:08:51,18500.00,950,1747250
20221114,13:09:07,18497.15,50,1747250
20221114,13:09:13,18497.05,50,1749650
20221114,13:09:47,18499.40,400,1749650
20221114,13:09:49,18497.05,100,1749650
20221114,13:10:32,18497.00,100,1749650
20221114,13:10:53,18497.35,50,1749650
20221114,13:10:55,18497.35,100,1749650
20221114,13:11:13,18497.35,50,1749650
20221114,13:11:32,18497.60,50,1749650
20221114,13:11:39,18497.30,50,1749650
20221114,13:11:41,18495.70,100,1749650
20221114,13:11:42,18496.75,100,1749650
20221114,13:11:51,18496.75,50,1749650
20221114,13:12:02,18497.00,50,1749650
20221114,13:12:09,18497.00,50,1749650
20221114,13:12:11,18498.00,100,1749650
20221114,13:12:15,18497.05,50,1749550
20221114,13:12:22,18497.00,50,1749550
20221114,13:12:30,18497.00,100,1749550
20221114,13:12:33,18497.00,50,1749550
20221114,13:12:45,18497.00,50,1749550
20221114,13:12:47,18497.00,50,1749550
20221114,13:12:48,18493.85,450,1749550
20221114,13:13:05,18495.20,200,1749550
20221114,13:13:11,18495.15,50,1749550
20221114,13:13:21,18497.60,200,1749550
20221114,13:13:22,18495.15,50,1749550
20221114,13:13:23,18495.15,700,1749550
20221114,13:13:28,18498.00,50,1749550
20221114,13:13:47,18498.00,100,1749550
20221114,13:13:58,18498.00,50,1749550
20221114,13:13:59,18498.00,50,1749550
20221114,13:14:00,18498.00,50,1749550
20221114,13:14:04,18496.10,300,1749550
20221114,13:14:15,18498.00,50,1749550
20221114,13:14:25,18497.00,50,1749550
20221114,13:14:36,18497.00,100,1749550
20221114,13:14:41,18497.00,50,1749550
20221114,13:15:07,18496.50,50,1749550
20221114,13:15:10,18496.10,50,1749550
20221114,13:15:18,18498.00,100,1750350
20221114,13:15:30,18499.40,100,1750350
20221114,13:15:48,18496.25,450,1750350
20221114,13:15:51,18499.05,100,1750350
20221114,13:16:01,18499.95,50,1750350
20221114,13:16:12,18497.05,50,1750350
20221114,13:16:31,18495.75,150,1750350
20221114,13:17:16,18498.90,50,1750350
20221114,13:17:19,18499.30,50,1750350
20221114,13:17:23,18495.95,50,1750350
20221114,13:17:33,18495.00,50,1750350
20221114,13:18:12,18497.15,50,1751150
20221114,13:18:18,18500.00,150,1751150
20221114,13:18:42,18497.50,50,1751150
20221114,13:19:31,18499.20,50,1751150
20221114,13:19:57,18497.55,100,1751150
20221114,13:20:00,18497.55,50,1751150
20221114,13:20:02,18496.40,50,1751150
20221114,13:21:17,18497.95,50,1751200
20221114,13:21:41,18497.35,50,1751200
20221114,13:22:01,18498.00,50,1751200
20221114,13:22:03,18498.00,50,1751200
20221114,13:22:04,18495.80,50,1751200
20221114,13:22:16,18496.10,50,1751200
20221114,13:22:28,18498.00,100,1751200
20221114,13:22:35,18499.05,200,1751200
20221114,13:22:40,18497.30,100,1751200
20221114,13:22:55,18499.90,50,1751200
20221114,13:23:03,18498.15,50,1751200
20221114,13:23:12,18498.15,50,1751200
20221114,13:23:13,18499.00,50,1751200
20221114,13:23:17,18501.00,150,1751200
20221114,13:23:18,18501.00,200,1751200
20221114,13:23:20,18504.20,50,1751200
20221114,13:23:22,18505.00,200,1751200
20221114,13:23:24,18506.60,150,1751200
20221114,13:23:32,18507.75,400,1751200
20221114,13:23:38,18507.30,50,1751200
20221114,13:23:40,18507.80,650,1751200
20221114,13:23:42,18507.65,50,1751200
20221114,13:23:44,18507.75,50,1751200
20221114,13:23:45,18509.60,200,1751200
20221114,13:23:49,18510.00,50,1751200
20221114,13:23:51,18510.00,50,1751200
20221114,13:23:53,18508.30,50,1751200
20221114,13:23:56,18508.85,50,1751200
20221114,13:23:59,18510.20,850,1751200
20221114,13:24:03,18510.40,50,1751200
20221114,13:24:06,18509.90,50,1751200
20221114,13:24:07,18510.00,50,1751200
20221114,13:24:11,18512.95,200,1751200
20221114,13:24:15,18512.30,50,1750900
20221114,13:24:16,18510.40,100,1750900
20221114,13:24:17,18509.50,50,1750900
20221114,13:24:21,18510.00,50,1750900
20221114,13:24:27,18508.10,50,1750900
20221114,13:24:31,18507.10,300,1750900
20221114,13:24:32,18506.45,200,1750900
20221114,13:24:33,18509.35,50,1750900
20221114,13:24:44,18508.10,50,1750900
20221114,13:24:46,18509.35,50,1750900
20221114,13:25:03,18509.80,250,1750900
20221114,13:25:05,18509.35,50,1750900
20221114,13:25:09,18506.05,50,1750900
20221114,13:25:11,18506.00,300,1750900
20221114,13:25:18,18506.90,50,1750900
20221114,13:25:23,18503.40,50,1750900
20221114,13:25:24,18505.30,100,1750900
20221114,13:25:31,18505.00,50,1750900
20221114,13:25:35,18506.30,150,1750900
20221114,13:26:17,18504.05,100,1750900
20221114,13:26:22,18500.70,500,1750900
20221114,13:26:24,18501.05,50,1750900
20221114,13:26:28,18503.00,50,1750900
20221114,13:26:31,18503.00,50,1750900
20221114,13:26:33,18503.00,50,1750900
20221114,13:26:39,18503.50,50,1750900
20221114,13:26:47,18504.00,50,1750900
20221114,13:27:02,18505.90,50,1750900
20221114,13:27:09,18503.10,50,1750900
20221114,13:27:18,18506.30,100,1751100
20221114,13:27:29,18505.60,50,1751100
20221114,13:27:41,18507.00,600,1751100
20221114,13:27:52,18503.45,50,1751100
20221114,13:28:05,18505.30,50,1751100
20221114,13:28:06,18507.00,100,1751100
20221114,13:28:21,18509.00,50,1751100
20221114,13:28:28,18508.05,50,1751100
20221114,13:28:31,18509.95,50,1751100
20221114,13:28:32,18510.00,50,1751100
20221114,13:29:05,18509.50,50,1751100
20221114,13:29:08,18509.50,50,1751100
20221114,13:29:25,18508.60,50,1751100
20221114,13:29:31,18508.30,150,1751100
20221114,13:29:48,18508.05,100,1751100
20221114,13:30:00,18509.95,50,1751100
20221114,13:30:05,18510.15,450,1751100
20221114,13:30:07,18512.00,250,1751100
20221114,13:30:10,18512.00,200,1751100
20221114,13:30:11,18510.90,50,1751100
20221114,13:30:13,18511.90,50,1751100
20221114,13:30:14,18512.00,250,1751250
20221114,13:30:15,18513.65,500,1751250
20221114,13:30:16,18513.00,250,1751250
20221114,13:30:19,18512.80,50,1751250
20221114,13:30:25,18511.90,1500,1751250
20221114,13:30:32,18515.85,50,1751250
20221114,13:30:39,18515.35,50,1751250
20221114,13:30:41,18515.30,100,1751250
20221114,13:30:43,18516.95,50,1751250
20221114,13:30:48,18515.55,50,1751250
20221114,13:30:53,18516.10,50,1751250
20221114,13:30:54,18516.40,50,1751250
20221114,13:30:55,18515.30,50,1751250
20221114,13:30:57,18515.65,50,1751250
20221114,13:30:59,18516.80,50,1751250
20221114,13:31:01,18518.00,100,1751250
20221114,13:31:03,18519.20,100,1751250
20221114,13:31:09,18517.30,50,1751250
20221114,13:31:10,18516.25,200,1751250
20221114,13:31:11,18517.20,50,1751250
20221114,13:31:15,18517.80,150,1751250
20221114,13:31:17,18517.65,150,1751250
20221114,13:31:22,18517.65,50,1751250
20221114,13:31:27,18518.35,100,1751250
20221114,13:31:28,18515.45,50,1751250
20221114,13:31:31,18518.75,50,1751250
20221114,13:31:32,18518.85,50,1751250
20221114,13:31:33,18517.65,100,1751250
20221114,13:31:44,18517.30,100,1751250
20221114,13:31:47,18517.30,50,1751250
20221114,13:31:58,18517.30,50,1751250
20221114,13:31:59,18518.75,50,1751250
20221114,13:32:04,18520.00,100,1751250
20221114,13:32:05,18520.00,150,1751250
20221114,13:32:06,18519.65,200,1751250
20221114,13:32:07,18519.05,50,1751250
20221114,13:32:09,18519.50,450,1751250
20221114,13:32:15,18518.10,50,1751250
20221114,13:32:20,18519.00,50,1751250
20221114,13:32:22,18521.05,50,1751250
20221114,13:32:26,18519.00,50,1751250
20221114,13:32:28,18520.35,250,1751250
20221114,13:32:36,18520.60,50,1751250
20221114,13:32:37,18518.00,100,1751250
20221114,13:32:43,18520.25,50,1751250
20221114,13:32:52,18520.25,500,1751250
20221114,13:32:58,18520.65,50,1751250
20221114,13:33:06,18520.60,50,1751250
20221114,13:33:12,18519.40,200,1751250
20221114,13:33:19,18518.75,50,1752500
20221114,13:33:42,18518.00,50,1752500
20221114,13:33:44,18520.60,50,1752500
20221114,13:33:49,18520.00,50,1752500
20221114,13:33:54,18520.00,50,1752500
20221114,13:34:01,18520.00,50,1752500
20221114,13:34:04,18521.15,450,1752500
20221114,13:34:20,18518.65,50,1752500
20221114,13:34:33,18518.00,100,1752500
20221114,13:34:38,18520.85,100,1752500
20221114,13:34:50,18520.00,100,1752500
20221114,13:34:56,18520.15,800,1752500
20221114,13:34:58,18520.25,800,1752500
20221114,13:34:59,18520.90,1500,1752500
20221114,13:35:00,18521.45,350,1752500
20221114,13:35:04,18520.25,50,1752500
20221114,13:35:11,18520.15,150,1752500
20221114,13:35:12,18518.05,50,1752500
20221114,13:35:14,18520.65,50,1752500
20221114,13:35:16,18518.00,100,1752500
20221114,13:35:22,18517.90,50,1752500
20221114,13:35:24,18517.15,50,1752500
20221114,13:35:25,18518.00,50,1752500
20221114,13:35:28,18519.95,50,1752500
20221114,13:35:31,18519.95,100,1752500
20221114,13:35:35,18518.00,50,1752500
20221114,13:35:39,18518.00,50,1752500
20221114,13:35:40,18519.85,50,1752500
20221114,13:35:41,18519.90,50,1752500
20221114,13:35:46,18517.00,100,1752500
20221114,13:35:53,18517.00,50,1752500
20221114,13:35:57,18515.00,50,1752500
20221114,13:36:05,18514.65,50,1752500
20221114,13:36:11,18513.00,50,1752500
20221114,13:36:14,18513.05,50,1752500
20221114,13:36:15,18515.10,150,1754400
20221114,13:36:17,18516.95,50,1754400
20221114,13:36:29,18513.25,50,1754400
20221114,13:36:40,18515.15,50,1754400
20221114,13:36:59,18515.00,50,1754400
20221114,13:37:01,18512.60,100,1754400
20221114,13:37:09,18513.00,50,1754400
20221114,13:37:10,18515.15,50,1754400
20221114,13:37:13,18512.00,100,1754400
20221114,13:37:14,18512.60,50,1754400
20221114,13:37:16,18511.90,250,1754400
20221114,13:37:22,18512.60,100,1754400
20221114,13:37:24,18511.85,200,1754400
20221114,13:37:28,18511.70,150,1754400
20221114,13:37:32,18512.60,250,1754400
20221114,13:37:33,18512.60,250,1754400
20221114,13:37:34,18512.50,100,1754400
20221114,13:37:39,18512.00,50,1754400
20221114,13:37:44,18512.80,50,1754400
20221114,13:37:47,18514.95,50,1754400
20221114,13:37:58,18513.95,100,1754400
20221114,13:38:06,18512.40,50,1754400
20221114,13:38:11,18515.00,50,1754400
20221114,13:38:13,18512.35,50,1754400
20221114,13:38:20,18512.35,50,1754400
20221114,13:38:27,18516.15,150,1754400
20221114,13:38:39,18513.40,50,1754400
20221114,13:38:41,18515.75,50,1754400
20221114,13:38:45,18516.10,50,1754400
20221114,13:38:47,18518.20,200,1754400
20221114,13:38:50,18515.05,150,1754400
20221114,13:39:00,18515.25,100,1754400
20221114,13:39:02,18517.05,100,1754400
20221114,13:39:03,18518.70,50,1754400
20221114,13:39:04,18517.00,50,1754400
20221114,13:39:06,18514.60,200,1754400
20221114,13:39:09,18515.85,150,1754400
20221114,13:39:11,18516.30,200,1754400
20221114,13:39:17,18516.35,150,1756700
20221114,13:39:18,18514.50,150,1756700
20221114,13:39:24,18516.00,550,1756700
20221114,13:39:26,18518.75,50,1756700
20221114,13:39:32,18518.80,50,1756700
20221114,13:39:33,18518.80,50,1756700
20221114,13:39:34,18519.75,50,1756700
20221114,13:39:37,18517.90,50,1756700
20221114,13:39:44,18519.90,50,1756700
20221114,13:39:50,18518.50,100,1756700
20221114,13:40:04,18520.00,50,1756700
20221114,13:40:05,18520.00,50,1756700
20221114,13:40:08,18519.45,250,1756700
20221114,13:40:09,18519.10,100,1756700
20221114,13:40:11,18520.45,50,1756700
20221114,13:40:23,18518.50,50,1756700
20221114,13:40:30,18518.50,100,1756700
20221114,13:40:33,18518.50,50,1756700
20221114,13:40:34,18518.50,350,1756700
20221114,13:40:36,18518.50,100,1756700
20221114,13:40:37,18518.50,150,1756700
20221114,13:40:48,18518.50,500,1756700
20221114,13:41:00,18518.00,50,1756700
20221114,13:41:03,18518.05,100,1756700
20221114,13:41:12,18515.00,200,1756700
20221114,13:41:24,18514.55,150,1756700
20221114,13:41:25,18514.55,100,1756700
20221114,13:41:38,18514.55,50,1756700
20221114,13:41:39,18515.00,100,1756700
20221114,13:41:42,18519.90,150,1756700
20221114,13:42:05,18519.00,50,1756700
20221114,13:42:08,18518.00,50,1756700
20221114,13:42:17,18519.00,50,1759300
20221114,13:42:18,18517.55,50,1759300
20221114,13:42:25,18518.00,50,1759300
20221114,13:42:32,18518.00,50,1759300
20221114,13:42:33,18518.00,50,1759300
20221114,13:42:36,18518.00,50,1759300
20221114,13:42:37,18518.00,100,1759300
20221114,13:42:38,18518.00,150,1759300
20221114,13:42:39,18518.00,100,1759300
20221114,13:42:40,18518.00,450,1759300
20221114,13:42:45,18518.95,50,1759300
