20221102,09:15:01,41779.70,1,260425
20221102,09:15:01,41722.50,1,260425
20221102,09:15:01,41738.80,150,260425
20221102,09:15:05,41669.75,75,260425
20221102,09:15:08,41669.75,425,260425
20221102,09:15:11,41633.05,2675,260425
20221102,09:15:13,41640.00,550,260425
20221102,09:15:14,41663.00,1200,260425
20221102,09:15:16,41678.25,25,260425
20221102,09:15:17,41652.05,25,260425
20221102,09:15:24,41648.00,75,260425
20221102,09:15:27,41658.05,50,260425
20221102,09:15:29,41667.35,100,260425
20221102,09:15:30,41650.20,25,260425
20221102,09:15:34,41650.00,25,260425
20221102,09:15:35,41647.00,100,260425
20221102,09:15:37,41653.55,25,260425
20221102,09:15:42,41667.95,25,260425
20221102,09:15:43,41664.55,25,260425
20221102,09:15:47,41688.60,150,260425
20221102,09:15:48,41684.35,50,260425
20221102,09:15:52,41684.35,25,260425
20221102,09:15:55,41693.80,125,260425
20221102,09:16:00,41690.00,25,260425
20221102,09:16:03,41689.95,125,260425
20221102,09:16:08,41679.80,25,260425
20221102,09:16:16,41657.95,50,260425
20221102,09:16:17,41665.40,150,260425
20221102,09:16:21,41669.55,25,260425
20221102,09:16:27,41656.30,25,260425
20221102,09:16:34,41652.00,25,260425
20221102,09:16:43,41650.20,25,260425
20221102,09:16:45,41650.00,50,260425
20221102,09:16:47,41645.55,75,260425
20221102,09:16:52,41654.20,100,260425
20221102,09:16:53,41656.45,25,260425
20221102,09:16:55,41656.15,25,260425
20221102,09:17:00,41654.90,25,260425
20221102,09:17:05,41636.90,150,260425
20221102,09:17:21,41636.35,25,260425
20221102,09:17:27,41637.30,25,260425
20221102,09:17:31,41634.95,25,259500
20221102,09:17:42,41625.60,50,259500
20221102,09:17:44,41617.95,50,259500
20221102,09:17:47,41617.70,50,259500
20221102,09:17:54,41617.70,100,259500
20221102,09:18:00,41613.35,75,259500
20221102,09:18:03,41608.00,50,259500
20221102,09:18:05,41600.55,50,259500
20221102,09:18:07,41599.05,25,259500
20221102,09:18:13,41599.05,25,259500
20221102,09:18:20,41598.80,200,259500
20221102,09:18:21,41596.75,25,259500
20221102,09:18:23,41596.75,25,259500
20221102,09:18:25,41586.05,25,259500
20221102,09:18:26,41586.05,25,259500
20221102,09:18:30,41589.05,25,259500
20221102,09:18:33,41580.00,25,259500
20221102,09:18:38,41580.00,25,259500
20221102,09:18:39,41585.05,125,259500
20221102,09:18:41,41585.00,25,259500
20221102,09:18:43,41594.25,75,259500
20221102,09:18:46,41587.00,25,259500
20221102,09:18:52,41600.00,25,259500
20221102,09:18:54,41609.65,50,259500
20221102,09:19:01,41601.70,25,259500
20221102,09:19:11,41594.30,25,259500
20221102,09:19:21,41595.00,25,259500
20221102,09:19:26,41613.35,100,259500
20221102,09:19:34,41619.80,25,259500
20221102,09:19:46,41597.60,350,259500
20221102,09:19:54,41597.60,25,259500
20221102,09:20:01,41604.80,50,259500
20221102,09:20:09,41613.35,75,259500
20221102,09:20:12,41604.95,75,259500
20221102,09:20:32,41620.00,250,259675
20221102,09:20:36,41625.10,25,259675
20221102,09:20:37,41624.05,25,259675
20221102,09:20:42,41610.55,25,259675
20221102,09:20:47,41614.40,25,259675
20221102,09:20:49,41620.45,25,259675
20221102,09:21:19,41623.25,25,259675
20221102,09:21:21,41615.00,25,259675
20221102,09:21:26,41611.00,100,259675
20221102,09:21:31,41601.00,25,259675
20221102,09:21:32,41600.00,75,259675
20221102,09:21:37,41602.20,25,259675
20221102,09:21:44,41610.05,50,259675
20221102,09:21:58,41609.35,25,259675
20221102,09:22:03,41615.50,25,259675
20221102,09:22:06,41616.20,25,259675
20221102,09:22:36,41615.95,25,259675
20221102,09:22:45,41605.05,25,259675
20221102,09:22:49,41608.70,25,259675
20221102,09:22:55,41614.65,75,259675
20221102,09:23:23,41621.25,25,259675
20221102,09:23:28,41620.20,25,259675
20221102,09:23:32,41624.00,50,259975
20221102,09:23:43,41632.20,50,259975
20221102,09:23:53,41640.00,25,259975
20221102,09:23:55,41642.05,25,259975
20221102,09:24:00,41642.05,50,259975
20221102,09:24:02,41649.50,25,259975
20221102,09:24:23,41649.45,25,259975
20221102,09:24:27,41645.80,25,259975
20221102,09:24:28,41650.00,125,259975
20221102,09:24:33,41663.00,175,259975
20221102,09:24:42,41664.75,25,259975
20221102,09:24:58,41665.00,100,259975
20221102,09:25:05,41670.00,25,259975
20221102,09:25:08,41665.00,25,259975
20221102,09:25:11,41669.95,25,259975
20221102,09:25:31,41645.90,50,259975
20221102,09:25:33,41651.00,50,259975
20221102,09:25:40,41654.10,25,259975
20221102,09:25:41,41664.05,25,259975
20221102,09:25:43,41672.95,125,259975
20221102,09:25:49,41673.65,25,259975
20221102,09:25:51,41675.00,25,259975
20221102,09:25:54,41689.00,125,259975
20221102,09:26:02,41693.95,25,259975
20221102,09:26:07,41695.70,50,259975
20221102,09:26:09,41690.00,50,259975
20221102,09:26:16,41690.10,100,259975
20221102,09:26:29,41686.50,75,259975
20221102,09:26:36,41687.95,25,260500
20221102,09:26:51,41687.95,25,260500
20221102,09:26:56,41684.00,25,260500
20221102,09:26:57,41684.20,25,260500
20221102,09:27:01,41690.00,25,260500
20221102,09:27:04,41696.25,50,260500
20221102,09:27:07,41683.35,25,260500
20221102,09:27:14,41683.35,25,260500
20221102,09:27:17,41675.00,25,260500
20221102,09:27:32,41677.85,50,260500
20221102,09:27:39,41680.55,25,260500
20221102,09:27:54,41690.05,25,260500
20221102,09:28:03,41680.30,25,260500
20221102,09:28:08,41680.30,125,260500
20221102,09:28:20,41675.70,25,260500
20221102,09:28:28,41683.05,25,260500
20221102,09:28:29,41685.90,25,260500
20221102,09:28:52,41656.00,125,260500
20221102,09:29:09,41656.00,25,260500
20221102,09:29:16,41649.00,25,260500
20221102,09:29:18,41649.00,75,260500
20221102,09:29:21,41643.00,25,260500
20221102,09:29:24,41645.00,25,260500
20221102,09:29:52,41633.90,500,260900
20221102,09:30:00,41630.00,200,260900
20221102,09:30:04,41625.00,25,260900
20221102,09:30:12,41613.85,50,260900
20221102,09:30:13,41612.40,25,260900
20221102,09:30:18,41610.70,25,260900
20221102,09:30:20,41609.95,75,260900
20221102,09:30:32,41601.00,25,260900
20221102,09:30:33,41605.95,50,260900
20221102,09:30:47,41602.15,25,260900
20221102,09:30:50,41601.00,25,260900
20221102,09:30:55,41600.00,25,260900
20221102,09:30:57,41605.00,25,260900
20221102,09:30:58,41605.95,225,260900
20221102,09:31:00,41605.20,150,260900
20221102,09:31:02,41605.00,25,260900
20221102,09:31:07,41609.95,50,260900
20221102,09:31:25,41600.00,50,260900
20221102,09:31:27,41590.00,300,260900
20221102,09:31:28,41590.00,100,260900
20221102,09:31:35,41580.00,25,260900
20221102,09:31:38,41576.30,25,260900
20221102,09:31:43,41576.30,50,260900
20221102,09:31:48,41577.45,25,260900
20221102,09:31:55,41577.45,50,260900
20221102,09:31:58,41567.00,75,260900
20221102,09:32:03,41567.00,25,260900
20221102,09:32:05,41574.00,100,260900
20221102,09:32:16,41574.95,50,260900
20221102,09:32:31,41577.00,50,260900
20221102,09:32:38,41585.30,100,261025
20221102,09:32:48,41595.00,50,261025
20221102,09:32:50,41593.55,25,261025
20221102,09:33:03,41604.55,50,261025
20221102,09:33:08,41608.80,75,261025
20221102,09:33:11,41620.00,75,261025
20221102,09:33:13,41611.05,100,261025
20221102,09:33:16,41620.00,100,261025
20221102,09:33:25,41608.45,25,261025
20221102,09:33:32,41615.20,25,261025
20221102,09:33:35,41620.80,175,261025
20221102,09:33:41,41620.00,50,261025
20221102,09:33:51,41619.60,50,261025
20221102,09:34:35,41608.05,25,261025
20221102,09:34:48,41615.40,75,261025
20221102,09:34:49,41620.00,50,261025
20221102,09:35:06,41608.60,75,261025
20221102,09:35:14,41604.00,25,261025
20221102,09:35:36,41600.00,25,261225
20221102,09:35:52,41600.00,75,261225
20221102,09:36:11,41612.90,25,261225
20221102,09:36:12,41614.15,50,261225
20221102,09:36:14,41616.95,50,261225
20221102,09:36:37,41610.60,25,261225
20221102,09:36:42,41615.00,25,261225
20221102,09:36:45,41620.00,50,261225
20221102,09:36:47,41630.00,50,261225
20221102,09:37:00,41634.75,25,261225
20221102,09:37:04,41634.05,25,261225
20221102,09:37:12,41645.00,25,261225
20221102,09:37:19,41650.00,25,261225
20221102,09:37:25,41649.00,100,261225
20221102,09:37:27,41650.00,75,261225
20221102,09:37:29,41654.05,25,261225
20221102,09:37:42,41647.90,25,261225
20221102,09:37:54,41656.40,25,261225
20221102,09:37:56,41662.05,25,261225
20221102,09:38:04,41667.90,25,261225
20221102,09:38:06,41670.00,25,261225
20221102,09:38:11,41654.00,25,261225
20221102,09:38:26,41654.00,25,261225
20221102,09:38:32,41659.00,100,261225
20221102,09:38:39,41650.00,25,261275
20221102,09:38:44,41638.05,25,261275
20221102,09:39:26,41645.50,25,261275
20221102,09:39:50,41648.10,25,261275
20221102,09:40:12,41643.50,25,261275
20221102,09:40:14,41648.00,25,261275
20221102,09:40:17,41650.65,25,261275
20221102,09:40:46,41666.10,25,261275
20221102,09:40:52,41655.40,100,261275
20221102,09:40:56,41657.45,25,261275
20221102,09:41:02,41655.00,25,261275
20221102,09:41:07,41660.00,75,261275
20221102,09:41:14,41664.45,25,261275
20221102,09:41:16,41666.10,25,261275
20221102,09:41:27,41652.85,25,261275
20221102,09:41:45,41645.00,25,261400
20221102,09:41:50,41648.00,50,261400
20221102,09:41:54,41644.70,25,261400
20221102,09:42:05,41642.85,25,261400
20221102,09:42:07,41648.00,25,261400
20221102,09:42:17,41642.00,175,261400
20221102,09:42:27,41642.00,100,261400
20221102,09:42:38,41648.60,25,261400
20221102,09:42:40,41652.35,50,261400
20221102,09:43:08,41653.90,25,261400
20221102,09:43:25,41653.90,25,261400
20221102,09:43:28,41658.25,100,261400
20221102,09:43:37,41664.05,25,261400
20221102,09:43:41,41664.10,25,261400
20221102,09:43:48,41667.00,75,261400
20221102,09:43:55,41670.10,25,261400
20221102,09:44:00,41672.00,50,261400
20221102,09:44:16,41672.00,25,261400
20221102,09:44:21,41674.10,25,261400
20221102,09:44:30,41673.85,25,261400
20221102,09:44:39,41671.05,100,261125
20221102,09:44:43,41674.05,25,261125
20221102,09:44:53,41680.50,50,261125
20221102,09:44:58,41676.00,25,261125
20221102,09:45:03,41695.70,350,261125
20221102,09:45:04,41691.45,700,261125
20221102,09:45:11,41712.40,25,261125
20221102,09:45:24,41714.20,125,261125
20221102,09:45:28,41712.45,25,261125
20221102,09:45:29,41712.40,100,261125
20221102,09:45:39,41708.55,100,261125
20221102,09:45:42,41698.55,25,261125
20221102,09:45:52,41708.30,75,261125
20221102,09:45:59,41708.25,50,261125
20221102,09:46:02,41711.95,100,261125
20221102,09:46:06,41705.00,25,261125
20221102,09:46:22,41702.15,25,261125
20221102,09:46:24,41704.10,25,261125
20221102,09:46:28,41714.95,25,261125
20221102,09:46:31,41713.00,75,261125
20221102,09:46:36,41709.80,50,261125
20221102,09:46:46,41710.00,50,261125
20221102,09:46:49,41709.80,25,261125
20221102,09:46:51,41702.20,75,261125
20221102,09:47:12,41698.00,25,261125
20221102,09:47:22,41699.80,25,261125
20221102,09:47:34,41700.00,25,261125
20221102,09:47:37,41696.00,50,261200
20221102,09:47:52,41687.20,25,261200
20221102,09:48:02,41696.65,50,261200
20221102,09:48:03,41703.05,125,261200
20221102,09:48:05,41702.05,25,261200
20221102,09:48:10,41710.00,25,261200
20221102,09:48:12,41717.20,25,261200
20221102,09:48:20,41716.80,25,261200
20221102,09:48:22,41720.95,25,261200
20221102,09:48:23,41724.75,75,261200
20221102,09:48:37,41725.00,225,261200
20221102,09:48:39,41726.50,25,261200
20221102,09:48:40,41733.00,75,261200
20221102,09:48:45,41734.75,25,261200
20221102,09:48:49,41733.00,100,261200
20221102,09:49:00,41720.00,25,261200
20221102,09:49:05,41713.90,25,261200
20221102,09:49:22,41724.85,300,261200
20221102,09:49:25,41720.00,50,261200
20221102,09:49:30,41712.80,50,261200
20221102,09:49:47,41704.05,25,261200
20221102,09:49:52,41702.00,25,261200
20221102,09:49:55,41705.50,25,261200
20221102,09:49:57,41704.50,25,261200
20221102,09:50:05,41710.75,50,261200
20221102,09:50:13,41700.00,25,261200
20221102,09:50:18,41689.35,200,261200
20221102,09:50:59,41688.00,25,261075
20221102,09:51:22,41689.35,25,261075
20221102,09:51:24,41692.80,25,261075
20221102,09:51:37,41691.95,100,261075
20221102,09:51:40,41680.00,25,261075
20221102,09:51:47,41664.10,25,261075
20221102,09:51:58,41658.00,50,261075
20221102,09:52:03,41658.50,75,261075
20221102,09:52:05,41650.00,50,261075
20221102,09:52:25,41645.85,25,261075
20221102,09:52:27,41647.15,25,261075
20221102,09:52:32,41650.00,25,261075
20221102,09:52:35,41649.00,50,261075
20221102,09:52:37,41645.00,25,261075
20221102,09:52:42,41631.50,175,261075
20221102,09:52:47,41640.00,50,261075
20221102,09:52:57,41650.45,200,261075
20221102,09:52:58,41647.35,50,261075
20221102,09:53:03,41656.15,25,261075
20221102,09:53:10,41654.65,25,261075
20221102,09:53:17,41660.35,50,261075
20221102,09:53:18,41656.15,25,261075
20221102,09:53:20,41654.65,25,261075
20221102,09:53:33,41651.40,25,261075
20221102,09:53:59,41641.85,25,261075
20221102,09:54:11,41649.15,50,261000
20221102,09:54:16,41656.00,25,261000
20221102,09:54:39,41656.00,25,261000
20221102,09:54:46,41650.55,25,261000
20221102,09:55:22,41644.80,25,261000
20221102,09:55:27,41649.00,100,261000
20221102,09:55:39,41640.00,25,261000
20221102,09:55:42,41640.00,25,261000
20221102,09:55:51,41623.35,100,261000
20221102,09:56:16,41620.20,25,261000
20221102,09:56:19,41620.00,25,261000
20221102,09:56:22,41620.00,25,261000
20221102,09:56:24,41620.00,75,261000
20221102,09:56:50,41640.00,25,261125
20221102,09:57:07,41640.00,50,261125
20221102,09:57:09,41648.85,25,261125
20221102,09:57:12,41653.00,100,261125
20221102,09:57:29,41661.70,25,261125
20221102,09:58:10,41661.70,25,261125
20221102,09:58:14,41661.70,25,261125
20221102,09:58:15,41667.00,50,261125
20221102,09:58:20,41675.00,25,261125
20221102,09:58:32,41674.15,200,261125
20221102,09:59:05,41684.95,25,261125
20221102,09:59:17,41696.95,100,261125
20221102,09:59:26,41682.90,100,261125
20221102,09:59:36,41682.05,50,261125
20221102,10:00:16,41689.60,25,261300
20221102,10:00:19,41691.75,25,261300
20221102,10:00:32,41680.00,25,261300
20221102,10:00:34,41673.45,125,261300
20221102,10:00:37,41673.45,50,261300
20221102,10:00:44,41672.15,25,261300
20221102,10:00:56,41667.70,50,261300
20221102,10:01:15,41664.05,25,261300
20221102,10:01:25,41668.95,25,261300
20221102,10:01:40,41666.30,25,261300
20221102,10:01:42,41665.80,50,261300
20221102,10:02:08,41690.00,50,261300
20221102,10:02:19,41697.45,50,261300
20221102,10:02:21,41698.20,50,261300
20221102,10:02:34,41685.30,150,261300
20221102,10:02:39,41691.00,25,261325
20221102,10:02:52,41685.50,25,261325
20221102,10:03:05,41689.50,25,261325
20221102,10:03:07,41690.00,25,261325
20221102,10:03:09,41694.20,25,261325
20221102,10:03:13,41693.00,100,261325
20221102,10:03:25,41685.55,25,261325
20221102,10:03:38,41690.40,25,261325
20221102,10:04:02,41700.00,275,261325
20221102,10:04:25,41712.50,725,261325
20221102,10:04:27,41712.45,75,261325
20221102,10:04:30,41709.05,25,261325
20221102,10:04:57,41715.00,75,261325
20221102,10:05:04,41725.00,100,261325
20221102,10:05:07,41730.00,50,261325
20221102,10:05:19,41726.25,25,261325
20221102,10:05:24,41731.80,25,261325
20221102,10:05:35,41711.90,50,261325
20221102,10:05:45,41706.55,50,261100
20221102,10:06:10,41706.55,25,261100
20221102,10:06:20,41714.05,175,261100
20221102,10:06:23,41719.40,25,261100
20221102,10:06:39,41707.20,25,261100
20221102,10:06:43,41712.20,25,261100
20221102,10:07:11,41714.95,25,261100
20221102,10:07:13,41707.80,25,261100
20221102,10:07:41,41706.65,25,261100
20221102,10:08:02,41700.00,75,261100
20221102,10:08:19,41702.75,25,261100
20221102,10:08:20,41706.65,100,261100
20221102,10:08:27,41714.95,50,261100
20221102,10:08:38,41714.95,25,261100
20221102,10:09:29,41714.95,50,261100
20221102,10:09:31,41719.40,25,261050
20221102,10:09:35,41738.00,175,261050
20221102,10:09:37,41740.95,50,261050
20221102,10:09:39,41741.00,25,261050
20221102,10:09:44,41745.00,200,261050
20221102,10:09:45,41754.10,400,261050
20221102,10:09:50,41751.75,50,261050
20221102,10:09:52,41750.60,25,261050
20221102,10:09:55,41748.35,125,261050
20221102,10:10:02,41748.35,25,261050
20221102,10:10:03,41753.30,25,261050
20221102,10:10:06,41758.90,50,261050
20221102,10:10:11,41764.00,300,261050
20221102,10:10:15,41763.10,25,261050
20221102,10:10:28,41740.95,25,261050
20221102,10:10:36,41742.60,25,261050
20221102,10:11:02,41722.20,25,261050
20221102,10:11:10,41721.05,25,261050
20221102,10:11:14,41716.55,25,261050
20221102,10:11:20,41705.45,25,261050
20221102,10:11:50,41721.45,25,260925
20221102,10:11:52,41723.20,25,260925
20221102,10:11:57,41721.35,25,260925
20221102,10:12:02,41723.20,25,260925
20221102,10:12:52,41734.00,25,260925
20221102,10:13:17,41726.95,25,260925
20221102,10:13:19,41720.00,25,260925
20221102,10:13:25,41718.95,25,260925
20221102,10:13:35,41723.70,25,260925
20221102,10:14:00,41723.70,25,260925
20221102,10:14:02,41723.70,25,260925
20221102,10:14:04,41726.95,25,260925
20221102,10:14:25,41728.95,25,260925
20221102,10:14:32,41732.85,225,260925
20221102,10:15:13,41723.90,25,260900
20221102,10:15:18,41725.00,25,260900
20221102,10:15:36,41725.00,25,260900
20221102,10:15:49,41730.80,25,260900
20221102,10:16:01,41738.95,50,260900
20221102,10:16:14,41737.00,25,260900
20221102,10:16:20,41734.10,25,260900
20221102,10:16:22,41736.95,25,260900
20221102,10:16:32,41732.00,250,260900
20221102,10:16:34,41724.25,100,260900
20221102,10:16:47,41720.00,50,260900
20221102,10:17:04,41713.90,25,260900
20221102,10:17:14,41708.45,25,260900
20221102,10:17:17,41701.60,25,260900
20221102,10:17:22,41701.55,25,260900
20221102,10:17:30,41700.00,50,260900
20221102,10:17:38,41701.55,150,260900
20221102,10:17:45,41716.95,25,260875
20221102,10:17:50,41716.95,25,260875
20221102,10:18:06,41716.80,100,260875
20221102,10:18:18,41718.85,25,260875
20221102,10:18:24,41718.85,25,260875
20221102,10:18:47,41700.75,25,260875
20221102,10:18:53,41700.00,25,260875
20221102,10:19:01,41700.00,25,260875
20221102,10:19:16,41704.40,50,260875
20221102,10:19:24,41705.75,50,260875
20221102,10:19:52,41704.45,25,260875
20221102,10:20:07,41700.00,150,260875
20221102,10:20:48,41696.60,25,260925
20221102,10:21:11,41710.00,25,260925
20221102,10:21:29,41715.20,250,260925
20221102,10:22:15,41705.55,50,260925
20221102,10:23:02,41694.00,25,260925
20221102,10:23:45,41690.00,25,260800
20221102,10:24:03,41691.00,50,260800
20221102,10:24:04,41695.00,75,260800
20221102,10:24:19,41706.95,25,260800
20221102,10:24:31,41700.00,25,260800
20221102,10:24:49,41713.95,25,260800
20221102,10:25:13,41706.95,50,260800
20221102,10:25:28,41698.35,25,260800
20221102,10:26:26,41710.90,50,260800
20221102,10:26:31,41714.65,50,260800
20221102,10:26:42,41712.40,25,260800
20221102,10:26:49,41714.65,25,260800
20221102,10:26:54,41718.00,50,260800
20221102,10:27:49,41718.00,25,260800
20221102,10:28:32,41720.00,25,260800
20221102,10:29:38,41700.00,75,260800
20221102,10:30:18,41680.00,25,260925
20221102,10:30:23,41680.00,100,260925
20221102,10:30:31,41669.50,100,260925
20221102,10:30:53,41680.80,50,260925
20221102,10:31:24,41681.25,25,260925
20221102,10:31:45,41679.55,25,260925
20221102,10:32:12,41685.00,50,260925
20221102,10:32:41,41691.30,25,260925
20221102,10:32:46,41683.10,25,261000
20221102,10:35:25,41671.35,25,261000
20221102,10:35:40,41677.75,25,261000
20221102,10:36:30,41675.00,25,261050
20221102,10:36:37,41679.50,25,261050
20221102,10:37:15,41673.30,25,261050
20221102,10:37:19,41669.25,25,261050
20221102,10:37:20,41677.90,150,261050
20221102,10:37:22,41677.85,25,261050
20221102,10:38:27,41675.00,25,261050
20221102,10:39:11,41657.00,25,261125
20221102,10:39:25,41651.70,50,261125
20221102,10:39:26,41650.00,150,261125
20221102,10:39:38,41660.00,25,261125
20221102,10:39:43,41660.00,25,261125
20221102,10:40:02,41660.00,25,261125
20221102,10:40:23,41663.40,100,261125
20221102,10:40:28,41660.00,25,261125
20221102,10:40:59,41655.00,25,261125
20221102,10:41:04,41655.00,175,261125
20221102,10:41:22,41652.00,50,261125
20221102,10:41:23,41650.00,75,261125
20221102,10:41:44,41650.00,125,261125
20221102,10:41:49,41650.00,25,261300
20221102,10:41:57,41649.00,100,261300
20221102,10:42:08,41650.00,25,261300
20221102,10:42:27,41650.00,25,261300
20221102,10:43:12,41650.00,50,261300
20221102,10:44:20,41648.60,25,261300
20221102,10:44:41,41647.50,25,261300
20221102,10:45:06,41647.50,50,261300
20221102,10:45:13,41650.00,100,261300
20221102,10:45:45,41644.00,25,261300
20221102,10:46:08,41648.05,25,261300
20221102,10:46:20,41648.00,25,261300
20221102,10:47:07,41648.05,25,261300
20221102,10:47:20,41650.00,25,261300
20221102,10:48:30,41650.05,100,261400
20221102,10:48:35,41657.40,25,261400
20221102,10:49:47,41668.45,50,261400
20221102,10:49:52,41672.10,25,261400
20221102,10:49:54,41679.95,50,261400
20221102,10:50:16,41681.70,25,261400
20221102,10:50:20,41682.95,25,261400
20221102,10:50:28,41668.60,25,261400
20221102,10:50:31,41674.25,25,261400
20221102,10:50:44,41683.00,25,261400
20221102,10:50:47,41682.65,25,261400
20221102,10:51:02,41689.35,25,261500
20221102,10:51:16,41683.05,100,261500
20221102,10:51:18,41689.75,25,261500
20221102,10:51:24,41690.00,25,261500
20221102,10:51:33,41699.75,25,261500
20221102,10:52:30,41685.45,125,261500
20221102,10:53:51,41660.00,50,261625
20221102,10:53:53,41660.00,150,261625
20221102,10:54:14,41645.00,25,261625
20221102,10:54:34,41649.00,50,261625
20221102,10:55:28,41640.00,50,261625
20221102,10:55:30,41640.00,25,261625
20221102,10:55:32,41640.00,300,261625
20221102,10:55:33,41640.00,125,261625
20221102,10:56:31,41640.00,50,261625
20221102,10:56:59,41629.00,50,261375
20221102,10:57:08,41634.75,50,261375
20221102,10:57:12,41632.15,100,261375
20221102,10:58:09,41635.40,100,261375
20221102,10:58:35,41629.35,50,261375
20221102,10:58:36,41639.60,25,261375
20221102,10:58:41,41639.90,25,261375
20221102,10:58:47,41643.05,25,261375
20221102,10:59:13,41636.30,25,261375
20221102,10:59:17,41634.15,25,261375
20221102,10:59:44,41632.30,25,261375
20221102,11:00:41,41635.05,25,261550
20221102,11:00:50,41640.00,50,261550
20221102,11:00:52,41650.00,25,261550
20221102,11:00:57,41653.60,25,261550
20221102,11:02:15,41620.00,25,261550
20221102,11:02:20,41620.00,50,261550
20221102,11:02:23,41618.90,75,261550
20221102,11:02:28,41617.05,50,261550
20221102,11:02:32,41610.00,250,261550
20221102,11:02:33,41610.00,50,261550
20221102,11:02:37,41611.10,50,261550
20221102,11:02:43,41609.45,25,261550
20221102,11:02:48,41612.00,25,261550
20221102,11:03:01,41612.00,75,261425
20221102,11:03:08,41614.85,25,261425
20221102,11:03:10,41610.00,25,261425
20221102,11:03:28,41603.25,75,261425
20221102,11:03:39,41608.00,25,261425
20221102,11:03:54,41601.60,75,261425
20221102,11:04:14,41600.00,500,261425
20221102,11:04:22,41608.95,25,261425
20221102,11:04:36,41609.80,25,261425
20221102,11:04:50,41605.90,25,261425
20221102,11:04:52,41603.85,25,261425
20221102,11:04:54,41600.00,50,261425
20221102,11:05:02,41600.00,75,261425
20221102,11:05:17,41600.00,25,261425
20221102,11:05:18,41600.00,75,261425
20221102,11:05:22,41598.00,25,261425
20221102,11:05:23,41597.00,175,261425
20221102,11:05:25,41597.00,50,261425
20221102,11:05:31,41595.00,25,261425
20221102,11:05:35,41590.05,125,261425
20221102,11:05:39,41598.30,25,261425
20221102,11:05:57,41600.00,25,261425
20221102,11:06:02,41596.05,50,261525
20221102,11:06:19,41607.85,50,261525
20221102,11:06:22,41602.05,25,261525
20221102,11:06:33,41606.05,25,261525
20221102,11:06:35,41607.90,75,261525
20221102,11:06:45,41600.00,25,261525
20221102,11:06:46,41600.00,125,261525
20221102,11:07:01,41599.65,25,261525
20221102,11:08:00,41618.05,25,261525
20221102,11:08:18,41628.20,25,261525
20221102,11:08:24,41629.70,50,261525
20221102,11:08:32,41624.05,25,261525
20221102,11:08:39,41628.80,25,261525
20221102,11:08:50,41628.45,25,261525
20221102,11:09:13,41626.05,25,261600
20221102,11:09:48,41626.05,25,261600
20221102,11:10:48,41622.00,25,261600
20221102,11:11:45,41627.20,25,261600
20221102,11:12:06,41624.00,250,261575
20221102,11:12:41,41632.10,50,261575
20221102,11:12:44,41630.05,25,261575
20221102,11:12:46,41630.05,25,261575
20221102,11:12:49,41630.05,25,261575
20221102,11:12:51,41630.05,25,261575
20221102,11:14:04,41634.20,25,261575
20221102,11:15:25,41640.00,25,261525
20221102,11:16:43,41650.20,50,261525
20221102,11:17:07,41652.00,25,261525
20221102,11:17:17,41650.00,25,261525
20221102,11:17:40,41649.25,25,261525
20221102,11:18:17,41642.30,50,261500
20221102,11:18:47,41642.25,25,261500
20221102,11:19:13,41642.30,50,261500
20221102,11:19:19,41650.00,25,261500
20221102,11:19:21,41652.00,50,261500
20221102,11:19:31,41644.25,25,261500
20221102,11:20:16,41635.00,50,261500
20221102,11:20:22,41638.55,25,261500
20221102,11:20:50,41626.30,25,261500
20221102,11:21:00,41631.55,25,261500
20221102,11:21:09,41628.05,25,261500
20221102,11:22:40,41641.90,25,261500
20221102,11:23:38,41650.00,25,261500
20221102,11:23:48,41660.00,25,261500
20221102,11:25:42,41630.25,50,261500
20221102,11:25:44,41634.15,25,261500
20221102,11:26:28,41632.00,25,261500
20221102,11:27:03,41632.00,25,261550
20221102,11:27:50,41628.05,25,261550
20221102,11:28:15,41633.50,100,261550
20221102,11:28:19,41646.15,25,261550
20221102,11:28:26,41642.45,25,261550
20221102,11:30:12,41644.65,25,261575
20221102,11:32:19,41633.30,75,261575
20221102,11:32:36,41633.35,25,261575
20221102,11:33:47,41626.00,50,261650
20221102,11:33:52,41627.95,50,261650
20221102,11:34:21,41632.00,50,261650
20221102,11:34:59,41624.45,25,261650
20221102,11:35:26,41618.65,25,261650
20221102,11:36:47,41636.40,25,261650
20221102,11:37:15,41636.60,25,261650
20221102,11:37:21,41636.40,25,261650
20221102,11:37:55,41633.00,25,261650
20221102,11:38:33,41639.85,25,261650
20221102,11:38:38,41640.00,25,261650
20221102,11:40:20,41640.00,25,261650
20221102,11:40:40,41644.65,75,261650
20221102,11:41:14,41641.05,50,261650
20221102,11:41:58,41646.05,25,261650
20221102,11:42:48,41631.10,50,261650
20221102,11:42:51,41639.40,25,261650
20221102,11:43:41,41628.00,25,261650
20221102,11:45:22,41626.25,25,261675
20221102,11:45:32,41626.30,75,261675
20221102,11:46:24,41628.00,25,261675
20221102,11:49:08,41620.00,25,261725
20221102,11:49:23,41610.00,125,261725
20221102,11:50:08,41621.00,25,261725
20221102,11:50:25,41638.45,25,261725
20221102,11:50:43,41640.70,25,261725
20221102,11:52:03,41620.00,25,261900
20221102,11:53:47,41625.00,25,261900
20221102,11:55:08,41625.00,25,261900
20221102,11:55:33,41622.00,100,261900
20221102,11:55:46,41610.00,50,261900
20221102,11:55:51,41604.65,25,261900
20221102,11:55:53,41608.80,25,261900
20221102,11:57:33,41621.85,125,262000
20221102,11:58:26,41612.50,100,262000
20221102,11:59:36,41625.50,25,262000
20221102,11:59:39,41625.50,25,262000
20221102,11:59:44,41625.50,25,262000
20221102,12:00:20,41631.30,25,262050
20221102,12:00:40,41631.30,25,262050
20221102,12:00:45,41643.95,25,262050
20221102,12:00:50,41633.95,25,262050
20221102,12:01:03,41633.95,200,262050
20221102,12:01:09,41640.00,75,262050
20221102,12:01:36,41647.55,25,262050
20221102,12:02:02,41650.00,50,262050
20221102,12:02:49,41642.10,100,262050
20221102,12:03:05,41640.60,25,262150
20221102,12:03:29,41636.75,25,262150
20221102,12:03:49,41632.50,75,262150
20221102,12:04:22,41628.00,100,262150
20221102,12:05:31,41620.00,25,262150
20221102,12:06:09,41620.00,50,262125
20221102,12:06:45,41621.65,25,262125
20221102,12:07:02,41623.10,50,262125
20221102,12:07:24,41619.85,50,262125
20221102,12:07:32,41613.95,25,262125
20221102,12:07:34,41615.95,25,262125
20221102,12:08:36,41608.80,50,262125
20221102,12:08:47,41609.95,25,262125
20221102,12:09:00,41601.05,50,262125
20221102,12:09:26,41601.00,25,262100
20221102,12:09:38,41601.00,25,262100
20221102,12:09:46,41600.00,100,262100
20221102,12:09:57,41600.00,75,262100
20221102,12:09:59,41600.00,125,262100
20221102,12:10:02,41599.80,125,262100
20221102,12:10:16,41600.00,25,262100
20221102,12:11:08,41605.45,150,262100
20221102,12:11:58,41600.00,25,262100
20221102,12:12:14,41613.45,275,262150
20221102,12:14:40,41600.00,50,262150
20221102,12:14:49,41600.15,25,262150
20221102,12:16:10,41598.00,25,262175
20221102,12:16:16,41590.00,325,262175
20221102,12:16:26,41586.85,100,262175
20221102,12:16:31,41580.00,150,262175
20221102,12:16:38,41584.00,25,262175
20221102,12:16:51,41582.45,75,262175
20221102,12:19:11,41586.00,50,261900
20221102,12:19:37,41586.00,25,261900
20221102,12:19:47,41582.45,50,261900
20221102,12:19:49,41582.45,25,261900
20221102,12:20:10,41586.65,25,261900
20221102,12:20:15,41590.00,25,261900
20221102,12:20:40,41589.50,25,261900
20221102,12:20:41,41597.45,25,261900
20221102,12:22:06,41620.00,225,261950
20221102,12:22:32,41623.70,25,261950
20221102,12:22:35,41620.00,25,261950
20221102,12:23:29,41617.50,75,261950
20221102,12:25:26,41617.50,25,261975
20221102,12:25:45,41617.90,50,261975
20221102,12:26:44,41612.70,25,261975
20221102,12:27:18,41592.00,25,262000
20221102,12:28:39,41593.05,25,262000
20221102,12:28:59,41599.90,25,262000
20221102,12:30:03,41590.00,25,262000
20221102,12:30:05,41590.00,25,262000
20221102,12:30:54,41589.00,25,261975
20221102,12:31:59,41576.80,25,261975
20221102,12:34:16,41584.75,75,261950
20221102,12:34:41,41585.85,50,261950
20221102,12:34:52,41585.00,50,261950
20221102,12:35:48,41585.95,25,261950
20221102,12:36:01,41590.85,25,261950
20221102,12:36:41,41591.50,25,262000
20221102,12:36:50,41594.90,25,262000
20221102,12:37:16,41597.00,25,262000
20221102,12:39:09,41583.90,25,262000
20221102,12:39:26,41590.00,25,262000
20221102,12:39:44,41589.75,25,262000
20221102,12:39:49,41595.00,25,262000
20221102,12:39:51,41595.00,25,262000
20221102,12:40:54,41583.80,25,262000
20221102,12:40:57,41583.25,50,262000
20221102,12:41:31,41572.20,100,262000
20221102,12:41:43,41571.00,50,262000
20221102,12:42:16,41585.90,25,262000
20221102,12:43:30,41585.40,50,262000
20221102,12:44:30,41571.00,25,262000
20221102,12:44:31,41570.00,125,262000
20221102,12:44:37,41567.10,50,262000
20221102,12:44:55,41570.00,25,262000
20221102,12:45:06,41560.00,25,262000
20221102,12:45:08,41560.00,25,262000
20221102,12:45:10,41560.00,25,262000
20221102,12:45:16,41555.05,25,262000
20221102,12:45:18,41554.00,25,262000
20221102,12:45:20,41554.00,75,262000
20221102,12:45:28,41550.60,225,262000
20221102,12:45:30,41554.05,25,262000
20221102,12:45:50,41554.00,25,262000
20221102,12:46:12,41568.80,400,262000
20221102,12:46:29,41559.70,50,262000
20221102,12:46:32,41559.00,25,262000
20221102,12:46:48,41552.95,25,262000
20221102,12:47:23,41559.75,25,262000
20221102,12:47:25,41559.75,75,262000
20221102,12:47:39,41559.75,25,262000
20221102,12:47:45,41559.75,25,262000
20221102,12:47:58,41559.75,50,262000
20221102,12:48:11,41559.75,75,261425
20221102,12:48:47,41557.50,25,261425
20221102,12:48:48,41555.00,25,261425
20221102,12:49:04,41555.00,25,261425
20221102,12:49:17,41554.90,25,261425
20221102,12:49:19,41549.00,300,261425
20221102,12:49:25,41541.10,125,261425
20221102,12:49:27,41540.00,25,261425
20221102,12:49:30,41540.00,25,261425
20221102,12:49:36,41535.70,25,261425
20221102,12:49:41,41530.30,50,261425
20221102,12:49:50,41532.15,25,261425
20221102,12:49:53,41532.15,25,261425
20221102,12:49:56,41540.85,25,261425
20221102,12:50:24,41533.00,25,261425
20221102,12:50:26,41538.25,50,261425
20221102,12:50:29,41538.80,25,261425
20221102,12:50:30,41533.00,25,261425
20221102,12:50:32,41536.90,25,261425
20221102,12:50:50,41530.15,250,261425
20221102,12:50:53,41530.15,25,261425
20221102,12:50:55,41530.00,25,261425
20221102,12:51:01,41508.80,1525,261425
20221102,12:51:03,41515.15,50,261425
20221102,12:51:05,41516.95,25,261425
20221102,12:51:08,41500.00,175,261425
20221102,12:51:10,41508.95,25,261425
20221102,12:51:11,41512.40,50,261425
20221102,12:51:13,41514.75,50,261425
20221102,12:51:16,41500.00,175,262575
20221102,12:51:28,41500.00,50,262575
20221102,12:51:31,41500.00,250,262575
20221102,12:51:35,41500.05,25,262575
20221102,12:51:36,41501.05,25,262575
20221102,12:51:38,41503.35,25,262575
20221102,12:51:41,41512.30,150,262575
20221102,12:51:45,41512.30,25,262575
20221102,12:51:55,41504.00,25,262575
20221102,12:51:59,41504.00,175,262575
20221102,12:52:01,41503.00,125,262575
20221102,12:52:03,41503.00,25,262575
20221102,12:52:06,41500.30,25,262575
20221102,12:52:08,41500.00,25,262575
20221102,12:52:13,41497.00,100,262575
20221102,12:52:18,41495.50,25,262575
20221102,12:52:21,41491.10,25,262575
20221102,12:52:24,41491.10,25,262575
20221102,12:52:26,41491.05,50,262575
20221102,12:52:34,41491.05,75,262575
20221102,12:52:39,41492.80,100,262575
20221102,12:52:46,41500.00,25,262575
20221102,12:52:47,41503.75,25,262575
20221102,12:53:04,41495.00,25,262575
20221102,12:53:17,41500.35,25,262575
20221102,12:53:19,41501.05,25,262575
20221102,12:53:22,41503.00,25,262575
20221102,12:53:37,41497.10,25,262575
20221102,12:53:38,41500.00,25,262575
20221102,12:53:46,41493.35,50,262575
20221102,12:53:52,41500.00,25,262575
20221102,12:53:54,41500.00,75,262575
20221102,12:53:55,41500.00,150,262575
20221102,12:54:02,41497.00,25,262575
20221102,12:54:04,41502.95,25,262575
20221102,12:54:05,41503.00,25,262575
20221102,12:54:17,41500.65,25,263075
20221102,12:54:24,41504.55,150,263075
20221102,12:54:29,41501.65,25,263075
20221102,12:54:32,41500.45,25,263075
20221102,12:54:40,41496.00,50,263075
20221102,12:54:41,41499.75,25,263075
20221102,12:54:44,41492.00,25,263075
20221102,12:54:49,41498.90,25,263075
20221102,12:55:10,41490.00,50,263075
20221102,12:55:14,41490.00,50,263075
20221102,12:55:34,41490.00,25,263075
20221102,12:55:55,41504.85,50,263075
20221102,12:56:09,41500.35,25,263075
20221102,12:56:25,41500.45,25,263075
20221102,12:56:39,41509.90,25,263075
20221102,12:56:45,41509.95,75,263075
20221102,12:57:27,41506.30,25,263075
20221102,12:57:51,41500.00,25,263075
20221102,12:57:53,41500.00,25,263075
20221102,12:57:55,41501.40,50,263075
20221102,12:57:58,41500.00,75,263075
20221102,12:58:21,41502.95,25,263075
20221102,12:58:26,41500.00,25,263075
20221102,12:59:06,41490.00,50,263075
20221102,12:59:08,41485.00,50,263075
20221102,12:59:09,41481.00,25,263075
20221102,12:59:11,41480.00,125,263075
20221102,12:59:13,41480.00,25,263075
20221102,12:59:19,41480.00,100,263075
20221102,12:59:27,41474.25,25,263075
20221102,12:59:32,41472.00,25,263075
20221102,12:59:47,41468.25,125,263075
20221102,12:59:48,41468.25,75,263075
20221102,12:59:52,41470.00,25,263075
20221102,12:59:55,41474.30,25,263075
20221102,12:59:58,41475.80,25,263075
20221102,13:00:00,41467.05,25,263075
20221102,13:00:07,41454.00,200,263075
20221102,13:00:08,41462.40,100,263075
20221102,13:00:10,41462.45,50,263075
20221102,13:00:12,41455.05,25,263075
20221102,13:00:13,41452.85,125,263075
20221102,13:00:15,41452.00,25,263300
20221102,13:00:18,41451.35,175,263300
20221102,13:00:22,41454.65,50,263300
20221102,13:00:23,41461.45,150,263300
20221102,13:00:25,41461.60,25,263300
20221102,13:00:28,41465.10,25,263300
20221102,13:00:30,41471.85,25,263300
20221102,13:00:32,41462.80,75,263300
20221102,13:00:33,41465.90,50,263300
20221102,13:00:41,41465.00,25,263300
20221102,13:00:50,41465.45,25,263300
20221102,13:00:53,41467.95,25,263300
20221102,13:00:55,41462.60,100,263300
20221102,13:01:09,41462.60,25,263300
20221102,13:01:16,41462.60,25,263300
20221102,13:01:19,41473.95,25,263300
20221102,13:01:29,41469.40,50,263300
20221102,13:01:32,41477.00,25,263300
20221102,13:01:40,41475.80,25,263300
20221102,13:01:42,41469.40,25,263300
20221102,13:01:54,41472.20,25,263300
20221102,13:01:57,41465.05,25,263300
20221102,13:01:59,41467.75,25,263300
20221102,13:02:00,41465.00,25,263300
20221102,13:02:05,41467.20,25,263300
20221102,13:02:09,41467.40,50,263300
20221102,13:02:10,41468.45,50,263300
20221102,13:02:27,41475.00,175,263300
20221102,13:02:37,41474.95,25,263300
20221102,13:02:50,41474.95,25,263300
20221102,13:03:03,41475.00,25,263300
20221102,13:03:08,41483.55,25,263300
20221102,13:03:15,41475.00,50,263350
20221102,13:03:27,41482.40,25,263350
20221102,13:03:30,41482.90,125,263350
20221102,13:03:32,41480.30,25,263350
20221102,13:03:33,41480.45,25,263350
20221102,13:03:43,41487.00,175,263350
20221102,13:03:56,41489.70,25,263350
20221102,13:04:05,41490.05,25,263350
20221102,13:04:33,41492.60,125,263350
20221102,13:04:41,41491.40,25,263350
20221102,13:05:01,41502.10,25,263350
20221102,13:05:03,41500.00,25,263350
20221102,13:05:04,41500.00,25,263350
20221102,13:05:08,41500.00,25,263350
20221102,13:05:13,41500.65,50,263350
20221102,13:05:21,41499.20,25,263350
20221102,13:05:23,41492.25,25,263350
20221102,13:05:24,41499.75,25,263350
20221102,13:05:33,41494.00,25,263350
20221102,13:05:46,41494.05,25,263350
20221102,13:05:59,41504.60,125,263350
20221102,13:06:07,41508.55,25,263350
20221102,13:06:10,41506.20,75,263350
20221102,13:06:13,41501.00,25,263350
20221102,13:06:15,41500.00,50,263400
20221102,13:06:23,41486.00,25,263400
20221102,13:06:44,41496.85,25,263400
20221102,13:06:58,41500.00,25,263400
20221102,13:07:16,41500.05,25,263400
20221102,13:07:19,41504.00,25,263400
20221102,13:07:51,41510.25,25,263400
20221102,13:08:46,41510.00,400,263400
20221102,13:08:56,41500.55,25,263400
20221102,13:09:06,41508.60,125,263400
20221102,13:09:30,41506.00,50,263425
20221102,13:09:32,41506.00,25,263425
20221102,13:09:55,41510.00,25,263425
20221102,13:09:56,41510.00,50,263425
20221102,13:10:01,41510.25,150,263425
20221102,13:10:09,41517.30,25,263425
20221102,13:10:50,41508.55,25,263425
20221102,13:11:04,41500.00,25,263425
20221102,13:11:13,41500.00,50,263425
20221102,13:11:21,41495.30,50,263425
20221102,13:11:29,41487.15,25,263425
20221102,13:12:22,41497.30,25,263425
20221102,13:12:37,41500.75,25,263425
20221102,13:13:09,41514.00,75,263425
20221102,13:13:11,41514.20,50,263425
20221102,13:14:22,41513.95,25,263425
20221102,13:14:44,41519.00,50,263425
20221102,13:15:02,41515.95,25,263425
20221102,13:15:37,41511.95,25,263375
20221102,13:15:38,41505.00,25,263375
20221102,13:15:44,41505.00,25,263375
20221102,13:16:25,41519.00,25,263375
20221102,13:16:30,41518.55,25,263375
20221102,13:16:35,41525.00,25,263375
20221102,13:16:48,41534.95,25,263375
20221102,13:16:52,41535.00,25,263375
20221102,13:16:58,41535.00,25,263375
20221102,13:17:09,41535.00,50,263375
20221102,13:17:47,41549.95,25,263375
20221102,13:17:53,41544.35,25,263375
20221102,13:18:17,41546.25,50,263375
20221102,13:18:28,41540.00,50,263450
20221102,13:18:57,41537.00,50,263450
20221102,13:19:06,41537.00,25,263450
20221102,13:19:08,41540.00,25,263450
20221102,13:19:41,41544.75,50,263450
20221102,13:19:47,41541.25,25,263450
20221102,13:20:01,41541.25,25,263450
20221102,13:20:13,41540.00,25,263450
20221102,13:20:23,41549.00,25,263450
20221102,13:20:26,41545.65,25,263450
20221102,13:21:32,41540.00,125,263525
20221102,13:21:34,41540.00,25,263525
20221102,13:21:48,41531.60,50,263525
20221102,13:21:50,41530.00,25,263525
20221102,13:22:05,41533.95,25,263525
20221102,13:22:13,41526.35,25,263525
20221102,13:22:34,41526.35,25,263525
20221102,13:22:42,41522.70,50,263525
20221102,13:22:44,41521.05,25,263525
20221102,13:22:53,41521.20,75,263525
20221102,13:23:16,41530.00,25,263525
20221102,13:23:40,41530.00,75,263525
20221102,13:23:44,41527.15,25,263525
20221102,13:23:55,41530.00,25,263525
20221102,13:24:08,41536.30,25,263525
20221102,13:24:36,41524.70,25,263750
20221102,13:25:17,41528.95,25,263750
20221102,13:25:28,41527.00,25,263750
20221102,13:25:32,41526.95,25,263750
20221102,13:26:17,41520.00,50,263750
20221102,13:26:38,41508.50,25,263750
20221102,13:26:41,41507.15,25,263750
20221102,13:26:42,41517.85,75,263750
20221102,13:26:47,41512.75,25,263750
20221102,13:27:00,41504.95,25,263750
20221102,13:27:16,41513.00,25,263750
20221102,13:27:28,41510.10,50,263650
20221102,13:28:07,41509.70,25,263650
20221102,13:28:25,41514.60,75,263650
20221102,13:28:28,41519.90,25,263650
20221102,13:28:30,41520.00,25,263650
20221102,13:28:33,41518.35,50,263650
20221102,13:28:36,41519.90,50,263650
20221102,13:29:32,41529.00,25,263650
20221102,13:30:38,41520.00,50,263700
20221102,13:30:49,41512.80,25,263700
20221102,13:31:41,41520.15,50,263700
20221102,13:32:11,41520.90,25,263700
20221102,13:32:16,41517.00,50,263700
20221102,13:32:24,41518.90,50,263700
20221102,13:32:27,41518.50,75,263700
20221102,13:32:29,41517.00,25,263700
20221102,13:32:55,41518.80,75,263700
20221102,13:32:56,41517.90,25,263700
20221102,13:33:03,41517.75,50,263700
20221102,13:33:06,41522.90,50,263700
20221102,13:33:08,41517.00,25,263700
20221102,13:33:22,41512.00,25,263800
20221102,13:33:55,41512.00,25,263800
20221102,13:34:16,41510.00,25,263800
20221102,13:34:18,41506.45,25,263800
20221102,13:34:26,41510.45,50,263800
20221102,13:34:40,41505.75,50,263800
20221102,13:34:56,41508.95,25,263800
20221102,13:34:58,41500.00,50,263800
20221102,13:35:01,41500.00,25,263800
20221102,13:35:09,41498.95,75,263800
20221102,13:35:11,41497.90,50,263800
20221102,13:35:19,41490.00,25,263800
20221102,13:35:24,41490.00,50,263800
20221102,13:35:37,41490.00,250,263800
20221102,13:35:40,41481.75,25,263800
20221102,13:35:52,41481.00,75,263800
20221102,13:35:56,41480.00,25,263800
20221102,13:36:00,41475.00,75,263800
20221102,13:36:02,41482.10,25,263800
20221102,13:36:13,41475.00,25,263800
20221102,13:36:16,41469.95,25,263800
20221102,13:36:18,41469.95,25,263800
20221102,13:36:23,41475.00,25,263850
20221102,13:36:25,41471.30,25,263850
20221102,13:36:26,41473.95,25,263850
20221102,13:36:31,41463.70,25,263850
20221102,13:36:36,41469.90,25,263850
20221102,13:36:54,41470.00,25,263850
20221102,13:37:09,41465.00,25,263850
20221102,13:37:14,41464.00,25,263850
20221102,13:37:16,41462.10,50,263850
20221102,13:37:44,41462.30,50,263850
20221102,13:38:01,41467.50,25,263850
20221102,13:38:10,41458.80,50,263850
20221102,13:38:22,41457.40,25,263850
20221102,13:38:29,41466.65,25,263850
20221102,13:38:34,41459.70,25,263850
20221102,13:38:40,41467.00,25,263850
20221102,13:38:45,41469.95,50,263850
20221102,13:38:55,41459.70,25,263850
20221102,13:38:56,41459.45,75,263850
20221102,13:38:58,41460.55,25,263850
20221102,13:39:01,41456.00,25,263850
20221102,13:39:11,41445.00,750,263850
20221102,13:39:14,41444.00,25,263850
20221102,13:39:18,41444.00,75,263850
20221102,13:39:23,41442.00,50,263925
20221102,13:39:26,41443.05,50,263925
20221102,13:39:29,41449.95,25,263925
20221102,13:39:42,41443.05,25,263925
20221102,13:39:44,41449.00,25,263925
20221102,13:39:50,41444.10,25,263925
20221102,13:39:59,41447.20,25,263925
20221102,13:40:00,41442.15,25,263925
20221102,13:40:02,41441.85,25,263925
20221102,13:40:05,41438.35,100,263925
20221102,13:40:08,41435.05,75,263925
20221102,13:40:10,41435.05,25,263925
20221102,13:40:12,41440.00,75,263925
20221102,13:40:15,41437.00,75,263925
20221102,13:40:18,41438.00,75,263925
20221102,13:40:23,41450.00,25,263925
20221102,13:40:25,41451.00,25,263925
20221102,13:40:26,41448.00,50,263925
20221102,13:40:28,41450.00,25,263925
20221102,13:40:48,41449.00,50,263925
20221102,13:40:49,41459.45,25,263925
20221102,13:41:09,41452.40,125,263925
20221102,13:41:10,41452.40,75,263925
20221102,13:41:12,41450.00,50,263925
20221102,13:41:18,41460.60,25,263925
20221102,13:41:20,41460.60,25,263925
20221102,13:41:27,41471.35,100,263925
20221102,13:41:41,41462.85,25,263925
20221102,13:41:43,41452.35,25,263925
20221102,13:42:01,41453.25,25,263925
20221102,13:42:08,41450.00,175,263925
20221102,13:42:11,41451.60,25,263925
20221102,13:42:33,41452.35,25,264250
20221102,13:42:34,41457.60,25,264250
20221102,13:42:36,41450.00,25,264250
20221102,13:42:41,41455.20,25,264250
20221102,13:42:48,41450.00,25,264250
20221102,13:43:14,41450.00,50,264250
20221102,13:43:43,41442.55,25,264250
20221102,13:43:47,41450.80,25,264250
20221102,13:44:29,41440.00,50,264250
20221102,13:44:31,41436.60,25,264250
20221102,13:44:32,41435.00,25,264250
20221102,13:44:34,41435.00,50,264250
20221102,13:44:36,41427.50,25,264250
20221102,13:44:37,41427.50,25,264250
20221102,13:44:41,41437.55,25,264250
20221102,13:44:47,41424.10,50,264250
20221102,13:44:52,41424.10,50,264250
20221102,13:44:57,41435.65,25,264250
20221102,13:45:19,41424.20,25,264250
20221102,13:45:30,41429.85,50,264300
20221102,13:45:32,41425.35,100,264300
20221102,13:45:33,41430.75,25,264300
20221102,13:45:35,41432.30,25,264300
20221102,13:45:37,41431.00,25,264300
20221102,13:45:42,41429.00,50,264300
20221102,13:45:43,41432.60,50,264300
20221102,13:45:52,41440.00,75,264300
20221102,13:45:53,41435.15,25,264300
20221102,13:45:58,41445.00,25,264300
20221102,13:46:00,41446.50,25,264300
20221102,13:46:05,41446.85,300,264300
20221102,13:46:11,41440.45,25,264300
20221102,13:46:21,41447.20,25,264300
20221102,13:46:24,41447.20,25,264300
20221102,13:46:27,41453.35,75,264300
20221102,13:46:35,41454.40,225,264300
20221102,13:46:45,41455.35,50,264300
20221102,13:46:47,41450.00,25,264300
20221102,13:47:04,41454.95,25,264300
20221102,13:47:05,41455.00,50,264300
20221102,13:47:22,41460.75,100,264300
20221102,13:47:29,41455.80,50,264300
20221102,13:48:10,41454.20,25,264300
20221102,13:48:24,41457.80,25,264450
20221102,13:48:27,41459.80,50,264450
20221102,13:48:39,41462.50,25,264450
20221102,13:48:44,41470.00,25,264450
20221102,13:48:45,41470.00,50,264450
20221102,13:48:50,41478.95,50,264450
20221102,13:48:58,41477.95,25,264450
20221102,13:49:03,41477.85,25,264450
20221102,13:49:13,41480.00,100,264450
20221102,13:49:24,41471.90,25,264450
20221102,13:49:31,41472.90,25,264450
20221102,13:49:35,41472.90,25,264450
20221102,13:49:39,41476.00,25,264450
20221102,13:50:05,41472.00,25,264450
20221102,13:50:10,41466.00,50,264450
20221102,13:50:29,41472.50,25,264450
20221102,13:50:42,41478.00,25,264450
20221102,13:51:00,41470.95,25,264450
20221102,13:51:24,41480.00,50,264375
20221102,13:51:47,41489.25,50,264375
20221102,13:51:52,41489.00,25,264375
20221102,13:51:56,41486.55,100,264375
20221102,13:52:12,41487.25,100,264375
20221102,13:52:19,41475.00,25,264375
20221102,13:52:47,41470.00,50,264375
20221102,13:54:01,41472.55,25,264375
20221102,13:54:09,41467.50,25,264375
20221102,13:54:15,41461.10,25,264375
20221102,13:55:06,41459.85,25,264575
20221102,13:55:08,41453.05,25,264575
20221102,13:55:45,41477.25,25,264575
20221102,13:56:58,41476.50,25,264575
20221102,13:58:09,41464.05,25,264600
20221102,13:58:17,41464.05,25,264600
20221102,13:58:44,41460.00,25,264600
20221102,13:58:54,41460.00,25,264600
20221102,13:59:13,41457.00,25,264600
20221102,13:59:15,41456.30,25,264600
20221102,13:59:22,41457.95,50,264600
20221102,13:59:28,41450.05,50,264600
20221102,13:59:35,41448.20,200,264600
20221102,13:59:43,41447.35,25,264600
20221102,13:59:54,41446.65,25,264600
20221102,14:00:08,41440.00,25,264600
20221102,14:00:21,41441.90,25,264600
20221102,14:00:33,41440.00,25,264675
20221102,14:00:50,41430.00,100,264675
20221102,14:00:52,41428.00,50,264675
20221102,14:00:54,41426.85,25,264675
20221102,14:00:59,41422.60,25,264675
20221102,14:01:05,41412.00,200,264675
20221102,14:01:22,41412.00,25,264675
20221102,14:01:43,41440.00,25,264675
20221102,14:02:11,41450.95,100,264675
20221102,14:02:15,41449.00,25,264675
20221102,14:02:28,41450.00,25,264675
20221102,14:02:34,41449.00,25,264675
20221102,14:02:43,41450.00,25,264675
20221102,14:02:44,41449.00,25,264675
20221102,14:04:46,41440.00,50,264775
20221102,14:05:10,41430.60,25,264775
20221102,14:05:21,41434.80,25,264775
20221102,14:05:26,41434.80,25,264775
20221102,14:05:39,41435.75,25,264775
20221102,14:05:43,41438.05,25,264775
20221102,14:05:53,41435.00,25,264775
20221102,14:06:00,41427.35,100,264775
20221102,14:06:10,41427.45,25,264775
20221102,14:06:12,41431.75,75,264775
20221102,14:06:26,41437.35,75,264825
20221102,14:06:31,41441.45,75,264825
20221102,14:06:55,41435.00,50,264825
20221102,14:07:43,41435.00,25,264825
20221102,14:07:46,41433.80,25,264825
20221102,14:07:48,41435.00,50,264825
20221102,14:08:12,41430.00,25,264825
20221102,14:08:17,41426.85,25,264825
20221102,14:08:18,41430.00,25,264825
20221102,14:08:39,41431.05,25,264825
20221102,14:08:54,41445.00,125,264825
20221102,14:09:10,41439.40,50,264825
20221102,14:09:23,41435.00,25,264825
20221102,14:09:26,41435.00,100,264875
20221102,14:09:28,41435.00,50,264875
20221102,14:09:31,41435.00,75,264875
20221102,14:09:44,41435.00,25,264875
20221102,14:10:02,41435.00,175,264875
20221102,14:10:05,41430.20,125,264875
20221102,14:10:28,41436.60,25,264875
20221102,14:10:49,41451.15,50,264875
20221102,14:10:53,41444.50,25,264875
20221102,14:11:17,41444.50,25,264875
20221102,14:11:20,41445.95,100,264875
20221102,14:11:44,41443.95,125,264875
20221102,14:12:19,41440.00,25,264875
20221102,14:12:22,41440.00,50,264875
20221102,14:12:24,41440.00,50,264875
20221102,14:12:51,41437.30,25,264950
20221102,14:12:55,41437.20,50,264950
20221102,14:13:22,41438.05,25,264950
20221102,14:13:34,41432.55,25,264950
20221102,14:13:41,41440.20,25,264950
20221102,14:13:58,41436.85,50,264950
20221102,14:14:16,41436.00,25,264950
20221102,14:14:19,41432.55,25,264950
20221102,14:14:41,41432.55,25,264950
20221102,14:14:51,41430.10,25,264950
20221102,14:14:53,41430.00,50,264950
20221102,14:15:04,41426.60,25,264950
20221102,14:15:07,41429.70,25,264950
20221102,14:15:55,41443.60,25,264925
20221102,14:16:02,41442.75,25,264925
20221102,14:16:08,41436.85,25,264925
20221102,14:17:21,41433.15,25,264925
20221102,14:17:25,41435.80,25,264925
20221102,14:17:33,41433.15,25,264925
20221102,14:17:38,41433.50,300,264925
20221102,14:17:41,41433.50,50,264925
20221102,14:18:02,41433.50,25,264925
20221102,14:18:25,41432.50,75,264925
20221102,14:18:36,41441.85,25,264950
20221102,14:18:51,41441.95,25,264950
20221102,14:19:04,41446.95,25,264950
20221102,14:19:42,41448.00,25,264950
20221102,14:19:53,41449.00,25,264950
20221102,14:19:57,41450.40,50,264950
20221102,14:20:05,41460.95,50,264950
20221102,14:20:13,41464.80,25,264950
20221102,14:20:28,41465.00,25,264950
20221102,14:20:58,41465.00,25,264950
20221102,14:21:00,41459.05,250,264950
20221102,14:21:03,41465.00,75,264950
20221102,14:21:08,41469.95,25,264950
20221102,14:21:16,41469.95,25,264950
20221102,14:21:25,41476.00,225,264950
20221102,14:21:38,41475.55,25,264850
20221102,14:21:59,41480.00,25,264850
20221102,14:22:15,41480.75,50,264850
20221102,14:22:20,41470.00,25,264850
20221102,14:22:46,41473.85,25,264850
20221102,14:23:00,41468.95,100,264850
20221102,14:23:15,41454.00,25,264850
20221102,14:23:16,41454.00,125,264850
20221102,14:23:18,41448.20,25,264850
20221102,14:23:21,41446.85,25,264850
20221102,14:23:30,41442.00,150,264850
20221102,14:23:33,41440.30,50,264850
20221102,14:23:35,41438.00,25,264850
20221102,14:23:38,41439.55,100,264850
20221102,14:23:41,41436.00,75,264850
20221102,14:24:54,41450.85,25,265100
20221102,14:26:15,41465.80,100,265100
20221102,14:26:29,41465.00,25,265100
20221102,14:26:43,41466.75,100,265100
20221102,14:26:48,41464.20,25,265100
20221102,14:26:54,41463.90,100,265100
20221102,14:27:12,41463.25,50,265100
20221102,14:27:17,41454.80,25,265100
20221102,14:27:26,41450.00,25,265100
20221102,14:27:28,41450.00,25,265100
20221102,14:27:36,41449.95,25,265150
20221102,14:27:39,41450.00,200,265150
20221102,14:27:41,41459.75,125,265150
20221102,14:28:16,41452.80,25,265150
20221102,14:28:38,41454.05,25,265150
20221102,14:28:54,41455.00,50,265150
20221102,14:28:59,41454.05,50,265150
20221102,14:29:02,41454.05,125,265150
20221102,14:29:23,41454.05,175,265150
20221102,14:29:25,41454.05,25,265150
20221102,14:29:26,41454.05,75,265150
20221102,14:29:28,41454.05,100,265150
20221102,14:29:52,41454.00,25,265150
20221102,14:30:05,41454.00,25,265150
20221102,14:30:13,41454.00,225,265150
20221102,14:30:24,41459.75,250,265150
20221102,14:31:30,41471.00,25,265675
20221102,14:31:34,41474.75,25,265675
20221102,14:32:29,41468.50,25,265675
20221102,14:32:58,41467.20,25,265675
20221102,14:33:27,41467.00,50,265675
20221102,14:34:10,41458.95,25,265575
20221102,14:34:41,41474.75,50,265575
20221102,14:34:48,41474.75,25,265575
20221102,14:35:01,41478.20,75,265575
20221102,14:35:28,41484.00,25,265575
20221102,14:35:43,41482.00,25,265575
20221102,14:36:37,41468.00,25,265475
20221102,14:36:45,41470.90,25,265475
20221102,14:36:47,41472.80,25,265475
20221102,14:37:06,41465.00,25,265475
20221102,14:37:08,41465.00,25,265475
20221102,14:37:09,41466.95,25,265475
20221102,14:37:13,41465.00,25,265475
20221102,14:37:22,41460.00,25,265475
20221102,14:37:29,41460.00,50,265475
20221102,14:38:14,41460.10,25,265475
20221102,14:38:21,41464.00,25,265475
20221102,14:39:10,41458.00,50,265475
20221102,14:39:20,41464.00,25,265475
20221102,14:40:19,41468.35,25,265650
20221102,14:41:18,41474.75,100,265650
20221102,14:41:29,41476.65,75,265650
20221102,14:42:10,41467.75,25,265650
20221102,14:42:12,41468.00,25,265650
20221102,14:42:21,41475.60,50,265650
20221102,14:42:26,41465.65,25,265650
20221102,14:42:35,41466.95,25,265650
20221102,14:43:02,41464.10,25,265500
20221102,14:43:04,41464.05,25,265500
20221102,14:43:05,41464.00,25,265500
20221102,14:43:11,41470.75,25,265500
20221102,14:43:24,41464.15,25,265500
20221102,14:43:59,41464.00,100,265500
20221102,14:44:12,41464.00,125,265500
20221102,14:44:14,41453.85,25,265500
20221102,14:44:47,41454.60,75,265500
20221102,14:45:17,41453.80,25,265500
20221102,14:45:18,41450.00,125,265500
20221102,14:46:12,41440.40,75,265350
20221102,14:46:15,41438.35,25,265350
20221102,14:46:16,41440.05,25,265350
20221102,14:46:21,41442.10,25,265350
20221102,14:46:28,41450.95,25,265350
20221102,14:46:45,41446.35,25,265350
20221102,14:47:00,41448.05,25,265350
20221102,14:47:15,41463.50,50,265350
20221102,14:47:30,41473.65,25,265350
20221102,14:47:32,41474.65,25,265350
20221102,14:47:50,41463.60,25,265350
20221102,14:47:53,41459.30,25,265350
20221102,14:48:22,41459.30,25,265350
20221102,14:48:29,41464.95,25,265350
20221102,14:48:35,41466.80,100,265425
20221102,14:49:20,41455.90,25,265425
20221102,14:49:31,41451.00,25,265425
20221102,14:49:40,41455.85,50,265425
20221102,14:50:23,41461.00,25,265425
20221102,14:50:26,41461.00,25,265425
20221102,14:50:38,41461.00,50,265425
20221102,14:50:50,41460.75,25,265425
20221102,14:51:20,41457.95,25,265425
20221102,14:52:08,41454.05,25,265625
20221102,14:52:52,41456.40,25,265625
20221102,14:54:55,41464.50,25,265600
20221102,14:55:33,41456.55,50,265600
20221102,14:55:46,41456.55,25,265600
20221102,14:55:52,41456.70,50,265600
20221102,14:56:02,41463.90,25,265600
20221102,14:56:10,41456.40,75,265600
20221102,14:56:12,41449.60,50,265600
20221102,14:56:17,41452.00,25,265600
20221102,14:56:49,41452.15,25,265600
20221102,14:56:59,41452.00,25,265600
20221102,14:57:07,41447.70,150,265600
20221102,14:57:10,41446.95,25,265600
20221102,14:57:12,41454.75,25,265600
20221102,14:57:14,41449.65,75,265600
20221102,14:57:15,41448.75,25,265600
20221102,14:57:46,41448.55,25,265925
20221102,14:58:05,41460.00,25,265925
20221102,14:58:07,41459.85,25,265925
20221102,14:58:49,41447.00,50,265925
20221102,14:59:11,41465.00,325,265925
20221102,14:59:13,41467.00,75,265925
20221102,14:59:21,41459.15,25,265925
20221102,14:59:26,41467.00,25,265925
20221102,14:59:29,41467.75,25,265925
20221102,14:59:40,41475.00,25,265925
20221102,14:59:45,41480.00,75,265925
20221102,14:59:48,41487.95,75,265925
20221102,14:59:50,41480.85,25,265925
20221102,14:59:53,41491.50,75,265925
20221102,15:00:05,41481.90,25,265925
20221102,15:00:07,41498.00,75,265925
20221102,15:00:10,41500.00,75,265925
20221102,15:00:15,41506.55,50,265925
20221102,15:00:17,41510.00,25,265925
20221102,15:00:22,41521.60,25,265925
20221102,15:00:30,41520.95,25,265925
20221102,15:00:37,41522.05,25,265925
20221102,15:00:38,41524.35,125,266300
20221102,15:00:52,41524.35,25,266300
20221102,15:01:12,41483.10,25,266300
20221102,15:01:30,41493.00,25,266300
20221102,15:01:37,41511.95,50,266300
20221102,15:02:14,41499.75,100,266300
20221102,15:02:30,41503.95,25,266300
20221102,15:02:40,41501.00,25,266300
20221102,15:02:44,41500.10,25,266300
20221102,15:02:55,41497.45,75,266300
20221102,15:03:02,41503.90,25,266300
20221102,15:03:03,41496.40,25,266300
20221102,15:03:05,41497.45,100,266300
20221102,15:03:29,41503.90,50,266300
20221102,15:03:39,41498.55,25,266475
20221102,15:03:45,41510.00,200,266475
20221102,15:03:54,41519.95,25,266475
20221102,15:04:05,41522.00,100,266475
20221102,15:04:12,41517.60,250,266475
20221102,15:05:00,41510.85,175,266475
20221102,15:05:05,41520.00,25,266475
20221102,15:05:47,41513.80,25,266475
20221102,15:05:55,41503.85,25,266475
20221102,15:05:58,41510.30,25,266475
20221102,15:06:08,41504.60,25,266475
20221102,15:06:28,41505.00,25,266475
20221102,15:06:30,41500.00,75,266475
20221102,15:06:41,41505.25,200,266775
20221102,15:06:51,41498.85,25,266775
20221102,15:06:57,41495.70,100,266775
20221102,15:06:59,41500.00,25,266775
20221102,15:07:09,41498.75,25,266775
20221102,15:07:19,41517.60,500,266775
20221102,15:07:39,41516.55,100,266775
20221102,15:07:47,41515.00,25,266775
20221102,15:07:49,41510.40,25,266775
20221102,15:07:59,41516.40,175,266775
20221102,15:08:10,41510.20,25,266775
20221102,15:08:17,41510.40,75,266775
20221102,15:08:43,41510.90,25,266775
20221102,15:08:52,41519.35,25,266775
20221102,15:09:08,41504.35,25,266775
20221102,15:09:10,41512.80,25,266775
20221102,15:09:46,41512.80,25,266750
20221102,15:09:48,41510.00,50,266750
20221102,15:10:01,41510.00,50,266750
20221102,15:10:07,41511.70,25,266750
20221102,15:10:14,41510.00,25,266750
20221102,15:10:15,41512.80,25,266750
20221102,15:10:58,41510.00,25,266750
20221102,15:11:30,41505.00,25,266750
20221102,15:11:35,41505.00,25,266750
20221102,15:11:36,41505.00,50,266750
20221102,15:12:32,41505.00,75,266750
20221102,15:12:43,41502.40,25,266750
20221102,15:12:50,41503.60,25,266750
20221102,15:13:00,41509.80,25,266750
20221102,15:13:01,41503.60,25,266750
20221102,15:13:03,41510.00,25,266750
20221102,15:13:12,41507.10,25,266750
20221102,15:13:32,41510.00,25,266750
20221102,15:13:43,41510.00,200,266750
20221102,15:13:57,41510.00,100,266750
20221102,15:14:04,41515.00,25,266750
20221102,15:14:29,41512.40,50,266750
20221102,15:14:30,41505.15,25,266750
20221102,15:14:32,41505.15,25,266750
20221102,15:14:35,41505.00,25,266750
20221102,15:14:37,41500.00,50,266750
20221102,15:14:43,41490.00,25,266750
20221102,15:14:47,41483.45,50,266750
20221102,15:15:02,41481.05,75,266750
20221102,15:15:08,41491.30,25,266750
20221102,15:15:21,41502.10,25,266750
20221102,15:15:28,41494.10,100,266750
20221102,15:15:43,41485.60,150,267000
20221102,15:16:02,41487.35,25,267000
20221102,15:16:20,41487.35,25,267000
20221102,15:16:27,41487.35,150,267000
20221102,15:16:35,41500.00,25,267000
20221102,15:16:41,41503.00,75,267000
20221102,15:16:43,41505.00,25,267000
20221102,15:16:46,41505.00,25,267000
20221102,15:16:59,41510.00,25,267000
20221102,15:17:07,41502.05,25,267000
20221102,15:17:19,41500.00,25,267000
20221102,15:17:22,41500.00,75,267000
20221102,15:17:26,41498.75,25,267000
20221102,15:17:34,41498.75,25,267000
20221102,15:17:52,41501.95,25,267000
20221102,15:17:53,41502.05,25,267000
20221102,15:18:00,41502.00,25,267000
20221102,15:18:01,41505.00,25,267000
20221102,15:18:11,41500.00,50,267000
20221102,15:18:22,41492.90,25,267000
20221102,15:18:27,41492.10,50,267000
20221102,15:18:47,41494.45,25,267250
20221102,15:19:36,41492.40,25,267250
20221102,15:19:39,41485.00,100,267250
20221102,15:19:46,41489.70,50,267250
20221102,15:19:49,41485.00,25,267250
20221102,15:19:58,41486.05,25,267250
20221102,15:20:29,41490.00,25,267250
20221102,15:20:31,41493.95,25,267250
20221102,15:20:36,41497.95,50,267250
20221102,15:20:46,41494.00,425,267250
20221102,15:20:52,41493.85,25,267250
20221102,15:20:54,41494.95,25,267250
20221102,15:21:12,41495.00,25,267250
20221102,15:21:25,41489.35,300,267250
20221102,15:21:34,41489.90,25,267250
20221102,15:21:43,41488.55,25,267350
20221102,15:22:00,41498.20,50,267350
20221102,15:22:13,41488.60,250,267350
20221102,15:22:15,41488.60,25,267350
20221102,15:22:17,41495.95,100,267350
20221102,15:22:18,41488.60,25,267350
20221102,15:22:25,41488.55,25,267350
20221102,15:22:27,41482.75,125,267350
20221102,15:23:01,41478.05,100,267350
20221102,15:23:03,41478.20,25,267350
20221102,15:23:04,41476.05,25,267350
20221102,15:23:12,41476.55,25,267350
20221102,15:23:17,41474.05,25,267350
20221102,15:23:21,41472.00,50,267350
20221102,15:23:26,41470.00,50,267350
20221102,15:23:27,41468.05,25,267350
20221102,15:23:29,41466.05,25,267350
20221102,15:23:31,41464.05,25,267350
20221102,15:23:42,41462.05,25,267350
20221102,15:23:49,41464.05,25,267350
20221102,15:23:52,41460.00,50,267350
20221102,15:23:57,41468.95,25,267350
20221102,15:24:05,41464.05,50,267350
20221102,15:24:07,41464.05,25,267350
20221102,15:24:09,41464.05,25,267350
20221102,15:24:19,41460.20,25,267350
20221102,15:24:23,41464.05,50,267350
20221102,15:24:28,41460.00,25,267350
20221102,15:24:55,41464.00,100,267450
20221102,15:25:05,41464.00,125,267450
20221102,15:25:09,41464.00,25,267450
20221102,15:25:11,41464.00,25,267450
20221102,15:25:18,41465.00,125,267450
20221102,15:25:19,41465.00,25,267450
20221102,15:25:39,41462.00,25,267450
20221102,15:26:02,41465.00,250,267450
20221102,15:26:09,41460.40,25,267450
20221102,15:26:10,41460.40,50,267450
20221102,15:26:14,41466.15,200,267450
20221102,15:26:17,41466.15,50,267450
20221102,15:26:19,41466.65,25,267450
20221102,15:26:27,41460.00,175,267450
20221102,15:26:32,41460.00,75,267450
20221102,15:26:41,41452.05,50,267450
20221102,15:26:54,41450.00,50,267450
20221102,15:26:58,41457.85,50,267450
20221102,15:27:10,41459.60,50,267450
20221102,15:27:17,41459.70,25,267450
20221102,15:27:18,41459.95,100,267450
20221102,15:27:26,41459.95,50,267450
20221102,15:27:31,41458.85,50,267450
20221102,15:27:32,41459.95,25,267450
20221102,15:27:34,41460.00,100,267450
20221102,15:27:36,41460.00,150,267450
20221102,15:27:37,41459.95,25,267450
20221102,15:27:47,41459.00,25,267475
20221102,15:27:49,41454.65,25,267475
20221102,15:27:50,41459.95,25,267475
20221102,15:27:54,41455.70,25,267475
20221102,15:28:00,41457.90,25,267475
20221102,15:28:02,41458.20,300,267475
20221102,15:28:05,41457.90,25,267475
20221102,15:28:07,41457.05,25,267475
20221102,15:28:14,41460.00,50,267475
20221102,15:28:19,41460.00,75,267475
20221102,15:28:23,41453.00,100,267475
20221102,15:28:28,41452.35,25,267475
20221102,15:28:33,41451.60,200,267475
20221102,15:28:35,41450.70,125,267475
20221102,15:28:36,41458.90,225,267475
20221102,15:28:40,41450.70,50,267475
20221102,15:28:43,41457.00,75,267475
20221102,15:28:46,41451.60,25,267475
20221102,15:28:48,41451.60,25,267475
20221102,15:28:51,41450.55,100,267475
20221102,15:28:53,41455.00,50,267475
20221102,15:28:54,41455.00,100,267475
20221102,15:28:56,41460.00,75,267475
20221102,15:28:59,41455.00,25,267475
20221102,15:29:01,41457.00,100,267475
20221102,15:29:04,41460.00,25,267475
20221102,15:29:06,41455.00,25,267475
20221102,15:29:11,41455.00,350,267475
20221102,15:29:12,41452.10,875,267475
20221102,15:29:14,41453.85,25,267475
20221102,15:29:15,41455.00,25,267475
20221102,15:29:20,41455.00,25,267475
20221102,15:29:22,41450.20,1225,267475
20221102,15:29:23,41455.00,50,267475
20221102,15:29:27,41455.00,25,267475
20221102,15:29:33,41452.00,50,267475
20221102,15:29:35,41455.00,100,267475
20221102,15:29:36,41468.80,1300,267475
20221102,15:29:40,41466.05,50,267475
20221102,15:29:43,41460.00,25,267475
20221102,15:29:45,41460.00,25,267475
20221102,15:29:48,41455.00,200,267475
20221102,15:29:51,41456.00,25,267475
20221102,15:29:54,41456.00,25,267475
20221102,15:29:59,41469.95,75,267475
20221102,15:30:01,41455.00,25,267475
