20221102,09:15:00,41580.00,1,1799625
20221102,09:15:00,41589.95,1,1799625
20221102,09:15:00,41569.10,1,1799625
20221102,09:15:00,41589.85,175,1799625
20221102,09:15:01,41513.70,600,1799625
20221102,09:15:02,41556.05,300,1799625
20221102,09:15:03,41512.35,375,1799625
20221102,09:15:05,41481.40,1450,1799625
20221102,09:15:06,41518.70,1150,1799625
20221102,09:15:08,41503.45,2000,1799625
20221102,09:15:10,41513.65,2100,1799625
20221102,09:15:11,41467.05,4325,1799625
20221102,09:15:13,41456.10,1975,1799625
20221102,09:15:14,41497.40,2775,1799625
20221102,09:15:16,41490.00,1975,1799625
20221102,09:15:17,41482.10,650,1799625
20221102,09:15:19,41490.95,2050,1799625
20221102,09:15:21,41496.00,700,1799625
20221102,09:15:22,41483.65,1525,1799625
20221102,09:15:24,41470.50,900,1799625
20221102,09:15:26,41475.45,1025,1799625
20221102,09:15:27,41485.30,1200,1799625
20221102,09:15:29,41492.50,1625,1799625
20221102,09:15:30,41476.50,1225,1799625
20221102,09:15:32,41464.50,1450,1799625
20221102,09:15:34,41469.40,1650,1799625
20221102,09:15:35,41475.60,1275,1799625
20221102,09:15:37,41481.85,825,1799625
20221102,09:15:38,41487.75,700,1799625
20221102,09:15:40,41487.05,650,1799625
20221102,09:15:42,41497.70,400,1799625
20221102,09:15:43,41500.00,2550,1799625
20221102,09:15:45,41502.20,575,1799625
20221102,09:15:47,41512.00,425,1799625
20221102,09:15:48,41521.65,725,1799625
20221102,09:15:50,41520.25,1450,1799625
20221102,09:15:51,41519.95,300,1799625
20221102,09:15:53,41514.95,1300,1799625
20221102,09:15:55,41520.00,1550,1799625
20221102,09:15:56,41519.55,775,1799625
20221102,09:15:58,41512.15,1475,1799625
20221102,09:16:00,41514.65,450,1799625
20221102,09:16:01,41515.55,650,1799625
20221102,09:16:03,41509.05,975,1799625
20221102,09:16:04,41506.30,525,1799625
20221102,09:16:06,41515.65,1200,1799625
20221102,09:16:08,41500.00,900,1799625
20221102,09:16:09,41509.10,650,1799625
20221102,09:16:11,41504.80,500,1799625
20221102,09:16:13,41496.25,375,1799625
20221102,09:16:14,41489.25,650,1799625
20221102,09:16:16,41492.60,1150,1799625
20221102,09:16:17,41494.05,200,1799625
20221102,09:16:19,41491.75,350,1799625
20221102,09:16:21,41498.50,125,1799625
20221102,09:16:22,41498.75,300,1799625
20221102,09:16:24,41484.10,1375,1799625
20221102,09:16:26,41482.60,750,1799625
20221102,09:16:27,41485.00,400,1799625
20221102,09:16:29,41490.00,300,1799625
20221102,09:16:30,41491.40,525,1799625
20221102,09:16:32,41483.50,425,1799625
20221102,09:16:34,41476.20,550,1799625
20221102,09:16:35,41482.20,425,1799625
20221102,09:16:37,41472.85,375,1799625
20221102,09:16:39,41475.20,425,1799625
20221102,09:16:40,41475.95,225,1799625
20221102,09:16:42,41491.30,1800,1799625
20221102,09:16:43,41477.40,325,1799625
20221102,09:16:45,41472.00,575,1799625
20221102,09:16:47,41476.20,975,1799625
20221102,09:16:48,41485.40,600,1799625
20221102,09:16:50,41481.00,1075,1799625
20221102,09:16:52,41479.05,150,1799625
20221102,09:16:53,41480.60,1325,1799625
20221102,09:16:55,41483.90,350,1799625
20221102,09:16:56,41480.15,1275,1799625
20221102,09:16:58,41477.75,1450,1799625
20221102,09:17:00,41478.90,400,1799625
20221102,09:17:01,41480.25,250,1799625
20221102,09:17:03,41467.90,1050,1799625
20221102,09:17:05,41457.55,1400,1799625
20221102,09:17:06,41450.00,600,1799625
20221102,09:17:08,41450.00,1925,1799625
20221102,09:17:09,41446.15,1025,1799625
20221102,09:17:11,41460.75,900,1799625
20221102,09:17:13,41450.00,1675,1799625
20221102,09:17:14,41450.00,1450,1799625
20221102,09:17:16,41453.45,375,1799625
20221102,09:17:18,41458.65,200,1799625
20221102,09:17:19,41456.75,225,1799625
20221102,09:17:21,41469.30,975,1799625
20221102,09:17:22,41463.15,200,1799625
20221102,09:17:24,41467.25,1100,1799625
20221102,09:17:26,41458.65,225,1799625
20221102,09:17:27,41458.65,125,1799625
20221102,09:17:29,41461.70,100,1801625
20221102,09:17:31,41458.65,50,1801625
20221102,09:17:32,41460.90,75,1801625
20221102,09:17:34,41451.70,500,1801625
20221102,09:17:36,41459.95,125,1801625
20221102,09:17:37,41452.30,625,1801625
20221102,09:17:39,41451.05,250,1801625
20221102,09:17:41,41457.70,150,1801625
20221102,09:17:42,41443.35,700,1801625
20221102,09:17:44,41442.65,575,1801625
20221102,09:17:45,41438.45,375,1801625
20221102,09:17:47,41438.25,425,1801625
20221102,09:17:49,41433.85,450,1801625
20221102,09:17:50,41439.25,600,1801625
20221102,09:17:52,41445.45,575,1801625
20221102,09:17:54,41446.05,350,1801625
20221102,09:17:55,41455.85,475,1801625
20221102,09:17:57,41446.00,250,1801625
20221102,09:17:58,41445.90,300,1801625
20221102,09:18:00,41442.35,450,1801625
20221102,09:18:02,41436.00,350,1801625
20221102,09:18:03,41430.00,325,1801625
20221102,09:18:05,41422.00,250,1801625
20221102,09:18:07,41420.65,725,1801625
20221102,09:18:08,41415.00,925,1801625
20221102,09:18:10,41410.50,1100,1801625
20221102,09:18:12,41426.15,925,1801625
20221102,09:18:13,41431.50,350,1801625
20221102,09:18:15,41424.90,675,1801625
20221102,09:18:16,41427.00,625,1801625
20221102,09:18:18,41416.30,500,1801625
20221102,09:18:20,41423.35,575,1801625
20221102,09:18:21,41412.05,650,1801625
20221102,09:18:23,41419.10,275,1801625
20221102,09:18:25,41410.00,450,1801625
20221102,09:18:26,41419.95,225,1801625
20221102,09:18:28,41423.85,200,1801625
20221102,09:18:29,41413.05,725,1801625
20221102,09:18:31,41407.00,775,1801625
20221102,09:18:33,41395.60,2400,1801625
20221102,09:18:34,41392.50,675,1801625
20221102,09:18:36,41407.30,225,1801625
20221102,09:18:38,41408.00,375,1801625
20221102,09:18:39,41407.30,275,1801625
20221102,09:18:41,41413.15,300,1801625
20221102,09:18:42,41416.55,475,1801625
20221102,09:18:44,41415.00,450,1801625
20221102,09:18:46,41410.35,225,1801625
20221102,09:18:47,41416.35,300,1801625
20221102,09:18:49,41419.70,475,1801625
20221102,09:18:51,41421.70,925,1801625
20221102,09:18:52,41425.00,225,1801625
20221102,09:18:54,41436.20,450,1801625
20221102,09:18:56,41433.50,125,1801625
20221102,09:18:57,41428.00,250,1801625
20221102,09:18:59,41428.70,100,1801625
20221102,09:19:01,41429.85,575,1801625
20221102,09:19:02,41424.00,150,1801625
20221102,09:19:04,41420.85,100,1801625
20221102,09:19:06,41425.50,300,1801625
20221102,09:19:07,41425.15,300,1801625
20221102,09:19:09,41421.25,700,1801625
20221102,09:19:11,41425.05,125,1801625
20221102,09:19:12,41425.00,150,1801625
20221102,09:19:14,41424.70,475,1801625
20221102,09:19:16,41422.10,50,1801625
20221102,09:19:17,41421.45,225,1801625
20221102,09:19:19,41429.80,500,1801625
20221102,09:19:21,41426.90,150,1801625
20221102,09:19:22,41419.50,100,1801625
20221102,09:19:24,41430.00,175,1801625
20221102,09:19:26,41440.00,250,1801625
20221102,09:19:27,41440.00,600,1801625
20221102,09:19:29,41449.00,225,1801625
20221102,09:19:31,41448.55,100,1801625
20221102,09:19:32,41440.00,100,1801625
20221102,09:19:34,41433.35,275,1801625
20221102,09:19:36,41440.00,225,1801625
20221102,09:19:37,41423.40,300,1801625
20221102,09:19:39,41420.00,225,1801625
20221102,09:19:41,41426.95,125,1801625
20221102,09:19:42,41432.25,350,1801625
20221102,09:19:44,41423.25,50,1801625
20221102,09:19:46,41415.10,275,1801625
20221102,09:19:47,41419.30,175,1801625
20221102,09:19:49,41420.75,200,1801625
20221102,09:19:51,41422.90,125,1801625
20221102,09:19:52,41420.00,500,1801625
20221102,09:19:54,41425.00,175,1801625
20221102,09:19:56,41425.00,125,1801625
20221102,09:19:57,41425.90,250,1801625
20221102,09:19:59,41425.00,175,1801625
20221102,09:20:01,41429.90,350,1801625
20221102,09:20:02,41436.05,700,1801625
20221102,09:20:04,41428.40,350,1801625
20221102,09:20:06,41431.50,50,1801625
20221102,09:20:07,41430.95,50,1801625
20221102,09:20:09,41435.20,75,1801625
20221102,09:20:11,41441.80,250,1801625
20221102,09:20:12,41435.10,275,1801625
20221102,09:20:14,41435.50,700,1801625
20221102,09:20:16,41432.35,200,1801625
20221102,09:20:17,41432.25,125,1801625
20221102,09:20:19,41432.90,175,1801625
20221102,09:20:21,41435.00,25,1801625
20221102,09:20:22,41432.00,200,1801625
20221102,09:20:24,41430.00,475,1801625
20221102,09:20:26,41427.80,350,1801625
20221102,09:20:27,41441.00,575,1801625
20221102,09:20:29,41435.60,500,1802000
20221102,09:20:31,41441.20,150,1802000
20221102,09:20:32,41449.00,200,1802000
20221102,09:20:34,41450.00,600,1802000
20221102,09:20:36,41451.65,400,1802000
20221102,09:20:37,41439.80,450,1802000
20221102,09:20:39,41438.90,775,1802000
20221102,09:20:41,41433.15,125,1802000
20221102,09:20:42,41441.70,25,1802000
20221102,09:20:44,41444.80,50,1802000
20221102,09:20:46,41444.50,125,1802000
20221102,09:20:47,41441.70,250,1802000
20221102,09:20:51,41443.45,125,1802000
20221102,09:20:52,41443.10,125,1802000
20221102,09:20:54,41452.00,425,1802000
20221102,09:20:56,41446.90,200,1802000
20221102,09:20:57,41452.10,200,1802000
20221102,09:20:59,41452.65,225,1802000
20221102,09:21:01,41460.85,1150,1802000
20221102,09:21:02,41461.60,200,1802000
20221102,09:21:04,41458.05,325,1802000
20221102,09:21:06,41464.95,250,1802000
20221102,09:21:07,41462.20,400,1802000
20221102,09:21:09,41460.00,125,1802000
20221102,09:21:11,41454.10,225,1802000
20221102,09:21:12,41462.40,1175,1802000
20221102,09:21:14,41457.50,100,1802000
20221102,09:21:16,41443.10,675,1802000
20221102,09:21:17,41446.05,50,1802000
20221102,09:21:19,41441.70,700,1802000
20221102,09:21:21,41443.00,700,1802000
20221102,09:21:22,41441.85,175,1802000
20221102,09:21:24,41435.00,675,1802000
20221102,09:21:26,41431.00,1000,1802000
20221102,09:21:27,41434.35,750,1802000
20221102,09:21:29,41432.15,175,1802000
20221102,09:21:31,41430.00,350,1802000
20221102,09:21:32,41423.15,850,1802000
20221102,09:21:34,41431.75,475,1802000
20221102,09:21:37,41431.00,75,1802000
20221102,09:21:39,41420.00,325,1802000
20221102,09:21:41,41421.80,75,1802000
20221102,09:21:42,41431.70,250,1802000
20221102,09:21:44,41432.80,250,1802000
20221102,09:21:46,41433.00,725,1802000
20221102,09:21:47,41438.55,425,1802000
20221102,09:21:49,41431.85,75,1802000
20221102,09:21:51,41436.05,450,1802000
20221102,09:21:52,41440.55,50,1802000
20221102,09:21:54,41431.85,125,1802000
20221102,09:21:56,41443.55,125,1802000
20221102,09:21:57,41440.75,625,1802000
20221102,09:21:59,41440.00,50,1802000
20221102,09:22:01,41434.15,375,1802000
20221102,09:22:02,41434.55,450,1802000
20221102,09:22:04,41430.10,125,1802000
20221102,09:22:06,41439.25,275,1802000
20221102,09:22:07,41433.50,75,1802000
20221102,09:22:09,41439.25,125,1802000
20221102,09:22:11,41438.85,25,1802000
20221102,09:22:12,41445.00,225,1802000
20221102,09:22:14,41440.00,25,1802000
20221102,09:22:16,41439.80,150,1802000
20221102,09:22:17,41443.75,200,1802000
20221102,09:22:19,41438.50,200,1802000
20221102,09:22:21,41445.65,125,1802000
20221102,09:22:22,41438.50,175,1802000
20221102,09:22:26,41439.75,50,1802000
20221102,09:22:27,41442.90,25,1802000
20221102,09:22:32,41439.55,75,1802000
20221102,09:22:34,41441.85,225,1802000
20221102,09:22:35,41439.00,100,1802000
20221102,09:22:37,41436.50,350,1802000
20221102,09:22:39,41432.55,25,1802000
20221102,09:22:42,41438.35,125,1802000
20221102,09:22:44,41435.80,100,1802000
20221102,09:22:45,41431.25,25,1802000
20221102,09:22:47,41435.00,25,1802000
20221102,09:22:49,41439.55,50,1802000
20221102,09:22:50,41436.50,50,1802000
20221102,09:22:52,41440.10,700,1802000
20221102,09:22:54,41441.60,75,1802000
20221102,09:22:57,41435.00,350,1802000
20221102,09:22:59,41440.80,100,1802000
20221102,09:23:00,41442.00,50,1802000
20221102,09:23:02,41440.10,25,1802000
20221102,09:23:03,41433.95,50,1802000
20221102,09:23:05,41439.55,200,1802000
20221102,09:23:07,41440.85,75,1802000
20221102,09:23:10,41445.00,50,1802000
20221102,09:23:12,41441.95,200,1802000
20221102,09:23:13,41441.95,25,1802000
20221102,09:23:15,41448.15,500,1802000
20221102,09:23:17,41453.05,575,1802000
20221102,09:23:18,41454.15,1100,1802000
20221102,09:23:20,41451.55,200,1802000
20221102,09:23:22,41452.50,100,1802000
20221102,09:23:23,41451.95,125,1802000
20221102,09:23:25,41451.30,125,1802000
20221102,09:23:27,41450.00,25,1802000
20221102,09:23:28,41442.65,375,1802000
20221102,09:23:30,41446.55,100,1801425
20221102,09:23:32,41455.00,400,1801425
20221102,09:23:33,41460.00,275,1801425
20221102,09:23:35,41452.10,50,1801425
20221102,09:23:37,41456.95,250,1801425
20221102,09:23:40,41460.00,1300,1801425
20221102,09:23:41,41460.80,125,1801425
20221102,09:23:43,41457.50,875,1801425
20221102,09:23:45,41463.25,75,1801425
20221102,09:23:46,41460.25,25,1801425
20221102,09:23:48,41459.45,75,1801425
20221102,09:23:51,41465.00,75,1801425
20221102,09:23:53,41468.35,550,1801425
20221102,09:23:55,41477.80,675,1801425
20221102,09:23:56,41476.85,250,1801425
20221102,09:23:58,41473.60,225,1801425
20221102,09:24:00,41468.10,100,1801425
20221102,09:24:01,41471.05,600,1801425
20221102,09:24:03,41461.15,375,1801425
20221102,09:24:05,41465.30,25,1801425
20221102,09:24:07,41467.05,200,1801425
20221102,09:24:08,41465.55,150,1801425
20221102,09:24:10,41465.00,175,1801425
20221102,09:24:12,41472.30,200,1801425
20221102,09:24:13,41470.55,225,1801425
20221102,09:24:15,41470.35,275,1801425
20221102,09:24:17,41465.00,50,1801425
20221102,09:24:18,41468.25,150,1801425
20221102,09:24:20,41474.90,1050,1801425
20221102,09:24:22,41473.15,350,1801425
20221102,09:24:23,41472.00,100,1801425
20221102,09:24:25,41467.35,425,1801425
20221102,09:24:27,41466.40,275,1801425
20221102,09:24:28,41475.00,1275,1801425
20221102,09:24:30,41482.00,925,1801425
20221102,09:24:32,41477.90,150,1801425
20221102,09:24:33,41489.25,400,1801425
20221102,09:24:35,41488.50,250,1801425
20221102,09:24:37,41488.85,250,1801425
20221102,09:24:38,41490.00,75,1801425
20221102,09:24:40,41485.95,125,1801425
20221102,09:24:42,41481.30,300,1801425
20221102,09:24:43,41490.00,650,1801425
20221102,09:24:45,41490.35,475,1801425
20221102,09:24:47,41487.70,300,1801425
20221102,09:24:48,41487.15,650,1801425
20221102,09:24:50,41494.85,150,1801425
20221102,09:24:51,41491.00,400,1801425
20221102,09:24:53,41494.50,325,1801425
20221102,09:24:55,41492.25,75,1801425
20221102,09:24:56,41496.55,175,1801425
20221102,09:24:58,41486.00,350,1801425
20221102,09:25:00,41488.80,175,1801425
20221102,09:25:01,41490.65,525,1801425
20221102,09:25:03,41484.30,100,1801425
20221102,09:25:05,41495.00,175,1801425
20221102,09:25:08,41487.50,25,1801425
20221102,09:25:10,41492.70,625,1801425
20221102,09:25:11,41487.50,75,1801425
20221102,09:25:13,41487.15,300,1801425
20221102,09:25:15,41482.05,150,1801425
20221102,09:25:16,41482.00,200,1801425
20221102,09:25:18,41481.00,75,1801425
20221102,09:25:20,41483.00,200,1801425
20221102,09:25:21,41482.10,525,1801425
20221102,09:25:23,41482.00,175,1801425
20221102,09:25:25,41488.15,25,1801425
20221102,09:25:26,41484.00,125,1801425
20221102,09:25:28,41477.00,425,1801425
20221102,09:25:30,41475.00,75,1801425
20221102,09:25:31,41470.05,200,1801425
20221102,09:25:33,41484.95,250,1801425
20221102,09:25:35,41480.45,250,1801425
20221102,09:25:36,41482.00,125,1801425
20221102,09:25:38,41486.00,175,1801425
20221102,09:25:40,41478.05,200,1801425
20221102,09:25:41,41489.20,825,1801425
20221102,09:25:43,41495.00,1350,1801425
20221102,09:25:44,41498.00,2075,1801425
20221102,09:25:46,41498.05,400,1801425
20221102,09:25:48,41503.40,175,1801425
20221102,09:25:49,41503.00,725,1801425
20221102,09:25:51,41508.30,1125,1801425
20221102,09:25:53,41507.70,650,1801425
20221102,09:25:54,41515.00,975,1801425
20221102,09:25:56,41515.10,475,1801425
20221102,09:25:57,41520.00,1300,1801425
20221102,09:25:59,41515.20,625,1801425
20221102,09:26:01,41519.05,300,1801425
20221102,09:26:02,41510.95,775,1801425
20221102,09:26:04,41513.45,325,1801425
20221102,09:26:06,41518.00,375,1801425
20221102,09:26:07,41517.35,375,1801425
20221102,09:26:09,41511.80,350,1801425
20221102,09:26:11,41517.35,50,1801425
20221102,09:26:12,41512.30,400,1801425
20221102,09:26:14,41512.00,275,1801425
20221102,09:26:16,41511.00,375,1801425
20221102,09:26:17,41517.00,275,1801425
20221102,09:26:19,41511.00,475,1801425
20221102,09:26:21,41517.20,25,1801425
20221102,09:26:22,41515.00,175,1801425
20221102,09:26:24,41507.85,175,1801425
20221102,09:26:26,41514.00,275,1801425
20221102,09:26:27,41509.90,25,1801425
20221102,09:26:29,41504.05,225,1801950
20221102,09:26:31,41511.65,50,1801950
20221102,09:26:32,41511.15,500,1801950
20221102,09:26:34,41505.80,200,1801950
20221102,09:26:36,41506.15,50,1801950
20221102,09:26:39,41505.45,175,1801950
20221102,09:26:41,41506.15,75,1801950
20221102,09:26:42,41508.10,25,1801950
20221102,09:26:44,41510.00,600,1801950
20221102,09:26:46,41510.00,125,1801950
20221102,09:26:47,41511.60,1700,1801950
20221102,09:26:49,41510.00,175,1801950
20221102,09:26:52,41515.00,50,1801950
20221102,09:26:54,41515.00,25,1801950
20221102,09:26:56,41508.10,125,1801950
20221102,09:26:57,41514.95,200,1801950
20221102,09:26:59,41515.00,175,1801950
20221102,09:27:01,41515.00,200,1801950
20221102,09:27:02,41519.95,775,1801950
20221102,09:27:04,41517.45,200,1801950
20221102,09:27:06,41511.65,75,1801950
20221102,09:27:07,41510.25,200,1801950
20221102,09:27:09,41508.00,25,1801950
20221102,09:27:11,41508.00,125,1801950
20221102,09:27:12,41506.15,200,1801950
20221102,09:27:14,41502.35,100,1801950
20221102,09:27:16,41501.05,125,1801950
20221102,09:27:17,41499.80,600,1801950
20221102,09:27:19,41493.45,150,1801950
20221102,09:27:21,41494.45,75,1801950
20221102,09:27:22,41497.05,400,1801950
20221102,09:27:24,41490.00,225,1801950
20221102,09:27:26,41488.40,2000,1801950
20221102,09:27:27,41484.10,100,1801950
20221102,09:27:29,41494.45,275,1801950
20221102,09:27:31,41488.20,300,1801950
20221102,09:27:32,41493.85,300,1801950
20221102,09:27:34,41496.05,3025,1801950
20221102,09:27:36,41505.00,125,1801950
20221102,09:27:37,41505.65,275,1801950
20221102,09:27:39,41512.00,300,1801950
20221102,09:27:41,41505.00,75,1801950
20221102,09:27:44,41505.00,350,1801950
20221102,09:27:45,41509.95,50,1801950
20221102,09:27:47,41508.40,150,1801950
20221102,09:27:49,41504.15,50,1801950
20221102,09:27:50,41505.30,75,1801950
20221102,09:27:52,41511.00,100,1801950
20221102,09:27:54,41514.70,550,1801950
20221102,09:27:55,41518.65,50,1801950
20221102,09:27:57,41509.10,325,1801950
20221102,09:27:58,41513.55,100,1801950
20221102,09:28:00,41509.50,50,1801950
20221102,09:28:02,41507.45,50,1801950
20221102,09:28:03,41510.00,50,1801950
20221102,09:28:07,41512.85,2025,1801950
20221102,09:28:08,41499.15,250,1801950
20221102,09:28:10,41507.40,100,1801950
20221102,09:28:11,41507.45,50,1801950
20221102,09:28:13,41507.45,225,1801950
20221102,09:28:16,41501.00,175,1801950
20221102,09:28:18,41497.70,225,1801950
20221102,09:28:20,41495.50,250,1801950
20221102,09:28:21,41506.90,250,1801950
20221102,09:28:23,41507.40,50,1801950
20221102,09:28:25,41503.60,125,1801950
20221102,09:28:26,41503.55,200,1801950
20221102,09:28:28,41507.00,150,1801950
20221102,09:28:29,41503.60,100,1801950
20221102,09:28:31,41503.55,75,1801950
20221102,09:28:34,41495.65,75,1801950
20221102,09:28:36,41497.70,25,1801950
20221102,09:28:37,41500.00,100,1801950
20221102,09:28:39,41491.05,200,1801950
20221102,09:28:41,41487.00,250,1801950
20221102,09:28:42,41485.25,325,1801950
20221102,09:28:44,41487.00,50,1801950
20221102,09:28:46,41485.10,250,1801950
20221102,09:28:47,41480.30,100,1801950
20221102,09:28:49,41483.05,675,1801950
20221102,09:28:51,41478.30,50,1801950
20221102,09:28:52,41483.05,350,1801950
20221102,09:28:54,41481.95,50,1801950
20221102,09:28:56,41489.00,300,1801950
20221102,09:28:58,41484.40,25,1801950
20221102,09:28:59,41482.70,150,1801950
20221102,09:29:01,41483.15,175,1801950
20221102,09:29:03,41484.10,225,1801950
20221102,09:29:04,41476.80,150,1801950
20221102,09:29:06,41476.30,425,1801950
20221102,09:29:08,41476.50,125,1801950
20221102,09:29:09,41480.00,125,1801950
20221102,09:29:11,41480.10,100,1801950
20221102,09:29:13,41480.10,75,1801950
20221102,09:29:14,41470.00,325,1801950
20221102,09:29:16,41469.60,125,1801950
20221102,09:29:18,41466.50,300,1801950
20221102,09:29:19,41467.05,325,1801950
20221102,09:29:21,41472.40,75,1801950
20221102,09:29:23,41468.00,125,1801950
20221102,09:29:24,41470.00,50,1801950
20221102,09:29:26,41471.80,175,1801950
20221102,09:29:27,41477.95,25,1801950
20221102,09:29:29,41476.15,75,1801950
20221102,09:29:31,41470.00,50,1806050
20221102,09:29:32,41475.40,50,1806050
20221102,09:29:34,41470.00,75,1806050
20221102,09:29:37,41470.00,75,1806050
20221102,09:29:39,41471.80,150,1806050
20221102,09:29:41,41470.05,50,1806050
20221102,09:29:42,41471.05,125,1806050
20221102,09:29:44,41471.05,25,1806050
20221102,09:29:45,41471.60,75,1806050
20221102,09:29:47,41472.60,75,1806050
20221102,09:29:49,41470.00,200,1806050
20221102,09:29:50,41460.15,400,1806050
20221102,09:29:52,41459.25,300,1806050
20221102,09:29:54,41461.75,75,1806050
20221102,09:29:55,41458.65,175,1806050
20221102,09:29:57,41452.00,175,1806050
20221102,09:29:59,41446.60,325,1806050
20221102,09:30:00,41452.45,900,1806050
20221102,09:30:02,41443.95,1025,1806050
20221102,09:30:03,41448.40,875,1806050
20221102,09:30:05,41450.00,150,1806050
20221102,09:30:07,41448.65,850,1806050
20221102,09:30:08,41447.50,400,1806050
20221102,09:30:10,41440.00,300,1806050
20221102,09:30:12,41442.35,425,1806050
20221102,09:30:13,41437.45,100,1806050
20221102,09:30:15,41434.00,300,1806050
20221102,09:30:17,41435.15,150,1806050
20221102,09:30:18,41432.00,250,1806050
20221102,09:30:20,41432.40,1900,1806050
20221102,09:30:22,41425.05,700,1806050
20221102,09:30:23,41425.65,225,1806050
20221102,09:30:25,41428.05,275,1806050
20221102,09:30:27,41432.50,100,1806050
20221102,09:30:28,41429.60,250,1806050
20221102,09:30:30,41433.10,300,1806050
20221102,09:30:32,41428.35,1050,1806050
20221102,09:30:33,41432.00,200,1806050
20221102,09:30:35,41430.00,75,1806050
20221102,09:30:37,41427.05,225,1806050
20221102,09:30:38,41422.00,75,1806050
20221102,09:30:40,41430.00,1075,1806050
20221102,09:30:42,41425.75,250,1806050
20221102,09:30:43,41427.25,175,1806050
20221102,09:30:45,41425.40,100,1806050
20221102,09:30:47,41430.00,25,1806050
20221102,09:30:48,41424.50,100,1806050
20221102,09:30:50,41420.15,500,1806050
20221102,09:30:52,41425.55,250,1806050
20221102,09:30:53,41425.00,350,1806050
20221102,09:30:55,41428.65,50,1806050
20221102,09:30:57,41429.65,25,1806050
20221102,09:30:58,41427.55,1250,1806050
20221102,09:31:00,41428.95,50,1806050
20221102,09:31:01,41425.00,275,1806050
20221102,09:31:03,41429.60,325,1806050
20221102,09:31:05,41430.05,250,1806050
20221102,09:31:07,41440.00,875,1806050
20221102,09:31:08,41439.70,50,1806050
20221102,09:31:10,41436.85,125,1806050
20221102,09:31:12,41430.00,50,1806050
20221102,09:31:13,41429.60,575,1806050
20221102,09:31:15,41428.00,100,1806050
20221102,09:31:16,41424.00,2825,1806050
20221102,09:31:18,41429.60,175,1806050
20221102,09:31:20,41433.05,200,1806050
20221102,09:31:21,41425.00,50,1806050
20221102,09:31:23,41425.00,1100,1806050
20221102,09:31:25,41422.05,675,1806050
20221102,09:31:26,41410.00,750,1806050
20221102,09:31:28,41408.15,1375,1806050
20221102,09:31:30,41408.50,900,1806050
20221102,09:31:31,41405.90,875,1806050
20221102,09:31:33,41401.00,825,1806050
20221102,09:31:35,41394.50,2700,1806050
20221102,09:31:36,41397.65,725,1806050
20221102,09:31:38,41400.00,2350,1806050
20221102,09:31:40,41400.00,225,1806050
20221102,09:31:41,41396.85,675,1806050
20221102,09:31:43,41395.00,250,1806050
20221102,09:31:45,41399.55,400,1806050
20221102,09:31:46,41408.80,475,1806050
20221102,09:31:48,41397.65,200,1806050
20221102,09:31:50,41399.00,25,1806050
20221102,09:31:51,41402.00,300,1806050
20221102,09:31:53,41402.45,125,1806050
20221102,09:31:55,41395.95,625,1806050
20221102,09:31:56,41393.05,675,1806050
20221102,09:31:58,41386.35,2750,1806050
20221102,09:32:00,41384.65,450,1806050
20221102,09:32:01,41384.15,1150,1806050
20221102,09:32:03,41395.90,750,1806050
20221102,09:32:05,41400.00,1075,1806050
20221102,09:32:06,41395.85,175,1806050
20221102,09:32:08,41395.70,425,1806050
20221102,09:32:10,41392.60,525,1806050
20221102,09:32:11,41395.70,75,1806050
20221102,09:32:13,41400.00,325,1806050
20221102,09:32:15,41396.55,250,1806050
20221102,09:32:16,41395.70,150,1806050
20221102,09:32:18,41395.00,75,1806050
20221102,09:32:20,41400.00,500,1806050
20221102,09:32:21,41395.55,325,1806050
20221102,09:32:23,41395.00,150,1806050
20221102,09:32:25,41398.90,200,1806050
20221102,09:32:26,41393.75,300,1806050
20221102,09:32:28,41392.95,600,1806050
20221102,09:32:30,41394.45,225,1806050
20221102,09:32:31,41399.85,675,1806050
20221102,09:32:33,41401.75,100,1808350
20221102,09:32:35,41407.30,150,1808350
20221102,09:32:36,41407.30,200,1808350
20221102,09:32:38,41411.20,450,1808350
20221102,09:32:40,41419.00,375,1808350
20221102,09:32:41,41416.05,250,1808350
20221102,09:32:43,41411.15,125,1808350
20221102,09:32:45,41417.80,125,1808350
20221102,09:32:46,41412.55,275,1808350
20221102,09:32:48,41419.85,650,1808350
20221102,09:32:50,41416.30,250,1808350
20221102,09:32:51,41418.00,100,1808350
20221102,09:32:53,41419.85,650,1808350
20221102,09:32:55,41419.85,100,1808350
20221102,09:32:56,41428.05,700,1808350
20221102,09:32:58,41429.10,125,1808350
20221102,09:33:00,41436.30,925,1808350
20221102,09:33:01,41434.75,100,1808350
20221102,09:33:03,41430.10,125,1808350
20221102,09:33:05,41432.20,325,1808350
20221102,09:33:06,41436.45,275,1808350
20221102,09:33:08,41437.95,750,1808350
20221102,09:33:10,41443.90,975,1808350
20221102,09:33:11,41440.00,100,1808350
20221102,09:33:13,41443.70,150,1808350
20221102,09:33:15,41438.90,675,1808350
20221102,09:33:16,41442.65,650,1808350
20221102,09:33:18,41444.20,675,1808350
20221102,09:33:20,41440.85,100,1808350
20221102,09:33:22,41438.65,175,1808350
20221102,09:33:23,41435.10,50,1808350
20221102,09:33:25,41438.70,100,1808350
20221102,09:33:27,41443.55,50,1808350
20221102,09:33:28,41441.85,50,1808350
20221102,09:33:30,41449.95,600,1808350
20221102,09:33:32,41442.00,200,1808350
20221102,09:33:33,41447.30,125,1808350
20221102,09:33:35,41449.00,250,1808350
20221102,09:33:37,41449.00,200,1808350
20221102,09:33:38,41448.20,175,1808350
20221102,09:33:40,41450.00,175,1808350
20221102,09:33:41,41443.55,725,1808350
20221102,09:33:43,41449.05,75,1808350
20221102,09:33:45,41440.05,325,1808350
20221102,09:33:46,41444.85,25,1808350
20221102,09:33:48,41438.45,275,1808350
20221102,09:33:50,41443.95,75,1808350
20221102,09:33:51,41443.95,225,1808350
20221102,09:33:53,41443.50,25,1808350
20221102,09:33:55,41437.60,175,1808350
20221102,09:33:56,41430.45,400,1808350
20221102,09:33:58,41434.30,25,1808350
20221102,09:34:01,41433.00,350,1808350
20221102,09:34:03,41435.95,225,1808350
20221102,09:34:05,41427.80,125,1808350
20221102,09:34:06,41430.00,125,1808350
20221102,09:34:08,41434.70,375,1808350
20221102,09:34:10,41437.90,675,1808350
20221102,09:34:11,41436.60,300,1808350
20221102,09:34:13,41437.15,75,1808350
20221102,09:34:15,41435.00,150,1808350
20221102,09:34:16,41431.85,200,1808350
20221102,09:34:18,41432.60,25,1808350
20221102,09:34:21,41431.75,100,1808350
20221102,09:34:23,41436.30,50,1808350
20221102,09:34:25,41435.40,50,1808350
20221102,09:34:26,41435.00,250,1808350
20221102,09:34:28,41432.20,100,1808350
20221102,09:34:30,41433.90,200,1808350
20221102,09:34:31,41431.05,500,1808350
20221102,09:34:33,41436.75,125,1808350
20221102,09:34:34,41433.40,25,1808350
20221102,09:34:36,41430.00,50,1808350
20221102,09:34:38,41433.10,75,1808350
20221102,09:34:41,41433.10,275,1808350
20221102,09:34:43,41433.40,225,1808350
20221102,09:34:44,41440.00,200,1808350
20221102,09:34:46,41440.00,125,1808350
20221102,09:34:49,41445.05,250,1808350
20221102,09:34:51,41449.00,175,1808350
20221102,09:34:53,41445.45,25,1808350
20221102,09:34:54,41448.55,600,1808350
20221102,09:34:56,41447.40,25,1808350
20221102,09:34:59,41436.50,25,1808350
20221102,09:35:01,41438.00,100,1808350
20221102,09:35:02,41433.35,100,1808350
20221102,09:35:04,41441.65,125,1808350
20221102,09:35:06,41434.10,75,1808350
20221102,09:35:11,41435.15,150,1808350
20221102,09:35:12,41434.10,50,1808350
20221102,09:35:14,41432.00,50,1808350
20221102,09:35:16,41433.20,250,1808350
20221102,09:35:17,41430.00,75,1808350
20221102,09:35:19,41428.15,100,1808350
20221102,09:35:21,41428.20,150,1808350
20221102,09:35:22,41430.00,125,1808350
20221102,09:35:24,41431.55,400,1808350
20221102,09:35:26,41433.35,125,1808350
20221102,09:35:27,41442.65,225,1808350
20221102,09:35:31,41435.25,300,1808350
20221102,09:35:32,41431.55,75,1809600
20221102,09:35:34,41428.30,325,1809600
20221102,09:35:36,41420.00,400,1809600
20221102,09:35:37,41418.00,50,1809600
20221102,09:35:39,41426.45,125,1809600
20221102,09:35:41,41427.05,150,1809600
20221102,09:35:42,41427.45,75,1809600
20221102,09:35:44,41426.45,125,1809600
20221102,09:35:46,41421.15,75,1809600
20221102,09:35:47,41427.70,50,1809600
20221102,09:35:49,41427.90,325,1809600
20221102,09:35:52,41423.55,100,1809600
20221102,09:35:54,41420.40,25,1809600
20221102,09:35:56,41429.15,150,1809600
20221102,09:35:57,41432.90,475,1809600
20221102,09:35:59,41435.25,75,1809600
20221102,09:36:01,41439.95,75,1809600
20221102,09:36:02,41437.60,525,1809600
20221102,09:36:04,41438.90,25,1809600
20221102,09:36:06,41439.65,25,1809600
20221102,09:36:07,41438.00,100,1809600
20221102,09:36:09,41436.20,600,1809600
20221102,09:36:11,41442.00,125,1809600
20221102,09:36:12,41444.15,125,1809600
20221102,09:36:14,41442.50,150,1809600
20221102,09:36:16,41440.00,350,1809600
20221102,09:36:17,41439.10,275,1809600
20221102,09:36:19,41440.00,250,1809600
20221102,09:36:22,41439.10,150,1809600
20221102,09:36:26,41445.00,350,1809600
20221102,09:36:27,41442.00,25,1809600
20221102,09:36:30,41436.05,125,1809600
20221102,09:36:32,41433.50,225,1809600
20221102,09:36:34,41435.95,50,1809600
20221102,09:36:37,41436.00,75,1809600
20221102,09:36:39,41431.85,50,1809600
20221102,09:36:40,41436.70,375,1809600
20221102,09:36:42,41439.35,225,1809600
20221102,09:36:44,41444.00,175,1809600
20221102,09:36:45,41450.00,700,1809600
20221102,09:36:47,41460.00,2000,1809600
20221102,09:36:49,41454.00,125,1809600
20221102,09:36:50,41460.00,225,1809600
20221102,09:36:52,41454.55,200,1809600
20221102,09:36:54,41459.00,350,1809600
20221102,09:36:55,41456.60,200,1809600
20221102,09:36:57,41459.70,400,1809600
20221102,09:36:59,41463.85,700,1809600
20221102,09:37:00,41461.65,250,1809600
20221102,09:37:02,41470.00,150,1809600
20221102,09:37:04,41463.85,375,1809600
20221102,09:37:05,41464.55,200,1809600
20221102,09:37:07,41460.00,575,1809600
20221102,09:37:09,41465.10,125,1809600
20221102,09:37:10,41470.80,375,1809600
20221102,09:37:12,41469.40,200,1809600
20221102,09:37:14,41475.00,200,1809600
20221102,09:37:15,41465.50,225,1809600
20221102,09:37:17,41472.20,1025,1809600
20221102,09:37:19,41477.15,150,1809600
20221102,09:37:20,41473.30,250,1809600
20221102,09:37:22,41478.00,100,1809600
20221102,09:37:24,41477.00,25,1809600
20221102,09:37:27,41478.00,450,1809600
20221102,09:37:29,41477.15,1350,1809600
20221102,09:37:30,41474.05,175,1809600
20221102,09:37:32,41483.75,1025,1809600
20221102,09:37:34,41477.00,250,1809600
20221102,09:37:35,41481.50,150,1809600
20221102,09:37:37,41481.50,100,1809600
20221102,09:37:39,41481.60,125,1809600
20221102,09:37:41,41473.20,250,1809600
20221102,09:37:42,41472.95,25,1809600
20221102,09:37:44,41473.25,100,1809600
20221102,09:37:46,41473.45,125,1809600
20221102,09:37:47,41474.25,50,1809600
20221102,09:37:49,41480.00,275,1809600
20221102,09:37:51,41477.95,225,1809600
20221102,09:37:52,41480.05,350,1809600
20221102,09:37:54,41482.00,100,1809600
20221102,09:37:56,41484.75,1150,1809600
20221102,09:37:57,41485.80,200,1809600
20221102,09:37:59,41483.10,300,1809600
20221102,09:38:01,41490.00,625,1809600
20221102,09:38:02,41490.10,475,1809600
20221102,09:38:04,41495.00,1025,1809600
20221102,09:38:06,41492.05,125,1809600
20221102,09:38:07,41490.00,825,1809600
20221102,09:38:09,41489.00,1050,1809600
20221102,09:38:11,41477.95,250,1809600
20221102,09:38:12,41477.95,50,1809600
20221102,09:38:14,41476.35,1125,1809600
20221102,09:38:16,41475.85,150,1809600
20221102,09:38:17,41476.35,300,1809600
20221102,09:38:19,41482.65,100,1809600
20221102,09:38:21,41480.65,50,1809600
20221102,09:38:22,41478.10,125,1809600
20221102,09:38:24,41482.10,25,1809600
20221102,09:38:27,41479.95,25,1809600
20221102,09:38:29,41486.05,200,1809600
20221102,09:38:31,41480.45,75,1809600
20221102,09:38:32,41476.80,400,1806300
20221102,09:38:34,41484.60,975,1806300
20221102,09:38:36,41475.50,150,1806300
20221102,09:38:37,41478.80,50,1806300
20221102,09:38:39,41468.15,550,1806300
20221102,09:38:41,41463.90,100,1806300
20221102,09:38:42,41462.65,25,1806300
20221102,09:38:44,41462.00,425,1806300
20221102,09:38:46,41462.70,150,1806300
20221102,09:38:47,41462.50,125,1806300
20221102,09:38:49,41468.55,25,1806300
20221102,09:38:51,41460.00,550,1806300
20221102,09:38:52,41460.15,125,1806300
20221102,09:38:54,41456.00,25,1806300
20221102,09:38:56,41459.00,50,1806300
20221102,09:38:57,41455.00,100,1806300
20221102,09:38:59,41456.45,75,1806300
20221102,09:39:01,41460.55,400,1806300
20221102,09:39:02,41462.45,175,1806300
20221102,09:39:04,41466.35,375,1806300
20221102,09:39:06,41464.05,275,1806300
20221102,09:39:07,41467.95,375,1806300
20221102,09:39:09,41464.40,50,1806300
20221102,09:39:11,41470.00,125,1806300
20221102,09:39:12,41473.20,75,1806300
20221102,09:39:14,41471.65,50,1806300
20221102,09:39:15,41471.80,100,1806300
20221102,09:39:17,41468.65,475,1806300
20221102,09:39:19,41475.45,25,1806300
20221102,09:39:20,41475.75,50,1806300
20221102,09:39:22,41471.80,50,1806300
20221102,09:39:24,41471.85,50,1806300
20221102,09:39:25,41472.55,50,1806300
20221102,09:39:27,41472.15,125,1806300
20221102,09:39:29,41478.80,75,1806300
20221102,09:39:30,41479.40,950,1806300
20221102,09:39:32,41480.00,275,1806300
20221102,09:39:34,41480.10,300,1806300
20221102,09:39:35,41484.25,75,1806300
20221102,09:39:37,41485.30,125,1806300
20221102,09:39:39,41486.05,250,1806300
20221102,09:39:40,41482.75,700,1806300
20221102,09:39:42,41485.75,200,1806300
20221102,09:39:44,41485.75,225,1806300
20221102,09:39:45,41487.25,75,1806300
20221102,09:39:47,41478.15,375,1806300
20221102,09:39:49,41475.00,275,1806300
20221102,09:39:50,41473.55,25,1806300
20221102,09:39:52,41475.75,25,1806300
20221102,09:39:56,41472.35,25,1806300
20221102,09:39:57,41479.90,75,1806300
20221102,09:39:59,41475.75,75,1806300
20221102,09:40:01,41472.00,100,1806300
20221102,09:40:02,41471.50,150,1806300
20221102,09:40:04,41472.15,225,1806300
20221102,09:40:06,41468.30,25,1806300
20221102,09:40:07,41470.00,250,1806300
20221102,09:40:09,41469.10,50,1806300
20221102,09:40:11,41470.00,325,1806300
20221102,09:40:14,41479.35,250,1806300
20221102,09:40:16,41480.00,150,1806300
20221102,09:40:17,41478.35,275,1806300
20221102,09:40:19,41478.80,25,1806300
20221102,09:40:21,41473.70,75,1806300
20221102,09:40:22,41475.30,25,1806300
20221102,09:40:24,41477.40,325,1806300
20221102,09:40:27,41479.25,125,1806300
20221102,09:40:29,41479.25,75,1806300
20221102,09:40:31,41479.30,175,1806300
20221102,09:40:32,41480.80,325,1806300
20221102,09:40:34,41480.00,25,1806300
20221102,09:40:36,41480.65,700,1806300
20221102,09:40:37,41479.35,275,1806300
20221102,09:40:39,41483.00,100,1806300
20221102,09:40:40,41481.00,100,1806300
20221102,09:40:42,41481.00,125,1806300
20221102,09:40:44,41485.25,25,1806300
20221102,09:40:45,41488.60,475,1806300
20221102,09:40:49,41485.05,175,1806300
20221102,09:40:50,41485.05,50,1806300
20221102,09:40:52,41482.10,75,1806300
20221102,09:40:54,41475.00,1575,1806300
20221102,09:40:55,41480.00,25,1806300
20221102,09:40:57,41477.00,50,1806300
20221102,09:40:59,41477.00,250,1806300
20221102,09:41:00,41479.80,325,1806300
20221102,09:41:02,41479.30,100,1806300
20221102,09:41:04,41477.90,25,1806300
20221102,09:41:05,41485.05,100,1806300
20221102,09:41:07,41490.00,550,1806300
20221102,09:41:09,41486.00,350,1806300
20221102,09:41:10,41489.80,25,1806300
20221102,09:41:12,41487.25,75,1806300
20221102,09:41:14,41493.70,225,1806300
20221102,09:41:15,41493.45,50,1806300
20221102,09:41:17,41495.55,475,1806300
20221102,09:41:19,41493.70,175,1806300
20221102,09:41:20,41486.70,175,1806300
20221102,09:41:22,41487.05,375,1806300
20221102,09:41:24,41485.00,700,1806300
20221102,09:41:25,41483.65,1000,1806300
20221102,09:41:27,41477.00,1050,1806300
20221102,09:41:29,41481.05,100,1806300
20221102,09:41:30,41476.35,25,1806300
20221102,09:41:32,41476.40,75,1805975
20221102,09:41:34,41472.00,325,1805975
20221102,09:41:35,41471.00,100,1805975
20221102,09:41:37,41470.00,150,1805975
20221102,09:41:39,41469.10,150,1805975
20221102,09:41:40,41467.00,100,1805975
20221102,09:41:42,41467.45,50,1805975
20221102,09:41:47,41467.75,275,1805975
20221102,09:41:49,41472.95,150,1805975
20221102,09:41:50,41480.00,125,1805975
20221102,09:41:52,41478.40,25,1805975
20221102,09:41:55,41479.40,75,1805975
20221102,09:41:57,41469.25,150,1805975
20221102,09:41:59,41468.75,25,1805975
20221102,09:42:00,41473.95,25,1805975
20221102,09:42:02,41470.00,50,1805975
20221102,09:42:04,41467.65,150,1805975
20221102,09:42:05,41470.25,125,1805975
20221102,09:42:07,41473.45,25,1805975
20221102,09:42:09,41472.25,100,1805975
20221102,09:42:10,41472.95,125,1805975
20221102,09:42:12,41470.35,175,1805975
20221102,09:42:14,41470.35,75,1805975
20221102,09:42:15,41470.35,25,1805975
20221102,09:42:17,41472.40,25,1805975
20221102,09:42:19,41474.45,175,1805975
20221102,09:42:20,41472.15,125,1805975
20221102,09:42:22,41470.00,450,1805975
20221102,09:42:24,41468.00,25,1805975
20221102,09:42:25,41466.10,25,1805975
20221102,09:42:27,41471.25,100,1805975
20221102,09:42:29,41478.00,250,1805975
20221102,09:42:32,41475.30,25,1805975
20221102,09:42:34,41472.60,50,1805975
20221102,09:42:35,41473.20,50,1805975
20221102,09:42:37,41476.00,325,1805975
20221102,09:42:40,41480.00,200,1805975
20221102,09:42:42,41480.65,25,1805975
20221102,09:42:43,41480.35,100,1805975
20221102,09:42:45,41480.00,175,1805975
20221102,09:42:47,41480.05,25,1805975
20221102,09:42:48,41480.30,75,1805975
20221102,09:42:50,41480.10,50,1805975
20221102,09:42:52,41478.20,725,1805975
20221102,09:42:53,41478.45,25,1805975
20221102,09:42:55,41476.25,50,1805975
20221102,09:42:57,41472.25,75,1805975
20221102,09:42:58,41473.05,50,1805975
20221102,09:43:00,41473.85,50,1805975
20221102,09:43:03,41478.45,175,1805975
20221102,09:43:05,41478.45,75,1805975
20221102,09:43:06,41482.20,1700,1805975
20221102,09:43:08,41484.60,100,1805975
20221102,09:43:10,41480.05,25,1805975
20221102,09:43:13,41482.35,50,1805975
20221102,09:43:15,41480.55,125,1805975
20221102,09:43:16,41480.60,100,1805975
20221102,09:43:18,41481.25,50,1805975
20221102,09:43:20,41486.70,150,1805975
20221102,09:43:21,41488.95,150,1805975
20221102,09:43:23,41483.70,300,1805975
20221102,09:43:26,41481.95,575,1805975
20221102,09:43:28,41474.05,375,1805975
20221102,09:43:30,41475.25,25,1805975
20221102,09:43:31,41480.00,125,1805975
20221102,09:43:33,41483.85,150,1805975
20221102,09:43:35,41487.00,175,1805975
20221102,09:43:36,41489.15,125,1805975
20221102,09:43:38,41490.95,175,1805975
20221102,09:43:40,41492.15,325,1805975
20221102,09:43:41,41494.00,225,1805975
20221102,09:43:43,41494.00,25,1805975
20221102,09:43:45,41494.80,50,1805975
20221102,09:43:46,41495.00,125,1805975
20221102,09:43:48,41495.00,925,1805975
20221102,09:43:50,41495.60,275,1805975
20221102,09:43:51,41496.30,75,1805975
20221102,09:43:53,41496.30,75,1805975
20221102,09:43:55,41499.00,925,1805975
20221102,09:43:56,41499.00,25,1805975
20221102,09:43:58,41496.35,75,1805975
20221102,09:44:00,41497.95,8025,1805975
20221102,09:44:01,41500.75,400,1805975
20221102,09:44:03,41499.95,575,1805975
20221102,09:44:05,41494.00,225,1805975
20221102,09:44:08,41490.00,50,1805975
20221102,09:44:10,41495.85,350,1805975
20221102,09:44:11,41495.95,75,1805975
20221102,09:44:15,41491.80,25,1805975
20221102,09:44:16,41494.00,100,1805975
20221102,09:44:18,41492.90,50,1805975
20221102,09:44:20,41493.15,50,1805975
20221102,09:44:21,41494.20,50,1805975
20221102,09:44:23,41494.60,300,1805975
20221102,09:44:25,41490.85,375,1805975
20221102,09:44:26,41494.20,25,1805975
20221102,09:44:28,41492.60,75,1805975
20221102,09:44:30,41494.30,250,1805975
20221102,09:44:31,41494.20,75,1805975
20221102,09:44:33,41494.20,25,1805675
20221102,09:44:35,41492.70,50,1805675
20221102,09:44:36,41496.00,2775,1805675
20221102,09:44:38,41498.00,150,1805675
20221102,09:44:39,41500.00,375,1805675
20221102,09:44:41,41500.45,75,1805675
20221102,09:44:43,41505.00,125,1805675
20221102,09:44:44,41506.65,375,1805675
20221102,09:44:46,41502.50,75,1805675
20221102,09:44:48,41498.30,250,1805675
20221102,09:44:49,41502.95,325,1805675
20221102,09:44:53,41506.50,125,1805675
20221102,09:44:54,41509.95,475,1805675
20221102,09:44:56,41504.55,525,1805675
20221102,09:44:58,41506.35,200,1805675
20221102,09:44:59,41504.30,600,1805675
20221102,09:45:01,41509.35,1600,1805675
20221102,09:45:03,41522.00,2975,1805675
20221102,09:45:04,41527.20,5625,1805675
20221102,09:45:06,41529.00,1200,1805675
20221102,09:45:08,41534.35,3500,1805675
20221102,09:45:09,41543.95,4300,1805675
20221102,09:45:11,41547.90,600,1805675
20221102,09:45:13,41543.55,675,1805675
20221102,09:45:14,41540.00,900,1805675
20221102,09:45:16,41541.40,300,1805675
20221102,09:45:18,41537.10,975,1805675
20221102,09:45:19,41546.40,325,1805675
20221102,09:45:21,41545.00,675,1805675
20221102,09:45:23,41543.00,600,1805675
20221102,09:45:24,41542.10,1750,1805675
20221102,09:45:26,41540.00,375,1805675
20221102,09:45:28,41540.00,125,1805675
20221102,09:45:29,41540.00,100,1805675
20221102,09:45:31,41539.40,1425,1805675
20221102,09:45:33,41535.75,200,1805675
20221102,09:45:34,41532.15,200,1805675
20221102,09:45:36,41529.25,200,1805675
20221102,09:45:37,41525.00,200,1805675
20221102,09:45:39,41531.85,125,1805675
20221102,09:45:41,41529.25,150,1805675
20221102,09:45:42,41530.70,50,1805675
20221102,09:45:44,41531.55,450,1805675
20221102,09:45:46,41538.70,275,1805675
20221102,09:45:47,41538.80,250,1805675
20221102,09:45:49,41533.80,575,1805675
20221102,09:45:51,41531.15,100,1805675
20221102,09:45:52,41530.00,300,1805675
20221102,09:45:54,41535.45,400,1805675
20221102,09:45:56,41533.50,150,1805675
20221102,09:45:57,41528.70,125,1805675
20221102,09:45:59,41527.25,25,1805675
20221102,09:46:01,41529.65,75,1805675
20221102,09:46:02,41534.95,275,1805675
20221102,09:46:04,41535.25,200,1805675
20221102,09:46:06,41533.15,175,1805675
20221102,09:46:07,41530.00,175,1805675
20221102,09:46:09,41534.50,150,1805675
20221102,09:46:11,41534.70,25,1805675
20221102,09:46:12,41534.00,250,1805675
20221102,09:46:14,41532.00,475,1805675
20221102,09:46:16,41534.70,200,1805675
20221102,09:46:17,41533.00,150,1805675
20221102,09:46:19,41535.00,150,1805675
20221102,09:46:22,41533.00,100,1805675
20221102,09:46:24,41534.00,725,1805675
20221102,09:46:26,41537.50,175,1805675
20221102,09:46:28,41535.00,225,1805675
20221102,09:46:29,41540.95,1250,1805675
20221102,09:46:31,41545.00,975,1805675
20221102,09:46:33,41544.60,950,1805675
20221102,09:46:34,41535.00,1250,1805675
20221102,09:46:36,41534.40,1875,1805675
20221102,09:46:37,41533.55,1075,1805675
20221102,09:46:39,41530.00,1050,1805675
20221102,09:46:41,41530.75,1275,1805675
20221102,09:46:42,41538.90,1450,1805675
20221102,09:46:44,41533.15,100,1805675
20221102,09:46:46,41541.60,1475,1805675
20221102,09:46:47,41533.45,50,1805675
20221102,09:46:49,41534.15,225,1805675
20221102,09:46:51,41536.70,1075,1805675
20221102,09:46:52,41535.00,75,1805675
20221102,09:46:54,41535.00,175,1805675
20221102,09:46:56,41530.20,50,1805675
20221102,09:46:57,41530.00,1100,1805675
20221102,09:46:59,41528.25,50,1805675
20221102,09:47:01,41525.00,200,1805675
20221102,09:47:02,41528.00,375,1805675
20221102,09:47:04,41530.10,125,1805675
20221102,09:47:06,41531.30,525,1805675
20221102,09:47:09,41525.00,25,1805675
20221102,09:47:11,41527.00,25,1805675
20221102,09:47:12,41520.00,350,1805675
20221102,09:47:14,41521.40,75,1805675
20221102,09:47:16,41520.15,50,1805675
20221102,09:47:17,41520.00,100,1805675
20221102,09:47:19,41520.25,400,1805675
20221102,09:47:20,41520.00,750,1805675
20221102,09:47:22,41524.85,500,1805675
20221102,09:47:25,41521.45,50,1805675
20221102,09:47:27,41521.25,125,1805675
20221102,09:47:29,41525.20,175,1805675
20221102,09:47:30,41525.20,25,1805675
20221102,09:47:32,41527.00,175,1805675
20221102,09:47:34,41530.00,300,1800100
20221102,09:47:35,41529.40,475,1800100
20221102,09:47:37,41525.20,425,1800100
20221102,09:47:39,41526.25,225,1800100
20221102,09:47:40,41525.20,75,1800100
20221102,09:47:42,41525.20,200,1800100
20221102,09:47:43,41525.60,300,1800100
20221102,09:47:45,41521.05,175,1800100
20221102,09:47:47,41520.20,25,1800100
20221102,09:47:48,41520.20,50,1800100
20221102,09:47:50,41520.00,1200,1800100
20221102,09:47:52,41513.95,275,1800100
20221102,09:47:53,41516.60,75,1800100
20221102,09:47:55,41516.05,150,1800100
20221102,09:47:57,41519.00,100,1800100
20221102,09:48:00,41520.40,175,1800100
20221102,09:48:02,41525.20,500,1800100
20221102,09:48:03,41529.25,875,1800100
20221102,09:48:05,41528.60,50,1800100
20221102,09:48:07,41535.00,75,1800100
20221102,09:48:08,41536.70,100,1800100
20221102,09:48:10,41545.00,750,1800100
20221102,09:48:12,41548.50,1225,1800100
20221102,09:48:13,41547.90,500,1800100
20221102,09:48:15,41546.15,550,1800100
20221102,09:48:17,41548.00,25,1800100
20221102,09:48:18,41546.25,475,1800100
20221102,09:48:20,41547.25,200,1800100
20221102,09:48:22,41547.10,275,1800100
20221102,09:48:23,41551.55,6175,1800100
20221102,09:48:25,41552.65,700,1800100
20221102,09:48:27,41550.00,25,1800100
20221102,09:48:28,41543.35,325,1800100
20221102,09:48:30,41549.70,75,1800100
20221102,09:48:32,41548.90,300,1800100
20221102,09:48:33,41550.10,125,1800100
20221102,09:48:35,41556.15,725,1800100
20221102,09:48:37,41551.80,325,1800100
20221102,09:48:38,41556.15,300,1800100
20221102,09:48:40,41560.05,3000,1800100
20221102,09:48:42,41560.30,875,1800100
20221102,09:48:43,41561.90,350,1800100
20221102,09:48:45,41561.70,450,1800100
20221102,09:48:47,41559.95,75,1800100
20221102,09:48:48,41557.40,450,1800100
20221102,09:48:50,41556.45,1050,1800100
20221102,09:48:52,41551.05,50,1800100
20221102,09:48:53,41554.90,1550,1800100
20221102,09:48:55,41548.90,75,1800100
20221102,09:48:57,41549.95,75,1800100
20221102,09:48:58,41550.95,200,1800100
20221102,09:49:00,41546.55,100,1800100
20221102,09:49:02,41548.55,125,1800100
20221102,09:49:03,41550.15,200,1800100
20221102,09:49:05,41546.60,900,1800100
20221102,09:49:07,41549.70,475,1800100
20221102,09:49:08,41548.35,75,1800100
20221102,09:49:10,41546.55,150,1800100
20221102,09:49:12,41546.50,250,1800100
20221102,09:49:13,41548.55,250,1800100
20221102,09:49:15,41550.20,375,1800100
20221102,09:49:17,41550.15,175,1800100
20221102,09:49:18,41548.90,50,1800100
20221102,09:49:20,41545.90,100,1800100
20221102,09:49:22,41539.10,1175,1800100
20221102,09:49:23,41542.05,100,1800100
20221102,09:49:25,41541.35,50,1800100
20221102,09:49:27,41540.35,25,1800100
20221102,09:49:28,41540.65,100,1800100
20221102,09:49:30,41544.20,50,1800100
20221102,09:49:32,41540.00,25,1800100
20221102,09:49:33,41544.90,75,1800100
20221102,09:49:35,41540.00,175,1800100
20221102,09:49:37,41538.65,150,1800100
20221102,09:49:38,41536.20,150,1800100
20221102,09:49:42,41538.90,50,1800100
20221102,09:49:43,41535.20,425,1800100
20221102,09:49:47,41530.20,225,1800100
20221102,09:49:48,41530.00,50,1800100
20221102,09:49:50,41527.10,75,1800100
20221102,09:49:52,41529.00,100,1800100
20221102,09:49:53,41531.30,175,1800100
20221102,09:49:55,41535.15,100,1800100
20221102,09:49:57,41537.00,350,1800100
20221102,09:49:58,41540.40,200,1800100
20221102,09:50:00,41541.50,225,1800100
20221102,09:50:02,41544.95,300,1800100
20221102,09:50:03,41543.35,625,1800100
20221102,09:50:05,41542.55,450,1800100
20221102,09:50:07,41535.30,150,1800100
20221102,09:50:08,41531.20,400,1800100
20221102,09:50:10,41530.10,75,1800100
20221102,09:50:12,41525.00,200,1800100
20221102,09:50:13,41524.40,575,1800100
20221102,09:50:15,41517.15,25,1800100
20221102,09:50:17,41523.90,250,1800100
20221102,09:50:18,41519.60,375,1800100
20221102,09:50:20,41516.60,200,1800100
20221102,09:50:22,41515.20,275,1800100
20221102,09:50:23,41515.20,50,1800100
20221102,09:50:25,41513.05,425,1800100
20221102,09:50:27,41519.85,425,1800100
20221102,09:50:28,41516.45,225,1800100
20221102,09:50:30,41521.70,175,1800100
20221102,09:50:32,41516.00,225,1800100
20221102,09:50:33,41516.00,225,1798775
20221102,09:50:35,41515.20,100,1798775
20221102,09:50:37,41519.20,125,1798775
20221102,09:50:38,41511.55,600,1798775
20221102,09:50:40,41518.60,350,1798775
20221102,09:50:42,41516.75,500,1798775
20221102,09:50:43,41519.85,75,1798775
20221102,09:50:45,41522.00,250,1798775
20221102,09:50:47,41515.20,375,1798775
20221102,09:50:48,41520.30,75,1798775
20221102,09:50:52,41511.00,225,1798775
20221102,09:50:54,41516.10,75,1798775
20221102,09:50:55,41512.25,75,1798775
20221102,09:50:57,41511.00,100,1798775
20221102,09:50:59,41511.35,450,1798775
20221102,09:51:00,41510.90,100,1798775
20221102,09:51:02,41510.00,300,1798775
20221102,09:51:04,41507.90,400,1798775
20221102,09:51:05,41511.00,125,1798775
20221102,09:51:07,41510.20,225,1798775
20221102,09:51:09,41505.15,125,1798775
20221102,09:51:10,41505.35,1125,1798775
20221102,09:51:12,41510.35,625,1798775
20221102,09:51:13,41510.75,100,1798775
20221102,09:51:15,41506.05,1575,1798775
20221102,09:51:17,41514.85,300,1798775
20221102,09:51:18,41519.50,75,1798775
20221102,09:51:20,41516.15,850,1798775
20221102,09:51:22,41519.35,400,1798775
20221102,09:51:23,41520.50,75,1798775
20221102,09:51:25,41522.30,225,1798775
20221102,09:51:27,41519.70,275,1798775
20221102,09:51:28,41520.70,350,1798775
20221102,09:51:30,41520.75,325,1798775
20221102,09:51:33,41518.45,50,1798775
20221102,09:51:35,41515.60,200,1798775
20221102,09:51:37,41505.85,250,1798775
20221102,09:51:38,41510.35,100,1798775
20221102,09:51:40,41501.00,650,1798775
20221102,09:51:42,41495.00,1500,1798775
20221102,09:51:43,41491.55,225,1798775
20221102,09:51:45,41495.00,150,1798775
20221102,09:51:47,41485.10,775,1798775
20221102,09:51:48,41489.30,100,1798775
20221102,09:51:52,41480.00,800,1798775
20221102,09:51:53,41480.55,275,1798775
20221102,09:51:55,41481.25,900,1798775
20221102,09:51:57,41486.10,250,1798775
20221102,09:51:58,41486.65,250,1798775
20221102,09:52:00,41482.00,75,1798775
20221102,09:52:02,41481.35,275,1798775
20221102,09:52:03,41472.00,525,1798775
20221102,09:52:05,41470.20,375,1798775
20221102,09:52:07,41470.45,900,1798775
20221102,09:52:08,41470.75,225,1798775
20221102,09:52:10,41471.60,300,1798775
20221102,09:52:12,41474.95,150,1798775
20221102,09:52:13,41472.50,125,1798775
20221102,09:52:15,41477.70,325,1798775
20221102,09:52:17,41481.60,50,1798775
20221102,09:52:18,41477.25,125,1798775
20221102,09:52:20,41480.40,450,1798775
20221102,09:52:22,41480.20,250,1798775
20221102,09:52:23,41480.00,2375,1798775
20221102,09:52:25,41473.65,75,1798775
20221102,09:52:27,41476.95,250,1798775
20221102,09:52:28,41477.50,50,1798775
20221102,09:52:30,41478.55,125,1798775
20221102,09:52:32,41476.00,100,1798775
20221102,09:52:33,41475.10,125,1798775
20221102,09:52:35,41470.25,525,1798775
20221102,09:52:37,41470.60,175,1798775
20221102,09:52:38,41470.70,25,1798775
20221102,09:52:40,41470.30,200,1798775
20221102,09:52:42,41462.00,2750,1798775
20221102,09:52:43,41466.80,350,1798775
20221102,09:52:47,41466.80,375,1798775
20221102,09:52:48,41462.50,250,1798775
20221102,09:52:50,41466.90,125,1798775
20221102,09:52:52,41471.35,175,1798775
20221102,09:52:53,41465.20,50,1798775
20221102,09:52:55,41466.70,100,1798775
20221102,09:52:57,41470.20,425,1798775
20221102,09:52:58,41480.00,450,1798775
20221102,09:53:00,41478.55,75,1798775
20221102,09:53:02,41480.00,75,1798775
20221102,09:53:03,41480.00,50,1798775
20221102,09:53:05,41478.40,150,1798775
20221102,09:53:07,41477.20,150,1798775
20221102,09:53:08,41481.40,275,1798775
20221102,09:53:10,41481.30,100,1798775
20221102,09:53:12,41483.00,75,1798775
20221102,09:53:13,41485.00,100,1798775
20221102,09:53:15,41477.55,250,1798775
20221102,09:53:17,41485.50,25,1798775
20221102,09:53:18,41479.55,1725,1798775
20221102,09:53:20,41476.75,225,1798775
20221102,09:53:22,41476.35,125,1798775
20221102,09:53:23,41473.35,75,1798775
20221102,09:53:25,41479.45,500,1798775
20221102,09:53:28,41477.10,50,1798775
20221102,09:53:30,41475.00,50,1798775
20221102,09:53:35,41479.75,450,1791300
20221102,09:53:36,41479.85,50,1791300
20221102,09:53:39,41475.95,125,1791300
20221102,09:53:41,41475.30,375,1791300
20221102,09:53:43,41470.00,175,1791300
20221102,09:53:44,41469.10,325,1791300
20221102,09:53:46,41466.40,2475,1791300
20221102,09:53:48,41467.90,50,1791300
20221102,09:53:49,41468.45,1425,1791300
20221102,09:53:51,41470.05,275,1791300
20221102,09:53:53,41465.75,25,1791300
20221102,09:53:56,41470.00,25,1791300
20221102,09:53:59,41470.50,200,1791300
20221102,09:54:01,41468.45,25,1791300
20221102,09:54:03,41468.55,100,1791300
20221102,09:54:04,41470.00,325,1791300
20221102,09:54:06,41468.45,100,1791300
20221102,09:54:07,41466.95,75,1791300
20221102,09:54:09,41470.50,100,1791300
20221102,09:54:11,41472.85,150,1791300
20221102,09:54:12,41479.80,125,1791300
20221102,09:54:14,41477.05,225,1791300
20221102,09:54:16,41483.30,575,1791300
20221102,09:54:17,41477.60,50,1791300
20221102,09:54:19,41478.65,400,1791300
20221102,09:54:21,41472.30,1475,1791300
20221102,09:54:22,41476.60,100,1791300
20221102,09:54:24,41470.00,300,1791300
20221102,09:54:26,41470.00,175,1791300
20221102,09:54:27,41470.00,125,1791300
20221102,09:54:29,41470.00,100,1791300
20221102,09:54:31,41467.00,325,1791300
20221102,09:54:32,41470.00,250,1791300
20221102,09:54:34,41473.40,275,1791300
20221102,09:54:36,41475.30,100,1791300
20221102,09:54:37,41482.60,600,1791300
20221102,09:54:39,41479.80,200,1791300
20221102,09:54:42,41484.95,225,1791300
20221102,09:54:44,41484.25,125,1791300
20221102,09:54:46,41477.85,150,1791300
20221102,09:54:47,41479.15,75,1791300
20221102,09:54:49,41476.75,25,1791300
20221102,09:54:51,41477.85,25,1791300
20221102,09:54:52,41475.40,100,1791300
20221102,09:54:54,41472.50,175,1791300
20221102,09:54:56,41471.10,75,1791300
20221102,09:54:57,41475.40,75,1791300
20221102,09:54:59,41474.80,225,1791300
20221102,09:55:01,41477.90,125,1791300
20221102,09:55:02,41473.80,550,1791300
20221102,09:55:04,41471.95,225,1791300
20221102,09:55:06,41473.15,75,1791300
20221102,09:55:07,41470.00,375,1791300
20221102,09:55:09,41471.65,200,1791300
20221102,09:55:11,41468.35,200,1791300
20221102,09:55:12,41473.00,100,1791300
20221102,09:55:14,41465.55,200,1791300
20221102,09:55:16,41465.10,250,1791300
20221102,09:55:17,41466.50,75,1791300
20221102,09:55:19,41470.40,100,1791300
20221102,09:55:21,41471.80,325,1791300
20221102,09:55:22,41469.00,125,1791300
20221102,09:55:24,41471.30,25,1791300
20221102,09:55:26,41470.50,300,1791300
20221102,09:55:27,41470.00,450,1791300
20221102,09:55:34,41465.70,475,1791300
20221102,09:55:36,41467.55,75,1791300
20221102,09:55:39,41467.35,325,1791300
20221102,09:55:41,41463.50,250,1791300
20221102,09:55:42,41461.20,75,1791300
20221102,09:55:44,41458.00,550,1791300
20221102,09:55:46,41455.00,225,1791300
20221102,09:55:47,41455.00,275,1791300
20221102,09:55:49,41451.20,300,1791300
20221102,09:55:51,41450.60,250,1791300
20221102,09:55:52,41455.00,150,1791300
20221102,09:55:54,41451.05,125,1791300
20221102,09:55:56,41450.35,75,1791300
20221102,09:55:57,41455.00,275,1791300
20221102,09:55:59,41451.00,250,1791300
20221102,09:56:01,41454.75,425,1791300
20221102,09:56:02,41450.00,2075,1791300
20221102,09:56:04,41449.90,900,1791300
20221102,09:56:06,41449.10,1850,1791300
20221102,09:56:07,41445.60,925,1791300
20221102,09:56:11,41444.00,150,1791300
20221102,09:56:12,41445.10,325,1791300
20221102,09:56:14,41440.35,400,1791300
20221102,09:56:15,41443.70,275,1791300
20221102,09:56:17,41442.05,425,1791300
20221102,09:56:19,41440.05,175,1791300
20221102,09:56:20,41444.95,275,1791300
20221102,09:56:22,41442.05,200,1791300
20221102,09:56:24,41437.00,725,1791300
20221102,09:56:25,41446.25,750,1791300
20221102,09:56:27,41449.55,300,1791300
20221102,09:56:29,41452.25,225,1791300
20221102,09:56:30,41453.35,150,1791300
20221102,09:56:32,41452.35,50,1791300
20221102,09:56:34,41454.80,700,1791300
20221102,09:56:35,41455.60,100,1785675
20221102,09:56:37,41455.85,325,1785675
20221102,09:56:39,41457.65,75,1785675
20221102,09:56:40,41453.75,150,1785675
20221102,09:56:42,41457.05,75,1785675
20221102,09:56:44,41461.55,750,1785675
20221102,09:56:45,41461.75,50,1785675
20221102,09:56:49,41463.10,100,1785675
20221102,09:56:50,41465.00,275,1785675
20221102,09:56:52,41470.30,250,1785675
20221102,09:56:54,41469.15,125,1785675
20221102,09:56:55,41471.40,25,1785675
20221102,09:56:57,41470.45,200,1785675
20221102,09:57:00,41470.50,50,1785675
20221102,09:57:02,41471.20,325,1785675
20221102,09:57:04,41468.80,25,1785675
20221102,09:57:07,41467.75,425,1785675
20221102,09:57:09,41469.80,225,1785675
20221102,09:57:10,41475.00,250,1785675
20221102,09:57:12,41471.70,125,1785675
20221102,09:57:15,41475.20,50,1785675
20221102,09:57:17,41472.55,250,1785675
20221102,09:57:19,41477.00,350,1785675
20221102,09:57:20,41476.60,100,1785675
20221102,09:57:22,41477.85,75,1785675
20221102,09:57:24,41481.00,2625,1785675
20221102,09:57:25,41487.65,275,1785675
20221102,09:57:27,41492.55,300,1785675
20221102,09:57:29,41493.15,250,1785675
20221102,09:57:30,41496.00,500,1785675
20221102,09:57:32,41483.90,375,1785675
20221102,09:57:34,41493.00,125,1785675
20221102,09:57:35,41484.50,25,1785675
20221102,09:57:37,41483.10,75,1785675
20221102,09:57:39,41483.90,100,1785675
20221102,09:57:40,41482.15,400,1785675
20221102,09:57:42,41484.60,75,1785675
20221102,09:57:44,41484.80,25,1785675
20221102,09:57:45,41484.80,125,1785675
20221102,09:57:47,41490.00,475,1785675
20221102,09:57:50,41489.80,250,1785675
20221102,09:57:54,41489.80,25,1785675
20221102,09:57:55,41490.00,25,1785675
20221102,09:57:57,41489.20,275,1785675
20221102,09:57:59,41491.45,25,1785675
20221102,09:58:00,41487.90,25,1785675
20221102,09:58:02,41491.35,25,1785675
20221102,09:58:04,41489.80,75,1785675
20221102,09:58:05,41487.85,50,1785675
20221102,09:58:07,41485.25,25,1785675
20221102,09:58:09,41485.25,75,1785675
20221102,09:58:10,41491.45,575,1785675
20221102,09:58:12,41494.90,25,1785675
20221102,09:58:14,41493.05,100,1785675
20221102,09:58:15,41492.00,400,1785675
20221102,09:58:17,41496.00,450,1785675
20221102,09:58:18,41499.00,175,1785675
20221102,09:58:20,41507.15,775,1785675
20221102,09:58:22,41508.50,350,1785675
20221102,09:58:23,41508.15,225,1785675
20221102,09:58:25,41503.40,150,1785675
20221102,09:58:27,41509.85,50,1785675
20221102,09:58:28,41509.00,25,1785675
20221102,09:58:30,41502.75,75,1785675
20221102,09:58:32,41502.65,200,1785675
20221102,09:58:33,41501.15,25,1785675
20221102,09:58:35,41504.10,100,1785675
20221102,09:58:37,41505.00,25,1785675
20221102,09:58:38,41508.30,75,1785675
20221102,09:58:40,41503.60,100,1785675
20221102,09:58:42,41507.75,25,1785675
20221102,09:58:43,41508.00,275,1785675
20221102,09:58:45,41505.00,100,1785675
20221102,09:58:47,41502.00,25,1785675
20221102,09:58:48,41495.80,175,1785675
20221102,09:58:52,41500.00,250,1785675
20221102,09:58:53,41499.25,50,1785675
20221102,09:58:55,41496.75,150,1785675
20221102,09:58:57,41502.65,75,1785675
20221102,09:58:58,41508.00,300,1785675
20221102,09:59:00,41508.00,275,1785675
20221102,09:59:02,41511.35,150,1785675
20221102,09:59:03,41508.80,75,1785675
20221102,09:59:05,41515.00,275,1785675
20221102,09:59:07,41514.00,100,1785675
20221102,09:59:08,41509.20,225,1785675
20221102,09:59:10,41517.00,300,1785675
20221102,09:59:11,41515.50,75,1785675
20221102,09:59:13,41516.50,700,1785675
20221102,09:59:15,41520.95,1000,1785675
20221102,09:59:16,41520.00,250,1785675
20221102,09:59:18,41514.75,850,1785675
20221102,09:59:20,41508.65,175,1785675
20221102,09:59:21,41520.00,225,1785675
20221102,09:59:26,41510.45,25,1785675
20221102,09:59:30,41506.75,225,1785675
20221102,09:59:31,41510.00,250,1785675
20221102,09:59:33,41512.80,175,1785675
20221102,09:59:35,41506.95,175,1785675
20221102,09:59:38,41518.05,100,1783300
20221102,09:59:41,41517.95,50,1783300
20221102,09:59:43,41518.10,550,1783300
20221102,09:59:45,41515.60,100,1783300
20221102,09:59:46,41519.95,100,1783300
20221102,09:59:48,41516.05,25,1783300
20221102,09:59:50,41516.35,100,1783300
20221102,09:59:51,41515.75,850,1783300
20221102,09:59:55,41510.75,50,1783300
20221102,09:59:56,41512.80,150,1783300
20221102,09:59:58,41510.85,375,1783300
20221102,10:00:00,41513.50,275,1783300
20221102,10:00:01,41508.60,225,1783300
20221102,10:00:03,41511.00,125,1783300
20221102,10:00:05,41514.35,50,1783300
20221102,10:00:06,41514.05,50,1783300
20221102,10:00:08,41515.75,150,1783300
20221102,10:00:10,41512.65,425,1783300
20221102,10:00:11,41517.25,300,1783300
20221102,10:00:13,41523.70,825,1783300
20221102,10:00:14,41518.50,100,1783300
20221102,10:00:16,41522.70,125,1783300
20221102,10:00:18,41520.00,50,1783300
20221102,10:00:19,41525.00,575,1783300
20221102,10:00:21,41525.00,125,1783300
20221102,10:00:23,41519.95,150,1783300
20221102,10:00:24,41520.20,50,1783300
20221102,10:00:26,41519.20,125,1783300
20221102,10:00:28,41517.10,100,1783300
20221102,10:00:29,41514.80,100,1783300
20221102,10:00:31,41515.90,400,1783300
20221102,10:00:32,41505.05,175,1783300
20221102,10:00:34,41500.00,450,1783300
20221102,10:00:36,41500.00,75,1783300
20221102,10:00:37,41501.00,100,1783300
20221102,10:00:39,41504.55,50,1783300
20221102,10:00:41,41500.00,150,1783300
20221102,10:00:42,41501.10,75,1783300
20221102,10:00:44,41500.00,50,1783300
20221102,10:00:46,41497.80,450,1783300
20221102,10:00:47,41490.60,600,1783300
20221102,10:00:49,41490.00,50,1783300
20221102,10:00:51,41491.50,50,1783300
20221102,10:00:52,41493.10,25,1783300
20221102,10:00:54,41492.40,150,1783300
20221102,10:00:56,41497.00,325,1783300
20221102,10:00:57,41500.00,150,1783300
20221102,10:00:59,41495.60,50,1783300
20221102,10:01:00,41495.20,25,1783300
20221102,10:01:02,41495.55,175,1783300
20221102,10:01:04,41495.55,500,1783300
20221102,10:01:05,41495.55,25,1783300
20221102,10:01:07,41495.15,50,1783300
20221102,10:01:09,41494.40,225,1783300
20221102,10:01:10,41495.00,25,1783300
20221102,10:01:14,41492.45,25,1783300
20221102,10:01:15,41493.75,25,1783300
20221102,10:01:17,41492.85,50,1783300
20221102,10:01:19,41488.40,175,1783300
20221102,10:01:20,41492.55,125,1783300
20221102,10:01:22,41491.65,50,1783300
20221102,10:01:24,41490.00,75,1783300
20221102,10:01:25,41488.40,25,1783300
20221102,10:01:27,41491.65,100,1783300
20221102,10:01:29,41488.40,150,1783300
20221102,10:01:30,41490.00,25,1783300
20221102,10:01:32,41494.35,25,1783300
20221102,10:01:33,41492.65,75,1783300
20221102,10:01:35,41488.75,125,1783300
20221102,10:01:37,41490.80,50,1783300
20221102,10:01:38,41491.10,375,1783300
20221102,10:01:40,41491.50,25,1783300
20221102,10:01:42,41494.55,550,1783300
20221102,10:01:43,41500.10,475,1783300
20221102,10:01:45,41501.40,75,1783300
20221102,10:01:47,41500.20,300,1783300
20221102,10:01:51,41501.45,25,1783300
20221102,10:01:53,41510.85,50,1783300
20221102,10:01:55,41505.70,25,1783300
20221102,10:01:56,41510.65,25,1783300
20221102,10:01:58,41515.00,150,1783300
20221102,10:02:00,41510.90,50,1783300
20221102,10:02:01,41515.00,150,1783300
20221102,10:02:03,41514.15,75,1783300
20221102,10:02:05,41510.90,50,1783300
20221102,10:02:06,41514.15,175,1783300
20221102,10:02:08,41519.50,925,1783300
20221102,10:02:10,41522.00,400,1783300
20221102,10:02:11,41520.00,100,1783300
20221102,10:02:14,41515.40,375,1783300
20221102,10:02:16,41519.10,100,1783300
20221102,10:02:18,41515.70,1350,1783300
20221102,10:02:19,41515.10,125,1783300
20221102,10:02:21,41515.50,25,1783300
20221102,10:02:23,41517.95,700,1783300
20221102,10:02:24,41515.00,100,1783300
20221102,10:02:26,41517.85,25,1783300
20221102,10:02:29,41516.30,575,1783300
20221102,10:02:31,41517.95,50,1783300
20221102,10:02:32,41512.70,300,1783300
20221102,10:02:34,41512.00,50,1783300
20221102,10:02:37,41514.55,25,1783300
20221102,10:02:44,41512.00,25,1782275
20221102,10:02:45,41509.30,275,1782275
20221102,10:02:47,41505.95,100,1782275
20221102,10:02:49,41511.35,25,1782275
20221102,10:02:50,41505.55,25,1782275
20221102,10:02:52,41505.55,25,1782275
20221102,10:02:55,41509.25,25,1782275
20221102,10:02:57,41505.55,25,1782275
20221102,10:02:58,41505.85,75,1782275
20221102,10:03:00,41513.45,50,1782275
20221102,10:03:02,41509.55,225,1782275
20221102,10:03:03,41513.70,75,1782275
20221102,10:03:05,41509.35,50,1782275
20221102,10:03:07,41515.35,200,1782275
20221102,10:03:08,41515.55,225,1782275
20221102,10:03:10,41515.05,225,1782275
20221102,10:03:12,41515.00,50,1782275
20221102,10:03:13,41515.85,150,1782275
20221102,10:03:15,41505.85,825,1782275
20221102,10:03:17,41508.35,75,1782275
20221102,10:03:20,41508.25,75,1782275
20221102,10:03:22,41513.25,150,1782275
20221102,10:03:23,41512.05,25,1782275
20221102,10:03:25,41511.35,150,1782275
20221102,10:03:26,41510.45,25,1782275
20221102,10:03:28,41508.55,25,1782275
20221102,10:03:30,41510.25,125,1782275
20221102,10:03:31,41508.45,75,1782275
20221102,10:03:33,41512.00,25,1782275
20221102,10:03:35,41513.95,200,1782275
20221102,10:03:36,41516.75,125,1782275
20221102,10:03:38,41517.20,250,1782275
20221102,10:03:39,41518.75,250,1782275
20221102,10:03:41,41513.85,225,1782275
20221102,10:03:44,41513.85,25,1782275
20221102,10:03:46,41519.00,250,1782275
20221102,10:03:47,41513.80,25,1782275
20221102,10:03:49,41518.00,225,1782275
20221102,10:03:50,41520.00,1025,1782275
20221102,10:03:52,41518.80,350,1782275
20221102,10:03:54,41519.35,50,1782275
20221102,10:03:55,41521.90,50,1782275
20221102,10:03:57,41522.10,75,1782275
20221102,10:03:58,41524.00,50,1782275
20221102,10:04:00,41525.00,550,1782275
20221102,10:04:02,41529.70,1425,1782275
20221102,10:04:03,41533.00,500,1782275
20221102,10:04:05,41533.00,50,1782275
20221102,10:04:07,41533.00,200,1782275
20221102,10:04:08,41532.90,275,1782275
20221102,10:04:10,41530.25,100,1782275
20221102,10:04:12,41533.50,850,1782275
20221102,10:04:14,41538.00,100,1782275
20221102,10:04:15,41538.00,150,1782275
20221102,10:04:17,41536.00,500,1782275
20221102,10:04:19,41533.50,150,1782275
20221102,10:04:20,41534.40,150,1782275
20221102,10:04:22,41530.80,75,1782275
20221102,10:04:24,41537.70,175,1782275
20221102,10:04:25,41540.15,1850,1782275
20221102,10:04:27,41544.05,550,1782275
20221102,10:04:29,41540.40,75,1782275
20221102,10:04:30,41541.05,225,1782275
20221102,10:04:32,41539.80,150,1782275
20221102,10:04:34,41543.50,700,1782275
20221102,10:04:35,41544.80,150,1782275
20221102,10:04:37,41544.75,150,1782275
20221102,10:04:38,41542.85,350,1782275
20221102,10:04:40,41540.35,175,1782275
20221102,10:04:42,41545.00,300,1782275
20221102,10:04:43,41540.95,50,1782275
20221102,10:04:45,41540.40,325,1782275
20221102,10:04:47,41543.80,550,1782275
20221102,10:04:48,41543.95,250,1782275
20221102,10:04:50,41537.55,725,1782275
20221102,10:04:52,41539.90,25,1782275
20221102,10:04:53,41538.05,175,1782275
20221102,10:04:55,41543.80,425,1782275
20221102,10:04:57,41544.05,325,1782275
20221102,10:04:58,41544.90,825,1782275
20221102,10:05:00,41545.00,350,1782275
20221102,10:05:02,41548.70,700,1782275
20221102,10:05:03,41559.75,5625,1782275
20221102,10:05:05,41556.50,325,1782275
20221102,10:05:07,41557.10,225,1782275
20221102,10:05:08,41556.05,375,1782275
20221102,10:05:10,41558.75,825,1782275
20221102,10:05:12,41555.60,1050,1782275
20221102,10:05:13,41556.95,350,1782275
20221102,10:05:15,41558.05,1150,1782275
20221102,10:05:17,41554.25,225,1782275
20221102,10:05:18,41560.00,400,1782275
20221102,10:05:20,41557.55,625,1782275
20221102,10:05:22,41559.70,100,1782275
20221102,10:05:23,41555.25,350,1782275
20221102,10:05:25,41546.95,200,1782275
20221102,10:05:27,41553.25,250,1782275
20221102,10:05:28,41544.00,225,1782275
20221102,10:05:30,41542.15,125,1782275
20221102,10:05:32,41542.15,350,1782275
20221102,10:05:33,41536.05,625,1782275
20221102,10:05:35,41541.10,350,1782275
20221102,10:05:37,41543.00,50,1784450
20221102,10:05:38,41546.45,575,1784450
20221102,10:05:40,41538.80,200,1784450
20221102,10:05:42,41546.50,150,1784450
20221102,10:05:43,41538.25,200,1784450
20221102,10:05:45,41538.80,400,1784450
20221102,10:05:48,41538.80,175,1784450
20221102,10:05:50,41533.15,425,1784450
20221102,10:05:53,41534.25,200,1784450
20221102,10:05:55,41532.00,350,1784450
20221102,10:05:57,41532.10,125,1784450
20221102,10:05:58,41532.10,25,1784450
20221102,10:06:00,41525.35,125,1784450
20221102,10:06:02,41525.35,150,1784450
20221102,10:06:03,41530.00,75,1784450
20221102,10:06:05,41532.10,625,1784450
20221102,10:06:07,41530.05,150,1784450
20221102,10:06:08,41536.00,725,1784450
20221102,10:06:10,41538.15,125,1784450
20221102,10:06:12,41537.60,200,1784450
20221102,10:06:13,41542.00,350,1784450
20221102,10:06:15,41542.55,250,1784450
20221102,10:06:16,41542.50,50,1784450
20221102,10:06:18,41542.95,650,1784450
20221102,10:06:21,41547.10,100,1784450
20221102,10:06:23,41547.10,50,1784450
20221102,10:06:25,41543.80,225,1784450
20221102,10:06:28,41542.35,75,1784450
20221102,10:06:30,41544.00,175,1784450
20221102,10:06:31,41546.10,200,1784450
20221102,10:06:33,41546.95,25,1784450
20221102,10:06:35,41543.80,150,1784450
20221102,10:06:38,41539.00,975,1784450
20221102,10:06:39,41535.55,75,1784450
20221102,10:06:41,41531.00,200,1784450
20221102,10:06:43,41534.90,75,1784450
20221102,10:06:45,41534.90,625,1784450
20221102,10:06:46,41535.10,25,1784450
20221102,10:06:48,41532.15,100,1784450
20221102,10:06:50,41535.00,425,1784450
20221102,10:06:51,41532.15,75,1784450
20221102,10:06:53,41540.00,350,1784450
20221102,10:07:00,41540.35,325,1784450
20221102,10:07:01,41540.35,50,1784450
20221102,10:07:03,41538.05,50,1784450
20221102,10:07:05,41540.00,275,1784450
20221102,10:07:06,41531.75,400,1784450
20221102,10:07:08,41537.10,675,1784450
20221102,10:07:10,41538.05,350,1784450
20221102,10:07:13,41538.60,525,1784450
20221102,10:07:15,41533.25,725,1784450
20221102,10:07:18,41533.75,175,1784450
20221102,10:07:19,41530.95,100,1784450
20221102,10:07:21,41530.00,125,1784450
20221102,10:07:23,41529.75,350,1784450
20221102,10:07:24,41529.70,250,1784450
20221102,10:07:29,41533.25,525,1784450
20221102,10:07:33,41535.50,325,1784450
20221102,10:07:34,41536.00,25,1784450
20221102,10:07:36,41538.05,650,1784450
20221102,10:07:37,41538.60,75,1784450
20221102,10:07:39,41533.15,25,1784450
20221102,10:07:41,41534.35,75,1784450
20221102,10:07:42,41535.50,375,1784450
20221102,10:07:44,41533.25,50,1784450
20221102,10:07:46,41536.50,625,1784450
20221102,10:07:47,41536.50,50,1784450
20221102,10:07:49,41534.35,25,1784450
20221102,10:07:51,41536.25,200,1784450
20221102,10:07:52,41528.95,250,1784450
20221102,10:07:54,41530.60,25,1784450
20221102,10:07:55,41526.20,25,1784450
20221102,10:07:57,41526.30,100,1784450
20221102,10:08:00,41528.30,275,1784450
20221102,10:08:02,41525.95,350,1784450
20221102,10:08:04,41523.15,50,1784450
20221102,10:08:05,41522.15,100,1784450
20221102,10:08:07,41525.95,350,1784450
20221102,10:08:09,41526.85,225,1784450
20221102,10:08:10,41524.15,50,1784450
20221102,10:08:12,41526.05,25,1784450
20221102,10:08:14,41526.55,200,1784450
20221102,10:08:15,41527.55,375,1784450
20221102,10:08:17,41529.20,750,1784450
20221102,10:08:19,41535.50,75,1784450
20221102,10:08:20,41534.40,200,1784450
20221102,10:08:22,41537.80,525,1784450
20221102,10:08:25,41535.20,175,1784450
20221102,10:08:27,41533.40,75,1784450
20221102,10:08:29,41533.50,375,1784450
20221102,10:08:30,41532.85,950,1784450
20221102,10:08:33,41540.00,975,1784450
20221102,10:08:37,41540.00,125,1784450
20221102,10:08:38,41536.90,1425,1786450
20221102,10:08:40,41540.00,700,1786450
20221102,10:08:42,41542.50,675,1786450
20221102,10:08:43,41540.05,325,1786450
20221102,10:08:45,41537.05,125,1786450
20221102,10:08:48,41531.95,25,1786450
20221102,10:08:50,41533.05,25,1786450
20221102,10:08:51,41533.05,75,1786450
20221102,10:08:53,41538.10,100,1786450
20221102,10:08:55,41533.25,50,1786450
20221102,10:08:58,41536.15,150,1786450
20221102,10:09:00,41537.55,175,1786450
20221102,10:09:01,41537.70,325,1786450
20221102,10:09:03,41541.85,1675,1786450
20221102,10:09:05,41536.60,600,1786450
20221102,10:09:06,41540.00,750,1786450
20221102,10:09:08,41543.30,75,1786450
20221102,10:09:09,41535.25,400,1786450
20221102,10:09:11,41535.55,1300,1786450
20221102,10:09:13,41538.40,25,1786450
20221102,10:09:14,41542.55,100,1786450
20221102,10:09:16,41538.55,100,1786450
20221102,10:09:17,41538.55,175,1786450
20221102,10:09:21,41541.65,75,1786450
20221102,10:09:24,41540.90,200,1786450
20221102,10:09:26,41540.00,250,1786450
20221102,10:09:27,41540.25,350,1786450
20221102,10:09:29,41543.75,1025,1786450
20221102,10:09:30,41545.40,2000,1786450
20221102,10:09:32,41555.00,275,1786450
20221102,10:09:34,41554.30,1075,1786450
20221102,10:09:35,41570.00,6975,1786450
20221102,10:09:37,41570.00,2550,1786450
20221102,10:09:39,41573.30,2150,1786450
20221102,10:09:40,41570.00,250,1786450
20221102,10:09:42,41571.55,450,1786450
20221102,10:09:43,41573.65,200,1786450
20221102,10:09:45,41581.10,4025,1786450
20221102,10:09:47,41580.00,875,1786450
20221102,10:09:48,41576.80,425,1786450
20221102,10:09:50,41578.55,950,1786450
20221102,10:09:52,41578.45,400,1786450
20221102,10:09:53,41581.10,575,1786450
20221102,10:09:55,41576.20,775,1786450
20221102,10:09:57,41581.00,400,1786450
20221102,10:09:58,41580.00,175,1786450
20221102,10:10:00,41575.75,225,1786450
20221102,10:10:01,41580.00,1475,1786450
20221102,10:10:03,41582.85,600,1786450
20221102,10:10:05,41585.00,800,1786450
20221102,10:10:06,41579.05,500,1786450
20221102,10:10:08,41580.00,450,1786450
20221102,10:10:10,41578.25,1025,1786450
20221102,10:10:11,41583.90,2625,1786450
20221102,10:10:13,41590.00,3000,1786450
20221102,10:10:14,41598.30,4775,1786450
20221102,10:10:16,41581.20,1600,1786450
20221102,10:10:18,41583.35,850,1786450
20221102,10:10:19,41582.75,350,1786450
20221102,10:10:21,41582.20,175,1786450
20221102,10:10:23,41578.25,600,1786450
20221102,10:10:24,41575.65,475,1786450
20221102,10:10:26,41565.00,575,1786450
20221102,10:10:28,41566.00,250,1786450
20221102,10:10:29,41567.70,1700,1786450
20221102,10:10:31,41570.00,200,1786450
20221102,10:10:32,41577.35,375,1786450
20221102,10:10:34,41576.80,400,1786450
20221102,10:10:36,41570.35,225,1786450
20221102,10:10:37,41570.55,175,1786450
20221102,10:10:39,41565.35,1075,1786450
20221102,10:10:41,41566.80,750,1786450
20221102,10:10:42,41566.90,50,1786450
20221102,10:10:44,41562.05,350,1786450
20221102,10:10:46,41566.90,125,1786450
20221102,10:10:47,41560.60,350,1786450
20221102,10:10:49,41565.00,125,1786450
20221102,10:10:51,41564.85,100,1786450
20221102,10:10:52,41565.10,50,1786450
20221102,10:10:54,41561.00,100,1786450
20221102,10:10:55,41558.25,275,1786450
20221102,10:10:57,41550.70,900,1786450
20221102,10:10:59,41550.00,550,1786450
20221102,10:11:00,41550.50,475,1786450
20221102,10:11:02,41546.90,275,1786450
20221102,10:11:04,41550.00,50,1786450
20221102,10:11:05,41550.00,200,1786450
20221102,10:11:07,41550.50,650,1786450
20221102,10:11:09,41556.10,50,1786450
20221102,10:11:10,41550.00,450,1786450
20221102,10:11:12,41546.90,50,1786450
20221102,10:11:14,41545.65,75,1786450
20221102,10:11:15,41536.10,1125,1786450
20221102,10:11:17,41536.25,300,1786450
20221102,10:11:19,41531.95,75,1786450
20221102,10:11:20,41537.60,150,1786450
20221102,10:11:22,41537.60,150,1786450
20221102,10:11:24,41540.00,150,1786450
20221102,10:11:25,41544.60,1325,1786450
20221102,10:11:27,41548.55,25,1786450
20221102,10:11:29,41545.20,100,1786450
20221102,10:11:30,41545.00,50,1786450
20221102,10:11:32,41548.65,200,1786450
20221102,10:11:35,41536.45,625,1786450
20221102,10:11:37,41540.80,75,1786450
20221102,10:11:39,41535.20,100,1785725
20221102,10:11:40,41544.75,225,1785725
20221102,10:11:42,41541.20,50,1785725
20221102,10:11:43,41545.00,150,1785725
20221102,10:11:45,41544.35,350,1785725
20221102,10:11:47,41548.65,275,1785725
20221102,10:11:48,41547.50,125,1785725
20221102,10:11:50,41546.60,125,1785725
20221102,10:11:52,41551.00,925,1785725
20221102,10:11:53,41550.05,50,1785725
20221102,10:11:55,41550.60,375,1785725
20221102,10:11:57,41550.00,50,1785725
20221102,10:11:58,41545.85,100,1785725
20221102,10:12:00,41547.15,500,1785725
20221102,10:12:02,41541.20,75,1785725
20221102,10:12:03,41545.50,700,1785725
20221102,10:12:05,41544.10,125,1785725
20221102,10:12:06,41540.00,1025,1785725
20221102,10:12:08,41540.00,250,1785725
20221102,10:12:10,41543.60,275,1785725
20221102,10:12:11,41546.55,125,1785725
20221102,10:12:13,41546.05,350,1785725
20221102,10:12:15,41546.45,25,1785725
20221102,10:12:16,41548.35,75,1785725
20221102,10:12:18,41550.00,125,1785725
20221102,10:12:20,41548.85,200,1785725
20221102,10:12:23,41548.25,375,1785725
20221102,10:12:24,41551.00,125,1785725
20221102,10:12:26,41550.00,75,1785725
20221102,10:12:28,41547.55,175,1785725
20221102,10:12:29,41554.10,325,1785725
20221102,10:12:31,41560.00,325,1785725
20221102,10:12:32,41554.70,100,1785725
20221102,10:12:34,41559.45,150,1785725
20221102,10:12:36,41559.25,50,1785725
20221102,10:12:37,41560.00,400,1785725
20221102,10:12:39,41558.35,175,1785725
20221102,10:12:41,41557.65,100,1785725
20221102,10:12:42,41552.80,175,1785725
20221102,10:12:44,41555.25,250,1785725
20221102,10:12:46,41554.05,125,1785725
20221102,10:12:47,41559.00,25,1785725
20221102,10:12:49,41559.00,50,1785725
20221102,10:12:51,41560.00,200,1785725
20221102,10:12:52,41559.25,200,1785725
20221102,10:12:54,41558.50,250,1785725
20221102,10:12:56,41559.00,175,1785725
20221102,10:12:57,41551.80,1600,1785725
20221102,10:12:59,41553.60,25,1785725
20221102,10:13:00,41553.60,125,1785725
20221102,10:13:02,41540.00,1600,1785725
20221102,10:13:04,41545.35,250,1785725
20221102,10:13:07,41549.55,50,1785725
20221102,10:13:09,41549.50,25,1785725
20221102,10:13:10,41545.60,125,1785725
20221102,10:13:12,41548.70,50,1785725
20221102,10:13:14,41549.10,150,1785725
20221102,10:13:17,41544.10,100,1785725
20221102,10:13:19,41548.35,150,1785725
20221102,10:13:20,41547.45,25,1785725
20221102,10:13:22,41543.00,50,1785725
20221102,10:13:24,41543.00,225,1785725
20221102,10:13:25,41548.55,300,1785725
20221102,10:13:27,41543.00,325,1785725
20221102,10:13:28,41544.25,175,1785725
20221102,10:13:32,41545.05,125,1785725
20221102,10:13:33,41546.00,250,1785725
20221102,10:13:35,41547.60,50,1785725
20221102,10:13:36,41549.55,75,1785725
20221102,10:13:38,41547.05,100,1785725
20221102,10:13:40,41547.30,125,1785725
20221102,10:13:41,41543.80,150,1785725
20221102,10:13:43,41543.65,275,1785725
20221102,10:13:44,41546.00,325,1785725
20221102,10:13:46,41547.05,275,1785725
20221102,10:13:48,41548.25,100,1785725
20221102,10:13:49,41548.45,125,1785725
20221102,10:13:51,41550.00,75,1785725
20221102,10:13:53,41550.00,150,1785725
20221102,10:13:54,41548.55,50,1785725
20221102,10:13:56,41548.55,50,1785725
20221102,10:13:57,41550.00,175,1785725
20221102,10:13:59,41549.80,25,1785725
20221102,10:14:00,41550.00,125,1785725
20221102,10:14:02,41546.10,1250,1785725
20221102,10:14:04,41544.00,825,1785725
20221102,10:14:05,41543.70,50,1785725
20221102,10:14:07,41540.00,575,1785725
20221102,10:14:10,41540.00,50,1785725
20221102,10:14:14,41543.75,150,1785725
20221102,10:14:15,41540.25,50,1785725
20221102,10:14:17,41546.05,3050,1785725
20221102,10:14:18,41546.35,150,1785725
20221102,10:14:20,41547.15,4125,1785725
20221102,10:14:22,41547.25,150,1785725
20221102,10:14:23,41551.75,3700,1785725
20221102,10:14:25,41553.80,250,1785725
20221102,10:14:27,41551.55,50,1785725
20221102,10:14:28,41550.85,25,1785725
20221102,10:14:32,41558.75,25,1785725
20221102,10:14:33,41556.20,375,1785725
20221102,10:14:35,41560.00,25,1785725
20221102,10:14:36,41557.80,25,1785725
20221102,10:14:38,41557.15,125,1795825
20221102,10:14:40,41554.95,525,1795825
20221102,10:14:43,41553.80,25,1795825
20221102,10:14:45,41550.05,200,1795825
20221102,10:14:48,41550.85,150,1795825
20221102,10:14:50,41553.80,175,1795825
20221102,10:14:51,41552.40,50,1795825
20221102,10:14:53,41543.55,175,1795825
20221102,10:14:55,41547.55,1850,1795825
20221102,10:14:56,41557.05,925,1795825
20221102,10:14:58,41556.80,200,1795825
20221102,10:15:00,41550.40,100,1795825
20221102,10:15:01,41552.60,75,1795825
20221102,10:15:03,41550.00,225,1795825
20221102,10:15:05,41560.65,3600,1795825
20221102,10:15:06,41551.40,325,1795825
20221102,10:15:08,41563.75,1500,1795825
20221102,10:15:10,41561.15,1525,1795825
20221102,10:15:11,41557.85,475,1795825
20221102,10:15:13,41550.30,1025,1795825
20221102,10:15:15,41550.65,775,1795825
20221102,10:15:16,41550.40,250,1795825
20221102,10:15:18,41550.90,550,1795825
20221102,10:15:20,41556.90,25,1795825
20221102,10:15:21,41553.45,225,1795825
20221102,10:15:23,41552.45,350,1795825
20221102,10:15:25,41553.30,25,1795825
20221102,10:15:26,41551.15,450,1795825
20221102,10:15:28,41557.25,75,1795825
20221102,10:15:30,41551.05,50,1795825
20221102,10:15:33,41555.00,25,1795825
20221102,10:15:34,41552.25,200,1795825
20221102,10:15:36,41555.00,125,1795825
20221102,10:15:37,41556.95,475,1795825
20221102,10:15:39,41555.00,125,1795825
20221102,10:15:41,41553.25,200,1795825
20221102,10:15:42,41554.10,625,1795825
20221102,10:15:44,41554.10,100,1795825
20221102,10:15:46,41559.90,350,1795825
20221102,10:15:47,41550.85,50,1795825
20221102,10:15:49,41560.00,450,1795825
20221102,10:15:51,41561.55,75,1795825
20221102,10:15:52,41559.00,75,1795825
20221102,10:15:54,41557.25,75,1795825
20221102,10:15:56,41563.15,900,1795825
20221102,10:15:57,41558.45,75,1795825
20221102,10:15:59,41563.95,300,1795825
20221102,10:16:00,41558.25,425,1795825
20221102,10:16:02,41562.60,375,1795825
20221102,10:16:04,41558.05,250,1795825
20221102,10:16:05,41564.90,225,1795825
20221102,10:16:07,41560.90,150,1795825
20221102,10:16:09,41564.55,800,1795825
20221102,10:16:10,41561.00,175,1795825
20221102,10:16:12,41568.00,350,1795825
20221102,10:16:14,41564.30,200,1795825
20221102,10:16:15,41558.00,575,1795825
20221102,10:16:17,41560.60,125,1795825
20221102,10:16:20,41559.65,550,1795825
20221102,10:16:22,41555.85,450,1795825
20221102,10:16:24,41561.95,25,1795825
20221102,10:16:25,41557.45,475,1795825
20221102,10:16:27,41565.35,450,1795825
20221102,10:16:29,41560.00,125,1795825
20221102,10:16:30,41555.00,300,1795825
20221102,10:16:32,41556.85,100,1795825
20221102,10:16:34,41555.60,100,1795825
20221102,10:16:35,41550.00,150,1795825
20221102,10:16:37,41553.35,100,1795825
20221102,10:16:39,41551.00,225,1795825
20221102,10:16:40,41546.45,700,1795825
20221102,10:16:42,41547.20,25,1795825
20221102,10:16:45,41545.60,2100,1795825
20221102,10:16:47,41540.60,100,1795825
20221102,10:16:49,41540.15,100,1795825
20221102,10:16:50,41541.20,125,1795825
20221102,10:16:52,41540.05,125,1795825
20221102,10:16:54,41540.05,50,1795825
20221102,10:16:57,41540.45,375,1795825
20221102,10:16:59,41538.30,925,1795825
20221102,10:17:00,41535.00,425,1795825
20221102,10:17:02,41548.40,3125,1795825
20221102,10:17:04,41539.80,225,1795825
20221102,10:17:05,41539.60,25,1795825
20221102,10:17:07,41540.00,925,1795825
20221102,10:17:09,41532.00,100,1795825
20221102,10:17:10,41532.60,50,1795825
20221102,10:17:14,41532.60,75,1795825
20221102,10:17:15,41532.05,400,1795825
20221102,10:17:17,41533.00,3900,1795825
20221102,10:17:19,41525.05,25,1795825
20221102,10:17:20,41521.60,175,1795825
20221102,10:17:22,41521.00,825,1795825
20221102,10:17:23,41531.65,150,1795825
20221102,10:17:25,41523.35,175,1795825
20221102,10:17:27,41524.25,50,1795825
20221102,10:17:28,41530.50,75,1795825
20221102,10:17:30,41521.15,375,1795825
20221102,10:17:32,41521.05,25,1795825
20221102,10:17:33,41527.60,25,1795825
20221102,10:17:35,41530.60,100,1795825
20221102,10:17:37,41530.35,25,1795825
20221102,10:17:38,41526.20,125,1795825
20221102,10:17:40,41531.65,25,1793325
20221102,10:17:41,41540.60,375,1793325
20221102,10:17:43,41540.65,75,1793325
20221102,10:17:45,41535.70,675,1793325
20221102,10:17:46,41537.95,25,1793325
20221102,10:17:50,41535.35,50,1793325
20221102,10:17:51,41533.90,75,1793325
20221102,10:17:53,41538.15,50,1793325
20221102,10:17:55,41540.00,25,1793325
20221102,10:17:56,41547.00,50,1793325
20221102,10:17:58,41548.00,25,1793325
20221102,10:18:00,41538.55,50,1793325
20221102,10:18:01,41532.00,200,1793325
20221102,10:18:03,41541.05,75,1793325
20221102,10:18:04,41540.30,50,1793325
20221102,10:18:08,41540.90,25,1793325
20221102,10:18:11,41545.00,150,1793325
20221102,10:18:13,41544.80,50,1793325
20221102,10:18:14,41545.75,100,1793325
20221102,10:18:16,41546.10,125,1793325
20221102,10:18:17,41548.80,150,1793325
20221102,10:18:19,41543.00,75,1793325
20221102,10:18:21,41541.90,150,1793325
20221102,10:18:22,41538.35,75,1793325
20221102,10:18:24,41545.15,25,1793325
20221102,10:18:26,41542.15,25,1793325
20221102,10:18:27,41534.95,900,1793325
20221102,10:18:32,41530.00,250,1793325
20221102,10:18:34,41530.00,100,1793325
20221102,10:18:36,41525.95,500,1793325
20221102,10:18:40,41527.90,25,1793325
20221102,10:18:42,41526.85,50,1793325
20221102,10:18:45,41525.10,250,1793325
20221102,10:18:47,41529.95,25,1793325
20221102,10:18:48,41525.10,100,1793325
20221102,10:18:50,41529.90,25,1793325
20221102,10:18:52,41521.50,225,1793325
20221102,10:18:53,41520.00,325,1793325
20221102,10:18:56,41520.00,75,1793325
20221102,10:18:58,41518.60,200,1793325
20221102,10:19:00,41521.15,25,1793325
20221102,10:19:01,41524.90,250,1793325
20221102,10:19:03,41529.05,150,1793325
20221102,10:19:05,41529.80,150,1793325
20221102,10:19:06,41528.40,350,1793325
20221102,10:19:08,41521.65,75,1793325
20221102,10:19:09,41523.20,100,1793325
20221102,10:19:11,41530.00,175,1793325
20221102,10:19:13,41530.00,500,1793325
20221102,10:19:14,41530.00,100,1793325
20221102,10:19:16,41530.15,50,1793325
20221102,10:19:19,41532.00,200,1793325
20221102,10:19:21,41531.45,50,1793325
20221102,10:19:23,41529.90,50,1793325
20221102,10:19:26,41532.00,25,1793325
20221102,10:19:27,41535.00,25,1793325
20221102,10:19:31,41537.95,250,1793325
20221102,10:19:34,41530.00,150,1793325
20221102,10:19:35,41529.95,550,1793325
20221102,10:19:37,41533.35,125,1793325
20221102,10:19:39,41531.55,625,1793325
20221102,10:19:40,41536.45,25,1793325
20221102,10:19:42,41529.90,175,1793325
20221102,10:19:44,41533.95,500,1793325
20221102,10:19:45,41530.00,275,1793325
20221102,10:19:47,41530.00,275,1793325
20221102,10:19:49,41530.00,500,1793325
20221102,10:19:50,41524.40,250,1793325
20221102,10:19:52,41535.00,25,1793325
20221102,10:19:54,41535.00,150,1793325
20221102,10:19:55,41531.00,25,1793325
20221102,10:19:59,41533.60,150,1793325
20221102,10:20:00,41529.25,150,1793325
20221102,10:20:02,41527.20,50,1793325
20221102,10:20:05,41524.00,200,1793325
20221102,10:20:07,41512.70,600,1793325
20221102,10:20:08,41519.75,425,1793325
20221102,10:20:10,41514.30,150,1793325
20221102,10:20:13,41514.90,25,1793325
20221102,10:20:17,41516.00,50,1793325
20221102,10:20:18,41520.00,75,1793325
20221102,10:20:20,41516.05,75,1793325
20221102,10:20:22,41521.00,25,1793325
20221102,10:20:23,41522.00,125,1793325
20221102,10:20:25,41517.30,200,1793325
20221102,10:20:27,41521.50,125,1793325
20221102,10:20:28,41522.20,550,1793325
20221102,10:20:30,41527.00,75,1793325
20221102,10:20:32,41520.30,50,1793325
20221102,10:20:35,41520.00,175,1793325
20221102,10:20:36,41525.60,50,1793325
20221102,10:20:38,41522.00,25,1793325
20221102,10:20:40,41520.35,25,1793325
20221102,10:20:41,41517.35,200,1794650
20221102,10:20:43,41518.00,150,1794650
20221102,10:20:44,41522.85,275,1794650
20221102,10:20:46,41526.90,325,1794650
20221102,10:20:48,41521.05,300,1794650
20221102,10:20:49,41522.90,25,1794650
20221102,10:20:51,41522.90,275,1794650
20221102,10:20:52,41523.40,25,1794650
20221102,10:20:54,41523.75,100,1794650
20221102,10:20:56,41527.10,150,1794650
20221102,10:20:57,41527.35,50,1794650
20221102,10:20:59,41528.30,100,1794650
20221102,10:21:01,41529.00,200,1794650
20221102,10:21:02,41530.00,400,1794650
20221102,10:21:04,41528.90,175,1794650
20221102,10:21:05,41528.75,75,1794650
20221102,10:21:07,41532.90,675,1794650
20221102,10:21:09,41536.35,175,1794650
20221102,10:21:10,41537.00,100,1794650
20221102,10:21:12,41538.00,1200,1794650
20221102,10:21:14,41542.50,150,1794650
20221102,10:21:15,41540.00,100,1794650
20221102,10:21:17,41542.50,200,1794650
20221102,10:21:19,41539.15,100,1794650
20221102,10:21:20,41540.00,200,1794650
20221102,10:21:22,41537.50,175,1794650
20221102,10:21:24,41540.00,175,1794650
20221102,10:21:25,41542.45,200,1794650
20221102,10:21:27,41542.05,200,1794650
20221102,10:21:29,41542.55,150,1794650
20221102,10:21:30,41540.85,425,1794650
20221102,10:21:32,41547.70,225,1794650
20221102,10:21:34,41541.00,250,1794650
20221102,10:21:35,41541.45,150,1794650
20221102,10:21:37,41541.70,200,1794650
20221102,10:21:38,41545.10,75,1794650
20221102,10:21:40,41543.55,325,1794650
20221102,10:21:42,41542.65,125,1794650
20221102,10:21:43,41545.00,175,1794650
20221102,10:21:45,41543.50,350,1794650
20221102,10:21:47,41545.00,125,1794650
20221102,10:21:48,41549.00,175,1794650
20221102,10:21:50,41543.50,25,1794650
20221102,10:21:52,41528.10,450,1794650
20221102,10:21:53,41534.75,200,1794650
20221102,10:21:55,41527.55,125,1794650
20221102,10:21:57,41528.95,50,1794650
20221102,10:22:00,41535.70,75,1794650
20221102,10:22:04,41525.00,75,1794650
20221102,10:22:05,41533.30,475,1794650
20221102,10:22:07,41531.55,475,1794650
20221102,10:22:09,41531.55,50,1794650
20221102,10:22:10,41531.05,200,1794650
20221102,10:22:12,41532.05,100,1794650
20221102,10:22:14,41535.70,300,1794650
20221102,10:22:15,41537.25,100,1794650
20221102,10:22:17,41531.25,25,1794650
20221102,10:22:19,41536.25,275,1794650
20221102,10:22:20,41534.65,325,1794650
20221102,10:22:24,41535.70,125,1794650
20221102,10:22:25,41535.85,50,1794650
20221102,10:22:27,41535.65,50,1794650
20221102,10:22:29,41530.85,225,1794650
20221102,10:22:32,41538.05,250,1794650
20221102,10:22:33,41537.40,50,1794650
20221102,10:22:35,41539.00,75,1794650
20221102,10:22:38,41531.60,50,1794650
20221102,10:22:40,41536.30,75,1794650
20221102,10:22:42,41531.25,25,1794650
20221102,10:22:43,41531.30,100,1794650
20221102,10:22:45,41531.30,350,1794650
20221102,10:22:47,41531.00,25,1794650
20221102,10:22:48,41525.65,450,1794650
20221102,10:22:50,41523.95,25,1794650
20221102,10:22:52,41518.65,450,1794650
20221102,10:22:53,41518.00,25,1794650
20221102,10:22:55,41521.35,450,1794650
20221102,10:22:57,41522.80,50,1794650
20221102,10:22:58,41520.00,200,1794650
20221102,10:23:00,41520.00,75,1794650
20221102,10:23:02,41520.00,150,1794650
20221102,10:23:05,41519.10,50,1794650
20221102,10:23:07,41515.00,450,1794650
20221102,10:23:08,41516.70,125,1794650
20221102,10:23:10,41517.95,300,1794650
20221102,10:23:12,41512.15,75,1794650
20221102,10:23:13,41515.30,125,1794650
20221102,10:23:15,41515.40,300,1794650
20221102,10:23:17,41519.45,25,1794650
20221102,10:23:18,41519.45,100,1794650
20221102,10:23:20,41521.70,100,1794650
20221102,10:23:22,41519.45,25,1794650
20221102,10:23:23,41520.20,125,1794650
20221102,10:23:25,41524.00,275,1794650
20221102,10:23:27,41520.20,250,1794650
20221102,10:23:28,41520.20,25,1794650
20221102,10:23:30,41520.20,125,1794650
20221102,10:23:32,41517.95,25,1794650
20221102,10:23:35,41525.70,50,1794650
20221102,10:23:37,41523.10,25,1794650
20221102,10:23:38,41518.75,25,1794650
20221102,10:23:40,41517.00,225,1794650
20221102,10:23:41,41521.60,75,1794050
20221102,10:23:45,41516.40,75,1794050
20221102,10:23:46,41521.90,50,1794050
20221102,10:23:48,41520.00,25,1794050
20221102,10:23:50,41520.00,25,1794050
20221102,10:23:51,41520.20,50,1794050
20221102,10:23:53,41520.20,25,1794050
20221102,10:23:54,41520.20,175,1794050
20221102,10:23:56,41520.20,25,1794050
20221102,10:23:59,41520.20,25,1794050
20221102,10:24:01,41520.35,250,1794050
20221102,10:24:03,41522.00,75,1794050
20221102,10:24:04,41526.15,250,1794050
20221102,10:24:06,41530.80,375,1794050
20221102,10:24:07,41532.50,575,1794050
20221102,10:24:09,41528.20,250,1794050
20221102,10:24:11,41534.20,50,1794050
20221102,10:24:12,41536.80,550,1794050
20221102,10:24:14,41534.65,50,1794050
20221102,10:24:16,41536.45,150,1794050
20221102,10:24:17,41532.75,125,1794050
20221102,10:24:19,41533.40,500,1794050
20221102,10:24:21,41530.00,75,1794050
20221102,10:24:24,41527.50,925,1794050
20221102,10:24:26,41532.15,50,1794050
20221102,10:24:27,41526.70,75,1794050
20221102,10:24:29,41529.40,200,1794050
20221102,10:24:32,41531.85,25,1794050
20221102,10:24:34,41533.00,100,1794050
20221102,10:24:35,41534.60,50,1794050
20221102,10:24:37,41539.70,175,1794050
20221102,10:24:39,41537.15,200,1794050
20221102,10:24:40,41539.75,325,1794050
20221102,10:24:42,41534.10,100,1794050
20221102,10:24:44,41538.85,25,1794050
20221102,10:24:45,41535.30,25,1794050
20221102,10:24:47,41539.25,25,1794050
20221102,10:24:49,41540.20,25,1794050
20221102,10:24:50,41537.90,150,1794050
20221102,10:24:52,41534.65,225,1794050
20221102,10:24:54,41529.05,100,1794050
20221102,10:24:57,41529.00,50,1794050
20221102,10:24:59,41529.00,100,1794050
20221102,10:25:02,41527.50,75,1794050
20221102,10:25:05,41530.30,50,1794050
20221102,10:25:07,41526.00,25,1794050
20221102,10:25:08,41526.00,25,1794050
20221102,10:25:10,41525.20,25,1794050
20221102,10:25:11,41525.40,150,1794050
20221102,10:25:15,41533.85,100,1794050
20221102,10:25:20,41535.20,150,1794050
20221102,10:25:21,41536.80,275,1794050
20221102,10:25:28,41527.65,75,1794050
20221102,10:25:30,41525.20,100,1794050
20221102,10:25:31,41525.20,200,1794050
20221102,10:25:35,41522.80,400,1794050
20221102,10:25:36,41523.75,500,1794050
20221102,10:25:38,41525.00,350,1794050
20221102,10:25:40,41523.95,50,1794050
20221102,10:25:43,41518.25,375,1794050
20221102,10:25:44,41525.00,75,1794050
20221102,10:25:46,41525.70,300,1794050
20221102,10:25:48,41523.10,150,1794050
20221102,10:25:49,41520.20,275,1794050
20221102,10:25:51,41520.20,100,1794050
20221102,10:25:53,41519.20,275,1794050
20221102,10:25:56,41521.80,50,1794050
20221102,10:25:57,41521.55,100,1794050
20221102,10:25:59,41525.15,900,1794050
20221102,10:26:01,41528.25,1500,1794050
20221102,10:26:02,41533.30,100,1794050
20221102,10:26:04,41530.20,250,1794050
20221102,10:26:06,41532.25,25,1794050
20221102,10:26:07,41536.00,75,1794050
20221102,10:26:09,41538.45,50,1794050
20221102,10:26:11,41534.15,100,1794050
20221102,10:26:12,41535.70,1050,1794050
20221102,10:26:16,41535.40,1000,1794050
20221102,10:26:17,41540.20,300,1794050
20221102,10:26:19,41540.20,1000,1794050
20221102,10:26:21,41534.75,300,1794050
20221102,10:26:22,41541.60,550,1794050
20221102,10:26:24,41544.35,600,1794050
20221102,10:26:26,41545.00,275,1794050
20221102,10:26:27,41545.00,50,1794050
20221102,10:26:29,41548.15,275,1794050
20221102,10:26:31,41545.95,150,1794050
20221102,10:26:32,41546.05,75,1794050
20221102,10:26:34,41543.85,25,1794050
20221102,10:26:36,41546.60,100,1794050
20221102,10:26:37,41548.60,50,1794050
20221102,10:26:39,41546.60,50,1794050
20221102,10:26:41,41546.60,50,1792625
20221102,10:26:44,41540.20,25,1792625
20221102,10:26:45,41540.20,125,1792625
20221102,10:26:47,41545.10,450,1792625
20221102,10:26:50,41549.60,300,1792625
20221102,10:26:52,41545.70,275,1792625
20221102,10:26:54,41548.35,100,1792625
20221102,10:26:55,41540.05,200,1792625
20221102,10:26:57,41548.35,100,1792625
20221102,10:26:59,41545.80,200,1792625
20221102,10:27:03,41545.30,75,1792625
20221102,10:27:05,41550.00,1175,1792625
20221102,10:27:07,41536.55,250,1792625
20221102,10:27:08,41537.55,125,1792625
20221102,10:27:10,41540.00,25,1792625
20221102,10:27:12,41536.75,100,1792625
20221102,10:27:13,41542.10,25,1792625
20221102,10:27:15,41543.20,25,1792625
20221102,10:27:16,41535.20,175,1792625
20221102,10:27:18,41538.20,50,1792625
20221102,10:27:20,41535.20,75,1792625
20221102,10:27:21,41535.20,175,1792625
20221102,10:27:23,41539.95,125,1792625
20221102,10:27:26,41538.45,25,1792625
20221102,10:27:28,41545.90,50,1792625
20221102,10:27:29,41533.40,250,1792625
20221102,10:27:31,41536.10,25,1792625
20221102,10:27:34,41541.95,75,1792625
20221102,10:27:36,41541.65,25,1792625
20221102,10:27:37,41542.05,50,1792625
20221102,10:27:39,41541.90,75,1792625
20221102,10:27:41,41540.95,75,1792625
20221102,10:27:42,41542.20,25,1792625
20221102,10:27:44,41545.00,25,1792625
20221102,10:27:46,41541.85,225,1792625
20221102,10:27:47,41544.00,25,1792625
20221102,10:27:49,41540.20,400,1792625
20221102,10:27:51,41541.65,50,1792625
20221102,10:27:52,41546.25,100,1792625
20221102,10:27:54,41545.95,125,1792625
20221102,10:27:56,41541.65,50,1792625
20221102,10:27:57,41544.65,125,1792625
20221102,10:27:59,41545.10,25,1792625
20221102,10:28:04,41544.95,150,1792625
20221102,10:28:05,41541.65,150,1792625
20221102,10:28:07,41539.80,25,1792625
20221102,10:28:09,41541.55,25,1792625
20221102,10:28:12,41548.85,175,1792625
20221102,10:28:14,41540.95,75,1792625
20221102,10:28:19,41547.70,200,1792625
20221102,10:28:20,41545.00,675,1792625
20221102,10:28:22,41547.75,250,1792625
20221102,10:28:24,41548.60,25,1792625
20221102,10:28:25,41551.85,300,1792625
20221102,10:28:27,41552.00,375,1792625
20221102,10:28:28,41543.50,175,1792625
20221102,10:28:30,41550.20,75,1792625
20221102,10:28:33,41547.45,275,1792625
20221102,10:28:35,41548.75,475,1792625
20221102,10:28:37,41545.10,25,1792625
20221102,10:28:38,41548.95,100,1792625
20221102,10:28:40,41548.70,225,1792625
20221102,10:28:43,41541.25,50,1792625
20221102,10:28:47,41540.20,100,1792625
20221102,10:28:48,41541.25,50,1792625
20221102,10:28:50,41543.40,300,1792625
20221102,10:28:52,41538.00,225,1792625
20221102,10:28:53,41541.70,125,1792625
20221102,10:29:00,41543.10,200,1792625
20221102,10:29:01,41535.00,250,1792625
20221102,10:29:03,41539.75,100,1792625
20221102,10:29:05,41535.85,1325,1792625
20221102,10:29:06,41535.20,425,1792625
20221102,10:29:08,41530.65,50,1792625
20221102,10:29:10,41537.15,25,1792625
20221102,10:29:11,41535.20,175,1792625
20221102,10:29:13,41535.20,50,1792625
20221102,10:29:18,41532.55,400,1792625
