20221102,09:15:02,18323.60,1,141600
20221102,09:15:02,18323.60,50,141600
20221102,09:15:04,18327.10,1400,141600
20221102,09:15:04,18317.25,1400,141600
20221102,09:15:06,18324.35,50,141600
20221102,09:15:11,18321.35,50,141600
20221102,09:15:31,18310.00,50,141600
20221102,09:15:32,18310.00,100,141600
20221102,09:15:34,18308.00,100,141600
20221102,09:15:40,18308.00,50,141600
20221102,09:15:41,18306.15,250,141600
20221102,09:15:46,18310.00,50,141600
20221102,09:15:48,18312.20,50,141600
20221102,09:15:54,18316.80,50,141600
20221102,09:15:56,18310.25,250,141600
20221102,09:15:59,18312.20,50,141600
20221102,09:16:15,18316.45,50,141600
20221102,09:16:24,18315.95,100,141600
20221102,09:16:39,18309.75,50,141600
20221102,09:16:43,18308.05,150,141600
20221102,09:16:45,18308.00,50,141600
20221102,09:16:56,18308.00,250,141600
20221102,09:16:57,18314.40,50,141600
20221102,09:17:10,18308.00,100,141600
20221102,09:17:11,18304.00,250,141600
20221102,09:17:15,18307.25,50,141600
20221102,09:17:17,18301.60,500,141600
20221102,09:17:41,18301.00,50,142550
20221102,09:17:42,18300.00,100,142550
20221102,09:17:43,18300.00,300,142550
20221102,09:17:52,18297.00,50,142550
20221102,09:18:11,18291.25,50,142550
20221102,09:18:12,18291.25,50,142550
20221102,09:18:16,18291.25,450,142550
20221102,09:18:18,18296.50,50,142550
20221102,09:18:19,18291.25,50,142550
20221102,09:18:26,18291.25,50,142550
20221102,09:18:30,18291.00,50,142550
20221102,09:18:32,18291.00,100,142550
20221102,09:18:43,18291.00,100,142550
20221102,09:18:44,18291.35,50,142550
20221102,09:18:52,18296.00,150,142550
20221102,09:19:00,18296.00,50,142550
20221102,09:19:01,18296.00,50,142550
20221102,09:19:05,18296.05,50,142550
20221102,09:19:11,18297.00,50,142550
20221102,09:19:21,18299.00,50,142550
20221102,09:19:25,18297.65,100,142550
20221102,09:19:27,18300.00,150,142550
20221102,09:19:28,18300.00,100,142550
20221102,09:19:34,18301.90,400,142550
20221102,09:19:47,18302.25,50,142550
20221102,09:20:00,18300.00,50,142550
20221102,09:20:02,18302.60,50,142550
20221102,09:20:03,18303.00,50,142550
20221102,09:20:08,18305.00,50,142550
20221102,09:20:09,18305.00,400,142550
20221102,09:20:10,18305.00,50,142550
20221102,09:20:11,18304.90,50,142550
20221102,09:20:27,18301.20,700,143000
20221102,09:20:38,18304.50,50,143000
20221102,09:20:38,18302.70,400,143000
20221102,09:20:44,18305.00,50,143000
20221102,09:20:53,18301.30,250,143000
20221102,09:20:59,18305.00,50,143000
20221102,09:21:12,18307.95,50,143000
20221102,09:21:21,18305.00,100,143000
20221102,09:21:50,18305.00,50,143000
20221102,09:21:54,18305.00,150,143000
20221102,09:21:58,18306.75,50,143000
20221102,09:22:15,18312.95,50,143000
20221102,09:22:24,18309.85,50,143000
20221102,09:22:40,18307.10,50,143000
20221102,09:22:48,18306.90,100,143000
20221102,09:22:51,18305.00,100,143000
20221102,09:23:32,18305.00,150,143150
20221102,09:23:36,18305.00,50,143150
20221102,09:23:37,18305.00,100,143150
20221102,09:23:41,18305.10,50,143150
20221102,09:23:47,18305.10,50,143150
20221102,09:23:54,18305.10,400,143150
20221102,09:23:55,18305.10,150,143150
20221102,09:24:01,18305.00,50,143150
20221102,09:24:03,18305.00,50,143150
20221102,09:24:13,18305.10,100,143150
20221102,09:24:13,18305.10,50,143150
20221102,09:24:21,18307.50,50,143150
20221102,09:24:22,18302.30,50,143150
20221102,09:24:23,18307.15,50,143150
20221102,09:24:25,18306.15,50,143150
20221102,09:24:39,18303.95,50,143150
20221102,09:24:52,18310.00,50,143150
20221102,09:25:08,18310.00,250,143150
20221102,09:25:30,18308.00,50,143150
20221102,09:25:48,18308.05,100,143150
20221102,09:25:50,18312.60,150,143150
20221102,09:26:02,18315.00,450,143150
20221102,09:26:04,18315.00,50,143150
20221102,09:26:18,18314.85,50,143150
20221102,09:26:29,18316.05,100,143000
20221102,09:26:33,18310.45,50,143000
20221102,09:26:48,18316.75,50,143000
20221102,09:27:01,18315.95,50,143000
20221102,09:27:24,18310.05,100,143000
20221102,09:27:33,18310.00,100,143000
20221102,09:28:16,18310.00,100,143000
20221102,09:28:23,18310.00,50,143000
20221102,09:28:49,18304.30,50,143000
20221102,09:28:56,18304.20,50,143000
20221102,09:29:07,18303.00,50,143000
20221102,09:29:13,18303.00,100,143000
20221102,09:29:16,18302.65,50,143000
20221102,09:29:24,18303.60,50,143300
20221102,09:29:29,18305.00,50,143300
20221102,09:29:36,18305.00,50,143300
20221102,09:30:02,18303.00,50,143300
20221102,09:30:11,18300.00,50,143300
20221102,09:30:15,18299.85,350,143300
20221102,09:30:17,18297.00,50,143300
20221102,09:30:22,18295.00,50,143300
20221102,09:30:42,18291.00,50,143300
20221102,09:31:07,18291.00,50,143300
20221102,09:31:10,18291.00,200,143300
20221102,09:31:11,18291.00,150,143300
20221102,09:31:13,18290.00,650,143300
20221102,09:31:16,18288.00,150,143300
20221102,09:31:33,18285.35,50,143300
20221102,09:31:38,18281.10,100,143300
20221102,09:31:47,18281.10,50,143300
20221102,09:32:01,18280.05,50,143300
20221102,09:32:41,18280.05,50,144450
20221102,09:32:43,18280.00,400,144450
20221102,09:32:46,18280.00,50,144450
20221102,09:32:57,18284.95,50,144450
20221102,09:32:59,18280.80,50,144450
20221102,09:33:32,18285.00,150,144450
20221102,09:33:35,18285.00,150,144450
20221102,09:33:54,18280.80,100,144450
20221102,09:34:05,18280.80,100,144450
20221102,09:34:06,18280.80,50,144450
20221102,09:34:07,18280.20,50,144450
20221102,09:34:31,18280.60,50,144450
20221102,09:34:38,18280.00,300,144450
20221102,09:35:09,18278.75,50,144450
20221102,09:35:11,18276.35,50,144450
20221102,09:35:22,18276.35,50,144450
20221102,09:36:07,18280.00,100,144450
20221102,09:36:38,18284.00,50,144450
20221102,09:36:41,18280.75,50,144450
20221102,09:36:47,18285.00,50,144450
20221102,09:37:05,18286.00,50,144450
20221102,09:37:11,18284.55,100,144450
20221102,09:37:17,18286.00,50,144450
20221102,09:37:27,18287.75,50,144450
20221102,09:38:24,18294.60,50,144600
20221102,09:38:42,18292.05,150,144600
20221102,09:38:56,18291.20,50,144600
20221102,09:40:03,18292.00,50,144600
20221102,09:40:14,18292.00,50,144600
20221102,09:40:32,18290.55,50,144600
20221102,09:40:52,18293.00,50,144600
20221102,09:40:57,18287.95,50,144600
20221102,09:41:24,18295.50,50,144500
20221102,09:41:25,18290.75,50,144500
20221102,09:41:33,18294.40,100,144500
20221102,09:41:51,18293.95,100,144500
20221102,09:42:02,18292.10,50,144500
20221102,09:42:09,18289.30,50,144500
20221102,09:43:23,18298.55,50,144500
20221102,09:43:28,18296.00,100,144500
20221102,09:43:34,18293.10,50,144500
20221102,09:43:57,18299.00,50,144500
20221102,09:43:58,18299.00,550,144500
20221102,09:43:59,18298.80,50,144500
20221102,09:44:00,18299.00,250,144500
20221102,09:44:01,18299.00,150,144500
20221102,09:44:19,18299.00,100,144500
20221102,09:44:20,18300.00,200,144500
20221102,09:44:37,18301.50,50,144450
20221102,09:45:34,18311.25,150,144450
20221102,09:45:44,18309.45,50,144450
20221102,09:45:45,18310.35,300,144450
20221102,09:45:50,18313.00,50,144450
20221102,09:45:54,18309.05,100,144450
20221102,09:45:55,18309.00,50,144450
20221102,09:46:37,18312.90,100,144450
20221102,09:46:54,18310.00,50,144450
20221102,09:47:19,18309.00,50,144450
20221102,09:47:28,18307.00,50,144850
20221102,09:48:03,18307.00,100,144850
20221102,09:48:17,18310.00,50,144850
20221102,09:48:35,18309.55,100,144850
20221102,09:48:36,18310.00,50,144850
20221102,09:49:11,18310.00,50,144850
20221102,09:49:28,18311.35,50,144850
20221102,09:49:34,18315.00,50,144850
20221102,09:49:46,18308.05,50,144850
20221102,09:49:52,18310.25,50,144850
20221102,09:50:10,18307.50,50,144850
20221102,09:50:30,18305.00,100,145050
20221102,09:50:58,18303.00,50,145050
20221102,09:51:23,18304.20,50,145050
20221102,09:51:40,18302.00,50,145050
20221102,09:53:48,18293.50,200,144950
20221102,09:53:51,18293.00,50,144950
20221102,09:54:36,18289.00,50,144950
20221102,09:54:54,18289.00,100,144950
20221102,09:54:55,18288.00,50,144950
20221102,09:54:56,18287.75,50,144950
20221102,09:55:28,18283.50,100,144950
20221102,09:56:07,18280.00,550,144950
20221102,09:56:34,18281.75,200,144750
20221102,09:56:40,18278.95,50,144750
20221102,09:57:04,18282.65,100,144750
20221102,09:57:08,18282.00,200,144750
20221102,09:57:46,18291.95,50,144750
20221102,09:59:06,18298.25,50,144750
20221102,09:59:10,18293.55,100,144750
20221102,10:00:12,18295.00,50,144950
20221102,10:00:19,18295.00,50,144950
20221102,10:00:31,18293.55,100,144950
20221102,10:00:32,18292.00,200,144950
20221102,10:00:46,18290.00,50,144950
20221102,10:00:47,18290.00,200,144950
20221102,10:01:34,18285.25,50,144950
20221102,10:01:40,18289.80,50,144950
20221102,10:02:23,18292.20,50,144950
20221102,10:02:53,18294.95,50,145300
20221102,10:03:15,18292.20,100,145300
20221102,10:03:27,18292.20,50,145300
20221102,10:04:01,18291.80,50,145300
20221102,10:04:12,18295.00,100,145300
20221102,10:04:13,18295.00,100,145300
20221102,10:04:26,18299.60,50,145300
20221102,10:04:37,18300.00,50,145300
20221102,10:04:57,18300.00,100,145300
20221102,10:05:08,18300.00,50,145300
20221102,10:05:35,18293.70,50,145200
20221102,10:06:21,18294.85,50,145200
20221102,10:06:32,18297.95,1000,145200
20221102,10:06:39,18293.70,50,145200
20221102,10:06:40,18293.20,50,145200
20221102,10:06:50,18293.60,50,145200
20221102,10:07:04,18292.65,100,145200
20221102,10:07:38,18291.95,50,145200
20221102,10:08:16,18287.05,50,145200
20221102,10:08:21,18288.30,50,145200
20221102,10:08:41,18292.70,50,145250
20221102,10:10:08,18295.90,50,145250
20221102,10:10:13,18296.10,50,145250
20221102,10:10:20,18292.00,50,145250
20221102,10:10:29,18287.00,1000,145250
20221102,10:10:38,18291.40,50,145250
20221102,10:10:41,18285.10,1000,145250
20221102,10:11:55,18283.75,1000,145250
20221102,10:12:49,18288.00,50,146200
20221102,10:14:07,18287.50,50,146200
20221102,10:14:23,18287.50,50,146200
20221102,10:14:25,18287.50,250,146200
20221102,10:15:50,18285.00,50,146200
20221102,10:15:51,18285.40,50,146200
20221102,10:16:37,18283.35,50,146200
20221102,10:17:32,18283.00,50,146200
20221102,10:18:32,18283.00,100,146200
20221102,10:18:48,18281.00,50,146200
20221102,10:18:49,18280.00,100,146200
20221102,10:18:54,18280.00,50,146200
20221102,10:19:04,18276.00,150,146200
20221102,10:19:15,18276.00,50,146200
20221102,10:20:11,18276.00,100,146200
20221102,10:21:28,18278.95,50,145750
20221102,10:21:30,18279.60,50,145750
20221102,10:21:32,18280.00,50,145750
20221102,10:22:48,18278.00,50,145750
20221102,10:23:05,18276.00,150,145750
20221102,10:23:07,18274.00,350,145750
20221102,10:23:45,18274.00,50,145800
20221102,10:24:10,18280.00,50,145800
20221102,10:24:11,18279.45,50,145800
20221102,10:24:37,18283.15,50,145800
20221102,10:24:41,18285.00,50,145800
20221102,10:25:09,18283.80,50,145800
20221102,10:25:52,18278.85,50,145800
20221102,10:27:05,18284.80,100,145700
20221102,10:27:06,18288.15,50,145700
20221102,10:27:11,18284.90,50,145700
20221102,10:27:27,18285.80,50,145700
20221102,10:27:45,18288.20,50,145700
20221102,10:28:48,18290.00,50,145700
20221102,10:30:01,18287.45,50,145750
20221102,10:30:06,18289.00,50,145750
20221102,10:31:00,18288.60,50,145750
20221102,10:33:45,18294.90,50,145800
20221102,10:34:44,18292.50,200,145800
20221102,10:35:04,18295.00,50,145800
20221102,10:35:15,18295.00,50,145800
20221102,10:37:10,18291.70,50,145650
20221102,10:37:29,18292.60,50,145650
20221102,10:39:35,18291.85,50,145750
20221102,10:41:35,18285.40,50,145800
20221102,10:42:14,18284.60,50,145800
20221102,10:43:13,18285.00,100,145800
20221102,10:43:20,18283.80,100,145800
20221102,10:46:03,18282.95,50,145800
20221102,10:46:19,18283.50,50,145800
20221102,10:46:25,18286.25,50,145800
20221102,10:47:31,18285.10,50,145800
20221102,10:47:31,18285.35,50,145800
20221102,10:48:17,18290.25,50,145850
20221102,10:48:47,18285.35,50,145850
20221102,10:53:59,18285.40,50,145900
20221102,10:54:23,18287.85,50,145900
20221102,10:54:46,18285.35,300,145900
20221102,10:54:47,18285.35,150,145900
20221102,10:54:50,18285.35,3350,145900
20221102,10:54:52,18285.35,1200,145900
20221102,10:55:01,18285.35,400,145900
20221102,10:55:05,18285.00,50,145900
20221102,10:55:15,18283.00,50,145900
20221102,10:55:38,18280.00,50,145900
20221102,10:56:34,18278.00,50,145900
20221102,10:56:37,18278.00,50,145900
20221102,10:57:04,18278.05,50,146800
20221102,10:57:15,18278.05,50,146800
20221102,10:57:45,18278.00,50,146800
20221102,10:57:47,18278.00,50,146800
20221102,10:57:50,18278.00,100,146800
20221102,10:57:54,18278.00,50,146800
20221102,10:57:55,18278.00,100,146800
20221102,10:58:05,18275.00,300,146800
20221102,10:58:06,18275.00,100,146800
20221102,10:58:48,18278.05,50,146800
20221102,11:00:11,18277.00,50,146900
20221102,11:00:12,18277.00,150,146900
20221102,11:00:16,18277.00,200,146900
20221102,11:00:17,18277.85,150,146900
20221102,11:00:19,18277.00,50,146900
20221102,11:00:21,18277.00,50,146900
20221102,11:00:24,18277.00,100,146900
20221102,11:00:28,18277.00,250,146900
20221102,11:00:29,18277.00,50,146900
20221102,11:00:31,18277.00,50,146900
20221102,11:01:13,18283.00,200,146900
20221102,11:01:14,18283.00,200,146900
20221102,11:02:14,18277.00,50,146900
20221102,11:02:16,18278.65,50,146900
20221102,11:02:32,18275.00,100,146900
20221102,11:02:52,18274.00,50,148000
20221102,11:03:02,18274.00,50,148000
20221102,11:03:26,18272.00,50,148000
20221102,11:03:47,18272.00,50,148000
20221102,11:04:27,18272.00,50,148000
20221102,11:04:34,18272.00,50,148000
20221102,11:05:24,18271.00,50,148000
20221102,11:05:25,18271.00,100,148000
20221102,11:05:29,18270.00,50,148000
20221102,11:05:31,18270.00,50,148000
20221102,11:06:00,18267.45,50,147850
20221102,11:06:34,18267.45,100,147850
20221102,11:06:46,18269.10,50,147850
20221102,11:07:07,18267.95,350,147850
20221102,11:07:13,18269.85,100,147850
20221102,11:07:16,18270.00,350,147850
20221102,11:07:18,18270.00,50,147850
20221102,11:07:20,18270.00,50,147850
20221102,11:07:40,18274.00,50,147850
20221102,11:08:27,18275.00,50,147850
20221102,11:08:38,18278.50,50,147850
20221102,11:09:54,18279.00,400,147950
20221102,11:09:55,18279.00,100,147950
20221102,11:10:47,18279.70,50,147950
20221102,11:12:05,18276.15,50,147950
20221102,11:14:37,18278.20,50,147950
20221102,11:16:17,18285.00,50,148000
20221102,11:19:03,18282.70,50,148000
20221102,11:20:11,18282.00,100,148000
20221102,11:23:01,18283.00,50,148000
20221102,11:23:40,18286.00,50,148000
20221102,11:24:23,18283.55,50,148000
20221102,11:26:17,18280.00,50,148050
20221102,11:30:31,18280.00,250,148150
20221102,11:30:32,18280.00,150,148150
20221102,11:30:33,18280.00,100,148150
20221102,11:34:08,18276.00,50,148600
20221102,11:35:18,18276.00,50,148600
20221102,11:35:19,18276.00,50,148600
20221102,11:35:21,18276.00,50,148600
20221102,11:38:35,18277.15,50,148650
20221102,11:38:39,18280.35,100,148650
20221102,11:39:11,18279.35,100,148650
20221102,11:41:39,18275.55,50,148650
20221102,11:42:36,18275.05,50,148650
20221102,11:43:05,18274.85,50,148650
20221102,11:43:58,18270.00,50,148650
20221102,11:44:37,18270.00,50,148650
20221102,11:44:40,18271.70,50,148650
20221102,11:45:01,18271.20,100,148750
20221102,11:45:03,18271.00,50,148750
20221102,11:45:31,18271.00,50,148750
20221102,11:46:18,18275.35,50,148750
20221102,11:46:23,18271.20,50,148750
20221102,11:46:25,18275.35,50,148750
20221102,11:47:15,18271.80,50,148750
20221102,11:47:57,18276.05,100,149000
20221102,11:48:14,18272.00,50,149000
20221102,11:48:16,18271.00,50,149000
20221102,11:48:20,18271.00,50,149000
20221102,11:48:25,18270.00,50,149000
20221102,11:48:42,18270.00,50,149000
20221102,11:48:43,18270.00,50,149000
20221102,11:48:45,18270.65,50,149000
20221102,11:48:52,18267.00,50,149000
20221102,11:48:59,18267.00,50,149000
20221102,11:49:13,18267.05,50,149000
20221102,11:49:14,18265.00,100,149000
20221102,11:49:18,18264.00,50,149000
20221102,11:50:28,18264.00,50,149000
20221102,11:51:40,18270.80,50,149250
20221102,11:51:42,18270.65,150,149250
20221102,11:52:31,18270.00,50,149250
20221102,11:53:17,18268.15,100,149250
20221102,11:53:54,18267.00,900,149150
20221102,11:54:31,18267.95,50,149150
20221102,11:55:39,18267.95,50,149150
20221102,11:55:45,18265.00,100,149150
20221102,11:57:22,18265.00,50,148650
20221102,11:58:01,18266.60,50,148650
20221102,11:59:44,18270.65,200,148650
20221102,12:00:16,18274.85,150,148750
20221102,12:00:27,18274.65,50,148750
20221102,12:00:37,18274.70,50,148750
20221102,12:01:16,18271.85,100,148750
20221102,12:01:33,18274.70,50,148750
20221102,12:02:02,18274.75,100,148750
20221102,12:02:04,18275.00,50,148750
20221102,12:02:20,18274.80,50,148750
20221102,12:03:48,18272.00,50,148900
20221102,12:05:37,18266.75,50,148900
20221102,12:06:04,18264.00,50,148900
20221102,12:06:36,18264.40,50,148850
20221102,12:07:00,18264.00,50,148850
20221102,12:08:05,18265.80,50,148850
20221102,12:08:08,18265.70,50,148850
20221102,12:08:26,18262.00,100,148850
20221102,12:08:52,18262.00,50,148800
20221102,12:09:41,18262.00,350,148800
20221102,12:09:42,18263.00,150,148800
20221102,12:09:43,18263.00,50,148800
20221102,12:09:45,18263.00,450,148800
20221102,12:10:06,18260.00,100,148800
20221102,12:10:07,18260.00,50,148800
20221102,12:10:23,18260.00,50,148800
20221102,12:11:03,18262.05,50,148800
20221102,12:11:06,18261.20,100,148800
20221102,12:11:10,18262.05,50,148800
20221102,12:12:40,18266.30,50,148550
20221102,12:13:05,18263.60,50,148550
20221102,12:13:56,18261.40,50,148550
20221102,12:14:06,18266.70,50,148550
20221102,12:14:35,18264.75,50,148550
20221102,12:14:57,18263.95,50,148650
20221102,12:16:22,18263.95,50,148650
20221102,12:18:06,18263.35,100,148650
20221102,12:18:19,18262.60,50,148650
20221102,12:18:23,18262.65,50,148650
20221102,12:19:06,18263.00,50,148650
20221102,12:19:08,18262.25,100,148650
20221102,12:19:13,18262.00,150,148650
20221102,12:19:13,18262.00,50,148650
20221102,12:19:17,18262.00,100,148650
20221102,12:19:20,18262.00,100,148650
20221102,12:19:29,18260.00,200,148650
20221102,12:19:30,18260.00,100,148650
20221102,12:20:03,18259.00,50,148650
20221102,12:20:22,18259.00,50,148650
20221102,12:20:44,18260.50,50,148650
20221102,12:21:27,18264.95,50,148650
20221102,12:21:42,18265.00,50,148650
20221102,12:22:29,18267.00,50,148650
20221102,12:22:39,18268.95,50,148650
20221102,12:24:46,18264.70,50,148600
20221102,12:25:42,18268.00,50,148600
20221102,12:25:44,18268.00,100,148600
20221102,12:25:49,18270.00,50,148600
20221102,12:26:15,18270.00,150,148600
20221102,12:26:18,18267.20,50,148600
20221102,12:26:31,18270.00,50,148600
20221102,12:26:39,18270.00,50,148600
20221102,12:26:45,18270.45,50,148600
20221102,12:26:47,18270.45,50,148600
20221102,12:28:04,18267.65,50,148700
20221102,12:28:45,18264.55,50,148700
20221102,12:29:29,18264.00,50,148700
20221102,12:29:48,18265.75,50,148700
20221102,12:29:49,18266.00,50,148700
20221102,12:30:01,18261.10,150,148850
20221102,12:30:05,18260.85,50,148850
20221102,12:30:34,18264.00,100,148850
20221102,12:30:36,18264.85,50,148850
20221102,12:30:45,18261.00,50,148850
20221102,12:31:05,18260.00,100,148850
20221102,12:31:07,18260.00,50,148850
20221102,12:31:09,18260.00,50,148850
20221102,12:31:13,18261.90,100,148850
20221102,12:31:36,18258.30,100,148850
20221102,12:31:51,18258.30,50,148850
20221102,12:31:54,18260.00,50,148850
20221102,12:32:10,18259.90,100,148850
20221102,12:32:18,18261.00,50,148850
20221102,12:32:27,18263.65,50,148850
20221102,12:33:10,18256.00,50,149550
20221102,12:33:40,18255.00,50,149550
20221102,12:33:41,18255.00,100,149550
20221102,12:34:23,18258.00,50,149550
20221102,12:36:26,18260.00,150,149600
20221102,12:36:27,18260.00,100,149600
20221102,12:37:16,18260.75,50,149600
20221102,12:37:20,18261.70,50,149600
20221102,12:38:17,18260.00,50,149600
20221102,12:38:28,18260.00,100,149600
20221102,12:39:25,18260.00,50,149600
20221102,12:40:29,18263.00,50,149650
20221102,12:40:56,18263.00,50,149650
20221102,12:42:50,18264.00,50,149750
20221102,12:43:44,18263.00,100,149750
20221102,12:45:01,18256.05,50,149750
20221102,12:45:04,18256.00,100,149750
20221102,12:45:25,18256.00,50,149750
20221102,12:45:29,18255.30,50,149750
20221102,12:46:17,18255.30,50,149750
20221102,12:46:26,18255.30,200,149750
20221102,12:46:30,18255.00,50,149750
20221102,12:46:44,18255.00,50,149750
20221102,12:46:51,18255.15,50,149750
20221102,12:47:31,18255.15,50,149750
20221102,12:48:47,18255.00,50,149950
20221102,12:49:19,18254.00,50,149950
20221102,12:49:21,18253.00,50,149950
20221102,12:49:27,18251.25,50,149950
20221102,12:49:30,18251.00,50,149950
20221102,12:49:31,18250.00,200,149950
20221102,12:49:35,18250.00,50,149950
20221102,12:49:37,18250.00,1350,149950
20221102,12:49:42,18248.20,50,149950
20221102,12:49:47,18248.00,50,149950
20221102,12:49:51,18247.05,50,149950
20221102,12:50:33,18247.05,50,149950
20221102,12:50:55,18247.00,50,149950
20221102,12:50:57,18247.00,50,149950
20221102,12:51:00,18249.40,50,149950
20221102,12:51:17,18246.85,100,148900
20221102,12:51:20,18245.00,50,148900
20221102,12:51:24,18245.00,50,148900
20221102,12:51:40,18245.00,50,148900
20221102,12:52:03,18245.00,50,148900
20221102,12:52:15,18247.70,50,148900
20221102,12:52:21,18247.60,250,148900
20221102,12:52:31,18244.60,100,148900
20221102,12:52:52,18244.60,50,148900
20221102,12:53:23,18245.40,50,148900
20221102,12:53:31,18245.40,100,148900
20221102,12:53:34,18249.55,50,148900
20221102,12:53:41,18249.35,50,148900
20221102,12:53:44,18247.00,50,148900
20221102,12:55:23,18248.00,50,148850
20221102,12:57:43,18248.00,50,148850
20221102,12:59:10,18248.00,100,148900
20221102,12:59:25,18248.00,150,148900
20221102,12:59:33,18245.00,50,148900
20221102,13:00:02,18244.00,50,148950
20221102,13:00:03,18243.85,100,148950
20221102,13:00:05,18241.05,50,148950
20221102,13:00:07,18241.00,50,148950
20221102,13:00:14,18240.00,500,148950
20221102,13:00:17,18238.00,50,148950
20221102,13:00:41,18238.00,50,148950
20221102,13:00:48,18236.00,50,148950
20221102,13:01:21,18236.00,100,148950
20221102,13:01:29,18241.90,50,148950
20221102,13:02:47,18240.00,50,148950
20221102,13:03:34,18240.90,150,149100
20221102,13:04:11,18247.80,50,149100
20221102,13:04:19,18247.85,150,149100
20221102,13:04:22,18244.05,50,149100
20221102,13:05:59,18250.00,50,149100
20221102,13:06:02,18250.00,50,149100
20221102,13:06:19,18249.05,50,149100
20221102,13:07:19,18250.00,50,149100
20221102,13:07:27,18253.65,100,149100
20221102,13:07:54,18256.50,50,149100
20221102,13:08:45,18256.50,50,149100
20221102,13:08:56,18255.00,50,149100
20221102,13:09:46,18253.45,50,149200
20221102,13:10:01,18254.85,50,149200
20221102,13:10:14,18256.15,150,149200
20221102,13:11:03,18253.45,100,149200
20221102,13:11:18,18253.00,50,149200
20221102,13:11:21,18253.25,100,149200
20221102,13:12:32,18253.25,50,149400
20221102,13:13:43,18250.80,50,149400
20221102,13:14:11,18253.25,100,149400
20221102,13:14:17,18252.55,100,149400
20221102,13:14:43,18255.00,50,149400
20221102,13:14:55,18258.50,50,149400
20221102,13:15:14,18259.00,50,149450
20221102,13:16:54,18266.25,100,149450
20221102,13:17:17,18269.00,50,149450
20221102,13:17:24,18270.00,100,149450
20221102,13:17:36,18270.00,50,149450
20221102,13:17:40,18270.30,50,149450
20221102,13:18:07,18270.00,50,149450
20221102,13:18:29,18268.85,100,149400
20221102,13:18:37,18265.00,50,149400
20221102,13:19:12,18268.00,50,149400
20221102,13:20:17,18270.00,50,149400
20221102,13:20:45,18276.55,50,149400
20221102,13:21:22,18273.25,50,149300
20221102,13:21:29,18269.10,150,149300
20221102,13:25:35,18270.00,50,149400
20221102,13:26:28,18268.75,100,149400
20221102,13:26:53,18264.65,50,149400
20221102,13:29:17,18270.95,50,149600
20221102,13:29:44,18270.00,100,149600
20221102,13:29:46,18270.00,200,149600
20221102,13:29:49,18270.50,50,149600
20221102,13:29:50,18270.00,50,149600
20221102,13:29:51,18270.00,100,149600
20221102,13:29:54,18270.00,50,149600
20221102,13:29:56,18270.00,500,149600
20221102,13:29:59,18266.35,850,149600
20221102,13:30:57,18266.35,50,150650
20221102,13:31:13,18268.65,50,150650
20221102,13:31:52,18267.25,50,150650
20221102,13:34:17,18264.00,50,150650
20221102,13:35:21,18255.30,50,150650
20221102,13:35:44,18254.10,50,150650
20221102,13:36:03,18250.45,100,150650
20221102,13:37:05,18251.00,50,150600
20221102,13:37:26,18250.45,50,150600
20221102,13:37:30,18250.00,50,150600
20221102,13:38:06,18249.00,100,150600
20221102,13:38:25,18246.70,50,150600
20221102,13:38:41,18248.65,50,150600
20221102,13:38:44,18249.00,50,150600
20221102,13:39:21,18247.00,50,150600
20221102,13:41:05,18248.05,50,150650
20221102,13:41:23,18248.05,50,150650
20221102,13:44:01,18243.20,50,150600
20221102,13:44:43,18241.00,50,150600
20221102,13:45:49,18242.00,50,150600
20221102,13:46:01,18247.95,50,150650
20221102,13:48:29,18254.20,50,150650
20221102,13:48:50,18254.20,50,150650
20221102,13:48:59,18254.20,50,150650
20221102,13:49:24,18254.50,50,150650
20221102,13:49:36,18256.35,100,150650
20221102,13:50:12,18259.20,50,150650
20221102,13:50:14,18260.15,50,150650
20221102,13:52:22,18254.75,50,150700
20221102,13:54:03,18252.00,50,150700
20221102,13:54:18,18255.35,50,150750
20221102,13:54:27,18255.35,50,150750
20221102,13:54:32,18255.35,50,150750
20221102,13:54:38,18255.35,250,150750
20221102,13:55:02,18250.20,50,150750
20221102,13:55:57,18258.20,50,150750
20221102,13:56:00,18256.15,50,150750
20221102,13:57:27,18256.00,50,151100
20221102,13:58:41,18248.90,50,151100
20221102,13:58:42,18251.85,100,151100
20221102,13:58:59,18248.55,50,151100
20221102,13:59:43,18249.05,50,151100
20221102,14:00:05,18246.80,100,151100
20221102,14:00:28,18247.35,50,151100
20221102,14:01:03,18242.00,50,151100
20221102,14:01:05,18242.00,150,151100
20221102,14:01:05,18241.00,1000,151100
20221102,14:01:06,18238.00,250,151100
20221102,14:01:23,18239.60,50,151100
20221102,14:01:51,18244.80,200,151100
20221102,14:02:19,18256.05,100,151100
20221102,14:04:04,18253.90,200,151150
20221102,14:04:28,18249.40,50,151150
20221102,14:04:56,18244.25,50,151150
20221102,14:06:04,18240.95,50,151150
20221102,14:06:08,18242.00,50,151150
20221102,14:06:38,18246.00,50,151300
20221102,14:07:32,18241.90,50,151300
20221102,14:08:25,18240.00,200,151300
20221102,14:08:40,18238.05,100,151300
20221102,14:08:48,18238.90,250,151300
20221102,14:09:21,18242.70,250,150950
20221102,14:09:30,18242.70,50,150950
20221102,14:10:02,18241.25,50,150950
20221102,14:10:14,18240.00,50,150950
20221102,14:10:29,18240.30,150,150950
20221102,14:11:21,18242.00,50,150950
20221102,14:11:42,18242.85,50,150950
20221102,14:12:13,18242.00,50,150900
20221102,14:12:15,18242.00,50,150900
20221102,14:12:18,18242.00,100,150900
20221102,14:12:21,18240.00,50,150900
20221102,14:13:01,18239.75,50,150900
20221102,14:13:36,18242.85,300,150900
20221102,14:14:09,18243.95,500,150900
20221102,14:17:06,18246.00,150,151350
20221102,14:17:08,18246.00,50,151350
20221102,14:17:51,18241.85,50,151350
20221102,14:19:04,18252.70,50,151550
20221102,14:19:15,18253.55,50,151550
20221102,14:19:30,18252.30,50,151550
20221102,14:20:03,18248.70,50,151550
20221102,14:20:19,18255.00,50,151550
20221102,14:20:25,18253.70,50,151550
20221102,14:21:03,18258.80,50,151550
20221102,14:21:27,18258.80,50,151700
20221102,14:21:31,18259.20,50,151700
20221102,14:21:52,18259.90,50,151700
20221102,14:21:55,18259.90,50,151700
20221102,14:23:01,18255.95,100,151700
20221102,14:23:46,18245.00,50,151700
20221102,14:24:14,18245.05,50,151700
20221102,14:24:16,18250.00,250,151800
20221102,14:25:27,18251.00,50,151800
20221102,14:25:44,18251.00,100,151800
20221102,14:26:06,18251.00,250,151800
20221102,14:27:28,18251.00,50,151750
20221102,14:27:48,18251.00,50,151750
20221102,14:28:29,18251.00,50,151750
20221102,14:29:52,18252.00,50,151750
20221102,14:29:58,18251.00,50,151750
20221102,14:30:39,18256.00,200,151850
20221102,14:31:17,18259.10,50,151850
20221102,14:32:20,18260.00,50,151850
20221102,14:33:26,18259.00,50,151550
20221102,14:34:17,18258.95,200,151550
20221102,14:35:03,18259.00,300,151550
20221102,14:35:05,18259.00,200,151550
20221102,14:35:10,18260.00,100,151550
20221102,14:35:11,18260.00,150,151550
20221102,14:36:13,18262.00,50,151550
20221102,14:36:52,18260.00,50,151000
20221102,14:39:18,18255.00,50,151000
20221102,14:41:39,18259.95,50,151000
20221102,14:43:51,18257.15,50,151050
20221102,14:44:04,18256.40,50,151050
20221102,14:45:18,18251.00,100,151050
20221102,14:45:23,18251.00,50,151050
20221102,14:45:25,18250.05,50,151050
20221102,14:46:22,18246.90,50,151050
20221102,14:46:38,18249.00,50,151050
20221102,14:46:46,18248.25,50,151050
20221102,14:47:59,18257.55,50,151050
20221102,14:48:13,18256.75,100,151050
20221102,14:49:20,18256.00,100,151050
20221102,14:49:42,18250.05,50,151350
20221102,14:50:08,18253.00,50,151350
20221102,14:50:09,18255.00,50,151350
20221102,14:51:48,18250.00,50,151450
20221102,14:52:13,18249.00,50,151450
20221102,14:53:14,18248.00,100,151450
20221102,14:53:16,18248.00,100,151450
20221102,14:53:34,18247.10,50,151450
20221102,14:55:42,18249.95,50,151550
20221102,14:55:58,18249.95,50,151550
20221102,14:56:32,18245.00,100,151550
20221102,14:58:19,18247.00,50,151450
20221102,14:59:06,18246.30,50,151450
20221102,14:59:13,18250.00,50,151450
20221102,14:59:58,18259.00,50,151450
20221102,15:00:06,18260.00,100,151450
20221102,15:00:10,18265.00,100,151450
20221102,15:00:17,18270.00,50,151450
20221102,15:00:20,18275.00,100,151450
20221102,15:00:21,18277.00,100,151400
20221102,15:01:02,18264.80,50,151400
20221102,15:01:04,18267.75,50,151400
20221102,15:01:15,18261.75,50,151400
20221102,15:01:16,18265.15,200,151400
20221102,15:01:18,18263.50,50,151400
20221102,15:01:22,18267.70,50,151400
20221102,15:01:34,18264.45,50,151400
20221102,15:02:13,18266.00,50,151400
20221102,15:02:33,18266.00,100,151400
20221102,15:03:00,18263.00,50,151400
20221102,15:03:18,18266.00,200,151400
20221102,15:03:32,18265.05,50,151400
20221102,15:03:47,18267.70,50,151050
20221102,15:04:28,18270.30,50,151050
20221102,15:04:34,18267.70,100,151050
20221102,15:05:26,18271.35,100,151050
20221102,15:05:42,18277.70,5400,151050
20221102,15:05:47,18269.75,50,151050
20221102,15:05:57,18270.80,50,151050
20221102,15:07:11,18266.25,50,156350
20221102,15:07:35,18271.40,50,156350
20221102,15:08:03,18271.40,100,156350
20221102,15:09:16,18271.40,50,156350
20221102,15:09:25,18273.15,50,156400
20221102,15:09:48,18272.85,50,156400
20221102,15:10:29,18275.00,50,156400
20221102,15:11:34,18272.90,50,156400
20221102,15:11:38,18270.25,150,156400
20221102,15:12:10,18270.95,50,156400
20221102,15:12:33,18269.40,50,156450
20221102,15:12:48,18270.45,50,156450
20221102,15:12:54,18271.75,100,156450
20221102,15:13:28,18272.30,50,156450
20221102,15:13:31,18270.00,50,156450
20221102,15:14:05,18270.00,50,156450
20221102,15:14:45,18270.00,100,156450
20221102,15:15:13,18271.00,100,156450
20221102,15:15:16,18272.00,50,156450
20221102,15:15:28,18272.00,50,156250
20221102,15:15:39,18272.05,50,156250
20221102,15:15:46,18273.00,100,156250
20221102,15:15:53,18272.80,50,156250
20221102,15:15:59,18270.20,50,156250
20221102,15:16:02,18272.80,100,156250
20221102,15:16:07,18268.45,50,156250
20221102,15:16:19,18268.45,50,156250
20221102,15:16:27,18272.00,100,156250
20221102,15:16:48,18272.00,50,156250
20221102,15:16:50,18270.30,50,156250
20221102,15:17:00,18270.20,50,156250
20221102,15:17:06,18272.00,100,156250
20221102,15:17:07,18274.05,150,156250
20221102,15:17:08,18270.25,50,156250
20221102,15:17:13,18272.65,50,156250
20221102,15:17:20,18272.00,150,156250
20221102,15:17:24,18273.00,100,156250
20221102,15:17:39,18271.65,50,156250
20221102,15:17:41,18272.00,100,156250
20221102,15:17:59,18268.05,50,156250
20221102,15:18:26,18272.00,500,156400
20221102,15:19:10,18265.05,50,156400
20221102,15:19:17,18268.00,100,156400
20221102,15:19:25,18264.70,250,156400
20221102,15:19:49,18265.00,300,156400
20221102,15:20:09,18264.85,100,156400
20221102,15:20:21,18262.00,100,156400
20221102,15:20:22,18262.00,150,156400
20221102,15:20:29,18260.40,100,156400
20221102,15:20:31,18262.00,50,156400
20221102,15:20:44,18258.45,50,156400
20221102,15:21:07,18260.55,50,156400
20221102,15:22:06,18260.00,50,156500
20221102,15:22:14,18260.70,50,156500
20221102,15:22:15,18260.70,50,156500
20221102,15:22:27,18257.20,50,156500
20221102,15:22:48,18256.15,50,156500
20221102,15:23:18,18256.15,50,156500
20221102,15:23:19,18255.00,50,156500
20221102,15:23:30,18255.00,50,156500
20221102,15:23:35,18255.00,50,156500
20221102,15:23:39,18255.00,50,156500
20221102,15:23:40,18255.00,100,156500
20221102,15:23:58,18254.95,50,156500
20221102,15:24:01,18255.55,50,156500
20221102,15:24:10,18255.50,50,156500
20221102,15:24:20,18255.50,50,156500
20221102,15:24:42,18255.40,200,156550
20221102,15:24:46,18257.00,50,156550
20221102,15:24:59,18257.00,50,156550
20221102,15:25:04,18257.30,50,156550
20221102,15:25:28,18257.45,50,156550
20221102,15:25:34,18258.85,50,156550
20221102,15:25:36,18258.90,50,156550
20221102,15:25:38,18260.00,250,156550
20221102,15:25:54,18258.70,50,156550
20221102,15:26:01,18260.00,50,156550
20221102,15:26:38,18258.45,50,156550
20221102,15:26:41,18257.40,50,156550
20221102,15:27:12,18260.00,50,156550
20221102,15:27:16,18258.20,100,156550
20221102,15:27:26,18258.20,100,156550
20221102,15:27:31,18257.50,50,156550
20221102,15:27:49,18257.50,50,156550
20221102,15:28:05,18263.00,400,156550
20221102,15:28:30,18260.65,50,156550
20221102,15:28:33,18260.80,50,156550
20221102,15:28:38,18264.95,150,156550
20221102,15:28:47,18261.80,100,156550
20221102,15:28:58,18261.80,50,156550
20221102,15:28:59,18261.80,50,156550
20221102,15:29:00,18261.80,150,156550
20221102,15:29:05,18261.80,50,156550
20221102,15:29:09,18261.80,250,156550
20221102,15:29:15,18261.80,50,156550
20221102,15:29:18,18264.05,150,156550
20221102,15:29:22,18263.95,50,156550
20221102,15:29:26,18265.00,700,156550
20221102,15:29:27,18264.00,50,156550
20221102,15:29:32,18263.30,100,156550
20221102,15:29:36,18260.50,50,156550
20221102,15:29:53,18263.00,50,156550
20221102,15:29:58,18260.00,100,156550
