20221102,09:15:01,18227.00,1,12181600
20221102,09:15:01,18222.10,1,12181600
20221102,09:15:01,18222.15,1800,12181600
20221102,09:15:02,18229.45,2800,12181600
20221102,09:15:02,18220.05,2800,12181600
20221102,09:15:03,18218.80,2450,12181600
20221102,09:15:04,18215.05,1950,12181600
20221102,09:15:05,18215.05,600,12181600
20221102,09:15:06,18212.70,3800,12181600
20221102,09:15:07,18219.95,3650,12181600
20221102,09:15:08,18217.70,2300,12181600
20221102,09:15:09,18217.55,450,12181600
20221102,09:15:10,18212.20,3150,12181600
20221102,09:15:11,18202.00,2450,12181600
20221102,09:15:12,18201.00,1450,12181600
20221102,09:15:13,18200.20,3600,12181600
20221102,09:15:14,18204.10,1500,12181600
20221102,09:15:15,18203.00,1150,12181600
20221102,09:15:16,18198.15,1700,12181600
20221102,09:15:17,18196.05,3650,12181600
20221102,09:15:18,18195.05,350,12181600
20221102,09:15:19,18195.00,1250,12181600
20221102,09:15:20,18200.00,2250,12181600
20221102,09:15:21,18195.55,950,12181600
20221102,09:15:22,18198.15,750,12181600
20221102,09:15:23,18196.10,2050,12181600
20221102,09:15:24,18199.20,500,12181600
20221102,09:15:25,18195.00,1100,12181600
20221102,09:15:26,18201.00,7950,12181600
20221102,09:15:27,18199.70,2000,12181600
20221102,09:15:28,18199.70,50,12181600
20221102,09:15:29,18199.75,1250,12181600
20221102,09:15:30,18204.80,3650,12181600
20221102,09:15:31,18195.60,1050,12181600
20221102,09:15:32,18197.05,850,12181600
20221102,09:15:33,18191.85,2600,12181600
20221102,09:15:34,18196.10,1450,12181600
20221102,09:15:35,18190.10,1550,12181600
20221102,09:15:36,18196.30,500,12181600
20221102,09:15:37,18195.95,200,12181600
20221102,09:15:38,18195.60,550,12181600
20221102,09:15:39,18199.85,3500,12181600
20221102,09:15:40,18199.25,1400,12181600
20221102,09:15:41,18195.00,950,12181600
20221102,09:15:42,18196.10,1000,12181600
20221102,09:15:43,18195.00,1150,12181600
20221102,09:15:44,18199.35,2350,12181600
20221102,09:15:45,18202.90,3350,12181600
20221102,09:15:46,18198.75,1600,12181600
20221102,09:15:47,18199.95,700,12181600
20221102,09:15:48,18200.40,850,12181600
20221102,09:15:49,18200.45,500,12181600
20221102,09:15:50,18199.65,2750,12181600
20221102,09:15:51,18196.95,3950,12181600
20221102,09:15:52,18203.45,850,12181600
20221102,09:15:53,18203.55,200,12181600
20221102,09:15:54,18203.25,450,12181600
20221102,09:15:55,18201.00,50,12181600
20221102,09:15:56,18200.45,650,12181600
20221102,09:15:57,18199.70,1250,12181600
20221102,09:15:58,18198.05,950,12181600
20221102,09:15:59,18200.00,1250,12181600
20221102,09:16:00,18200.15,2500,12181600
20221102,09:16:01,18201.00,650,12181600
20221102,09:16:02,18203.20,2750,12181600
20221102,09:16:03,18204.35,1050,12181600
20221102,09:16:04,18200.80,3350,12181600
20221102,09:16:06,18202.65,350,12181600
20221102,09:16:07,18201.15,1150,12181600
20221102,09:16:08,18200.05,1900,12181600
20221102,09:16:09,18203.90,2300,12181600
20221102,09:16:10,18202.25,2150,12181600
20221102,09:16:11,18202.05,2450,12181600
20221102,09:16:12,18200.00,1250,12181600
20221102,09:16:13,18198.05,2400,12181600
20221102,09:16:14,18200.00,700,12181600
20221102,09:16:15,18197.10,350,12181600
20221102,09:16:16,18197.10,150,12181600
20221102,09:16:17,18198.15,800,12181600
20221102,09:16:18,18200.00,750,12181600
20221102,09:16:19,18200.15,1100,12181600
20221102,09:16:20,18200.20,500,12181600
20221102,09:16:21,18202.90,650,12181600
20221102,09:16:22,18200.85,1150,12181600
20221102,09:16:24,18202.00,1600,12181600
20221102,09:16:24,18202.00,50,12181600
20221102,09:16:25,18202.00,200,12181600
20221102,09:16:26,18200.00,350,12181600
20221102,09:16:27,18198.65,200,12181600
20221102,09:16:28,18197.65,150,12181600
20221102,09:16:29,18197.65,750,12181600
20221102,09:16:30,18200.10,400,12181600
20221102,09:16:31,18199.25,1050,12181600
20221102,09:16:33,18197.10,1000,12181600
20221102,09:16:34,18195.00,1350,12181600
20221102,09:16:35,18197.80,650,12181600
20221102,09:16:36,18195.00,100,12181600
20221102,09:16:37,18195.45,950,12181600
20221102,09:16:38,18192.60,1000,12181600
20221102,09:16:39,18195.75,2050,12181600
20221102,09:16:40,18195.00,250,12181600
20221102,09:16:41,18192.40,250,12181600
20221102,09:16:42,18195.00,1850,12181600
20221102,09:16:44,18195.85,400,12181600
20221102,09:16:44,18192.20,100,12181600
20221102,09:16:45,18191.75,650,12181600
20221102,09:16:46,18195.00,250,12181600
20221102,09:16:47,18195.00,100,12181600
20221102,09:16:48,18196.10,450,12181600
20221102,09:16:49,18194.95,900,12181600
20221102,09:16:50,18197.05,250,12181600
20221102,09:16:51,18197.10,100,12181600
20221102,09:16:52,18196.35,1800,12181600
20221102,09:16:53,18198.00,700,12181600
20221102,09:16:55,18196.00,2750,12181600
20221102,09:16:55,18194.95,200,12181600
20221102,09:16:56,18195.65,1050,12181600
20221102,09:16:57,18195.70,250,12181600
20221102,09:16:58,18200.00,1850,12181600
20221102,09:16:59,18195.55,250,12181600
20221102,09:17:00,18198.30,450,12181600
20221102,09:17:01,18197.10,350,12181600
20221102,09:17:02,18197.85,300,12181600
20221102,09:17:04,18195.00,1250,12181600
20221102,09:17:04,18196.80,100,12181600
20221102,09:17:05,18195.00,250,12181600
20221102,09:17:06,18192.20,1650,12181600
20221102,09:17:07,18192.20,700,12181600
20221102,09:17:08,18192.20,100,12181600
20221102,09:17:09,18192.10,150,12181600
20221102,09:17:11,18193.00,1100,12181600
20221102,09:17:11,18192.00,50,12181600
20221102,09:17:12,18192.00,500,12181600
20221102,09:17:13,18192.00,500,12181600
20221102,09:17:14,18192.20,450,12181600
20221102,09:17:15,18190.80,300,12181600
20221102,09:17:16,18190.35,450,12181600
20221102,09:17:17,18190.75,500,12181600
20221102,09:17:18,18190.00,1600,12181600
20221102,09:17:19,18193.25,1050,12181600
20221102,09:17:20,18194.30,1100,12181600
20221102,09:17:22,18196.80,1950,12181600
20221102,09:17:23,18196.80,1300,12181600
20221102,09:17:24,18192.25,450,12181600
20221102,09:17:25,18194.80,600,12181600
20221102,09:17:26,18193.70,250,12181600
20221102,09:17:27,18192.00,150,12181600
20221102,09:17:28,18191.10,250,12181600
20221102,09:17:29,18190.50,200,12159000
20221102,09:17:31,18192.25,200,12159000
20221102,09:17:31,18192.45,100,12159000
20221102,09:17:32,18190.00,1900,12159000
20221102,09:17:33,18187.00,1300,12159000
20221102,09:17:34,18190.00,1150,12159000
20221102,09:17:35,18189.95,200,12159000
20221102,09:17:36,18187.40,300,12159000
20221102,09:17:37,18185.90,3200,12159000
20221102,09:17:39,18185.00,1150,12159000
20221102,09:17:39,18188.00,450,12159000
20221102,09:17:40,18186.20,400,12159000
20221102,09:17:41,18189.05,750,12159000
20221102,09:17:42,18188.00,1000,12159000
20221102,09:17:43,18185.30,850,12159000
20221102,09:17:44,18184.80,350,12159000
20221102,09:17:45,18184.00,300,12159000
20221102,09:17:46,18183.10,600,12159000
20221102,09:17:48,18183.00,450,12159000
20221102,09:17:49,18185.05,150,12159000
20221102,09:17:50,18185.75,1000,12159000
20221102,09:17:51,18186.15,250,12159000
20221102,09:17:52,18187.15,1550,12159000
20221102,09:17:53,18189.75,500,12159000
20221102,09:17:54,18187.65,1000,12159000
20221102,09:17:57,18189.55,150,12159000
20221102,09:17:58,18186.50,150,12159000
20221102,09:17:59,18185.00,1050,12159000
20221102,09:18:00,18184.15,500,12159000
20221102,09:18:01,18183.85,1600,12159000
20221102,09:18:02,18184.10,350,12159000
20221102,09:18:03,18182.45,550,12159000
20221102,09:18:05,18182.10,700,12159000
20221102,09:18:06,18181.85,1000,12159000
20221102,09:18:07,18181.05,300,12159000
20221102,09:18:08,18178.20,7600,12159000
20221102,09:18:09,18177.45,2600,12159000
20221102,09:18:10,18182.70,850,12159000
20221102,09:18:12,18181.00,450,12159000
20221102,09:18:12,18180.35,100,12159000
20221102,09:18:13,18180.45,500,12159000
20221102,09:18:14,18182.90,250,12159000
20221102,09:18:15,18181.80,950,12159000
20221102,09:18:16,18180.15,2200,12159000
20221102,09:18:17,18180.05,2750,12159000
20221102,09:18:18,18180.30,250,12159000
20221102,09:18:19,18180.10,750,12159000
20221102,09:18:21,18180.00,350,12159000
20221102,09:18:21,18180.25,50,12159000
20221102,09:18:22,18180.00,1050,12159000
20221102,09:18:23,18180.00,550,12159000
20221102,09:18:24,18180.55,1750,12159000
20221102,09:18:25,18181.00,500,12159000
20221102,09:18:26,18181.80,150,12159000
20221102,09:18:28,18181.80,550,12159000
20221102,09:18:28,18181.80,150,12159000
20221102,09:18:29,18180.05,1750,12159000
20221102,09:18:30,18181.15,600,12159000
20221102,09:18:31,18180.30,1450,12159000
20221102,09:18:32,18180.00,1000,12159000
20221102,09:18:33,18178.75,550,12159000
20221102,09:18:35,18176.05,3450,12159000
20221102,09:18:36,18178.55,900,12159000
20221102,09:18:37,18177.15,350,12159000
20221102,09:18:37,18178.55,150,12159000
20221102,09:18:39,18180.80,950,12159000
20221102,09:18:40,18180.20,600,12159000
20221102,09:18:41,18180.00,1950,12159000
20221102,09:18:41,18178.85,50,12159000
20221102,09:18:42,18180.10,250,12159000
20221102,09:18:43,18179.90,150,12159000
20221102,09:18:45,18181.80,1150,12159000
20221102,09:18:46,18183.95,1800,12159000
20221102,09:18:47,18184.85,1000,12159000
20221102,09:18:48,18184.60,450,12159000
20221102,09:18:48,18181.95,50,12159000
20221102,09:18:49,18183.50,250,12159000
20221102,09:18:50,18187.00,2450,12159000
20221102,09:18:52,18187.05,250,12159000
20221102,09:18:54,18188.55,3250,12159000
20221102,09:18:55,18187.30,50,12159000
20221102,09:18:56,18187.25,300,12159000
20221102,09:18:58,18187.25,250,12159000
20221102,09:18:59,18187.70,50,12159000
20221102,09:19:00,18187.75,50,12159000
20221102,09:19:01,18185.65,350,12159000
20221102,09:19:02,18187.25,300,12159000
20221102,09:19:02,18186.10,100,12159000
20221102,09:19:03,18188.00,200,12159000
20221102,09:19:04,18187.75,50,12159000
20221102,09:19:05,18187.15,100,12159000
20221102,09:19:06,18187.50,250,12159000
20221102,09:19:08,18187.25,1550,12159000
20221102,09:19:09,18187.15,100,12159000
20221102,09:19:10,18187.00,200,12159000
20221102,09:19:11,18188.90,1800,12159000
20221102,09:19:12,18188.90,100,12159000
20221102,09:19:14,18187.75,1350,12159000
20221102,09:19:15,18189.00,50,12159000
20221102,09:19:16,18188.90,750,12159000
20221102,09:19:17,18187.25,750,12159000
20221102,09:19:18,18187.25,100,12159000
20221102,09:19:19,18187.00,950,12159000
20221102,09:19:20,18188.70,700,12159000
20221102,09:19:21,18188.20,200,12159000
20221102,09:19:23,18187.60,50,12159000
20221102,09:19:24,18187.40,2150,12159000
20221102,09:19:24,18188.65,50,12159000
20221102,09:19:25,18187.00,1050,12159000
20221102,09:19:26,18189.25,4500,12159000
20221102,09:19:27,18190.05,3050,12159000
20221102,09:19:28,18190.85,250,12159000
20221102,09:19:29,18192.95,250,12159000
20221102,09:19:30,18192.00,200,12159000
20221102,09:19:32,18190.55,50,12159000
20221102,09:19:33,18190.00,850,12159000
20221102,09:19:33,18191.15,1000,12159000
20221102,09:19:34,18191.25,300,12159000
20221102,09:19:35,18190.05,50,12159000
20221102,09:19:36,18190.00,550,12159000
20221102,09:19:37,18186.35,1950,12159000
20221102,09:19:38,18186.75,100,12159000
20221102,09:19:39,18188.55,50,12159000
20221102,09:19:40,18188.65,300,12159000
20221102,09:19:41,18188.60,150,12159000
20221102,09:19:42,18187.55,850,12159000
20221102,09:19:44,18188.65,100,12159000
20221102,09:19:45,18188.60,100,12159000
20221102,09:19:46,18186.35,150,12159000
20221102,09:19:47,18188.35,100,12159000
20221102,09:19:48,18187.60,200,12159000
20221102,09:19:49,18187.40,100,12159000
20221102,09:19:50,18188.80,100,12159000
20221102,09:19:51,18190.00,1650,12159000
20221102,09:19:52,18190.70,150,12159000
20221102,09:19:53,18191.00,250,12159000
20221102,09:19:54,18190.35,100,12159000
20221102,09:19:56,18189.90,50,12159000
20221102,09:19:57,18190.90,250,12159000
20221102,09:20:00,18193.95,10000,12159000
20221102,09:20:01,18195.65,8750,12159000
20221102,09:20:02,18194.10,200,12159000
20221102,09:20:03,18193.70,1200,12159000
20221102,09:20:04,18197.55,2000,12159000
20221102,09:20:05,18197.00,450,12159000
20221102,09:20:06,18196.75,600,12159000
20221102,09:20:07,18195.35,1400,12159000
20221102,09:20:07,18196.40,50,12159000
20221102,09:20:08,18196.50,450,12159000
20221102,09:20:09,18199.55,600,12159000
20221102,09:20:10,18195.45,200,12159000
20221102,09:20:11,18196.95,1650,12159000
20221102,09:20:13,18194.45,850,12159000
20221102,09:20:14,18194.60,450,12159000
20221102,09:20:15,18192.60,300,12159000
20221102,09:20:16,18194.60,300,12159000
20221102,09:20:18,18192.50,250,12159000
20221102,09:20:19,18192.40,700,12159000
20221102,09:20:19,18192.40,750,12159000
20221102,09:20:20,18194.35,450,12159000
20221102,09:20:21,18194.60,50,12159000
20221102,09:20:23,18195.30,350,12159000
20221102,09:20:24,18195.00,50,12159000
20221102,09:20:24,18192.50,100,12159000
20221102,09:20:25,18193.55,1100,12159000
20221102,09:20:26,18192.70,50,12159000
20221102,09:20:28,18192.65,250,12159000
20221102,09:20:29,18194.00,750,12139250
20221102,09:20:30,18195.00,50,12139250
20221102,09:20:31,18195.45,300,12139250
20221102,09:20:32,18196.15,350,12139250
20221102,09:20:33,18196.70,150,12139250
20221102,09:20:34,18197.60,700,12139250
20221102,09:20:35,18197.70,50,12139250
20221102,09:20:36,18199.70,650,12139250
20221102,09:20:37,18194.95,300,12139250
20221102,09:20:38,18197.10,50,12139250
20221102,09:20:40,18196.50,50,12139250
20221102,09:20:41,18195.00,100,12139250
20221102,09:20:42,18195.00,350,12139250
20221102,09:20:43,18196.20,1000,12139250
20221102,09:20:44,18196.00,850,12139250
20221102,09:20:46,18194.25,200,12139250
20221102,09:20:47,18195.70,200,12139250
20221102,09:20:48,18192.10,550,12139250
20221102,09:20:49,18192.00,700,12139250
20221102,09:20:50,18193.40,150,12139250
20221102,09:20:51,18195.00,150,12139250
20221102,09:20:52,18195.00,200,12139250
20221102,09:20:53,18193.55,100,12139250
20221102,09:20:55,18195.05,350,12139250
20221102,09:20:56,18194.55,1000,12139250
20221102,09:20:57,18195.95,700,12139250
20221102,09:20:58,18196.30,100,12139250
20221102,09:20:59,18197.10,300,12139250
20221102,09:21:00,18198.00,1350,12139250
20221102,09:21:01,18197.90,750,12139250
20221102,09:21:02,18198.50,350,12139250
20221102,09:21:03,18199.00,500,12139250
20221102,09:21:04,18198.75,150,12139250
20221102,09:21:05,18199.80,3250,12139250
20221102,09:21:06,18201.10,800,12139250
20221102,09:21:07,18200.00,300,12139250
20221102,09:21:09,18201.10,150,12139250
20221102,09:21:09,18202.00,150,12139250
20221102,09:21:10,18200.70,350,12139250
20221102,09:21:11,18202.40,550,12139250
20221102,09:21:13,18199.00,300,12139250
20221102,09:21:14,18201.80,700,12139250
20221102,09:21:15,18200.40,150,12139250
20221102,09:21:16,18197.10,350,12139250
20221102,09:21:17,18201.20,400,12139250
20221102,09:21:18,18200.65,300,12139250
20221102,09:21:20,18199.75,950,12139250
20221102,09:21:20,18198.40,100,12139250
20221102,09:21:21,18198.40,100,12139250
20221102,09:21:22,18197.80,200,12139250
20221102,09:21:23,18199.30,150,12139250
20221102,09:21:25,18197.65,250,12139250
20221102,09:21:26,18198.40,500,12139250
20221102,09:21:28,18197.10,500,12139250
20221102,09:21:29,18196.50,100,12139250
20221102,09:21:30,18197.25,150,12139250
20221102,09:21:31,18193.70,1700,12139250
20221102,09:21:32,18195.00,50,12139250
20221102,09:21:33,18194.55,650,12139250
20221102,09:21:34,18197.55,700,12139250
20221102,09:21:35,18196.15,400,12139250
20221102,09:21:36,18199.20,600,12139250
20221102,09:21:37,18199.30,150,12139250
20221102,09:21:38,18198.90,400,12139250
20221102,09:21:39,18197.00,200,12139250
20221102,09:21:40,18193.60,400,12139250
20221102,09:21:41,18196.10,300,12139250
20221102,09:21:41,18196.20,550,12139250
20221102,09:21:42,18194.90,600,12139250
20221102,09:21:43,18194.90,550,12139250
20221102,09:21:44,18197.15,550,12139250
20221102,09:21:46,18194.30,750,12139250
20221102,09:21:48,18197.70,1700,12139250
20221102,09:21:49,18194.80,50,12139250
20221102,09:21:50,18195.35,350,12139250
20221102,09:21:51,18197.40,250,12139250
20221102,09:21:52,18198.00,250,12139250
20221102,09:21:53,18196.60,300,12139250
20221102,09:21:54,18197.40,250,12139250
20221102,09:21:55,18199.00,1100,12139250
20221102,09:21:56,18199.30,250,12139250
20221102,09:21:57,18198.90,200,12139250
20221102,09:21:58,18197.65,1800,12139250
20221102,09:22:00,18197.35,350,12139250
20221102,09:22:01,18199.20,50,12139250
20221102,09:22:03,18199.00,300,12139250
20221102,09:22:04,18197.30,350,12139250
20221102,09:22:05,18200.80,400,12139250
20221102,09:22:06,18200.25,50,12139250
20221102,09:22:06,18198.40,50,12139250
20221102,09:22:07,18200.00,1000,12139250
20221102,09:22:08,18200.00,100,12139250
20221102,09:22:09,18202.00,600,12139250
20221102,09:22:10,18201.30,550,12139250
20221102,09:22:12,18200.95,50,12139250
20221102,09:22:13,18201.20,200,12139250
20221102,09:22:14,18203.30,850,12139250
20221102,09:22:15,18203.40,400,12139250
20221102,09:22:15,18203.55,350,12139250
20221102,09:22:16,18201.40,200,12139250
20221102,09:22:17,18203.50,100,12139250
20221102,09:22:18,18204.00,200,12139250
20221102,09:22:19,18204.00,1650,12139250
20221102,09:22:20,18203.60,800,12139250
20221102,09:22:21,18200.95,100,12139250
20221102,09:22:22,18200.55,900,12139250
20221102,09:22:23,18198.10,1000,12139250
20221102,09:22:24,18199.05,500,12139250
20221102,09:22:25,18200.45,200,12139250
20221102,09:22:26,18199.00,550,12139250
20221102,09:22:27,18198.10,150,12139250
20221102,09:22:28,18199.00,300,12139250
20221102,09:22:30,18201.00,500,12139250
20221102,09:22:32,18200.00,50,12139250
20221102,09:22:34,18199.00,50,12139250
20221102,09:22:35,18199.80,100,12139250
20221102,09:22:36,18198.45,450,12139250
20221102,09:22:37,18198.95,1300,12139250
20221102,09:22:38,18199.10,1100,12139250
20221102,09:22:39,18197.00,200,12139250
20221102,09:22:40,18195.45,100,12139250
20221102,09:22:41,18197.65,50,12139250
20221102,09:22:43,18197.30,150,12139250
20221102,09:22:44,18195.00,150,12139250
20221102,09:22:47,18196.95,50,12139250
20221102,09:22:48,18196.95,50,12139250
20221102,09:22:50,18195.25,150,12139250
20221102,09:22:51,18194.60,550,12139250
20221102,09:22:52,18194.80,100,12139250
20221102,09:22:53,18194.00,350,12139250
20221102,09:22:54,18193.80,300,12139250
20221102,09:22:55,18192.00,850,12139250
20221102,09:22:56,18191.85,150,12139250
20221102,09:22:57,18192.05,200,12139250
20221102,09:22:58,18192.30,250,12139250
20221102,09:22:58,18193.10,50,12139250
20221102,09:22:59,18194.05,1450,12139250
20221102,09:23:00,18194.95,150,12139250
20221102,09:23:02,18194.95,1450,12139250
20221102,09:23:03,18194.95,300,12139250
20221102,09:23:04,18193.75,250,12139250
20221102,09:23:05,18195.05,1950,12139250
20221102,09:23:06,18195.15,300,12139250
20221102,09:23:07,18195.10,300,12139250
20221102,09:23:08,18194.50,1100,12139250
20221102,09:23:09,18194.60,300,12139250
20221102,09:23:10,18194.75,550,12139250
20221102,09:23:11,18194.00,100,12139250
20221102,09:23:12,18193.30,350,12139250
20221102,09:23:13,18195.95,200,12139250
20221102,09:23:13,18193.20,400,12139250
20221102,09:23:15,18193.45,50,12139250
20221102,09:23:16,18197.00,850,12139250
20221102,09:23:17,18198.40,500,12139250
20221102,09:23:20,18193.40,2100,12139250
20221102,09:23:22,18195.45,150,12139250
20221102,09:23:23,18193.40,50,12139250
20221102,09:23:24,18193.00,150,12139250
20221102,09:23:25,18192.90,50,12139250
20221102,09:23:26,18194.75,600,12139250
20221102,09:23:27,18193.40,250,12139250
20221102,09:23:28,18195.35,300,12150400
20221102,09:23:31,18195.00,150,12150400
20221102,09:23:32,18195.05,1900,12150400
20221102,09:23:33,18195.80,300,12150400
20221102,09:23:34,18198.00,250,12150400
20221102,09:23:35,18197.70,700,12150400
20221102,09:23:37,18196.55,50,12150400
20221102,09:23:38,18195.25,150,12150400
20221102,09:23:41,18195.05,150,12150400
20221102,09:23:42,18195.00,150,12150400
20221102,09:23:43,18195.00,50,12150400
20221102,09:23:45,18195.25,200,12150400
20221102,09:23:46,18195.25,350,12150400
20221102,09:23:47,18197.20,300,12150400
20221102,09:23:48,18195.25,150,12150400
20221102,09:23:49,18197.00,100,12150400
20221102,09:23:52,18197.00,100,12150400
20221102,09:23:54,18196.35,100,12150400
20221102,09:23:56,18196.35,100,12150400
20221102,09:23:57,18196.95,50,12150400
20221102,09:23:59,18197.00,600,12150400
20221102,09:24:00,18196.50,500,12150400
20221102,09:24:01,18196.85,650,12150400
20221102,09:24:02,18196.00,200,12150400
20221102,09:24:04,18195.25,550,12150400
20221102,09:24:05,18194.80,1850,12150400
20221102,09:24:06,18194.75,400,12150400
20221102,09:24:07,18194.75,50,12150400
20221102,09:24:10,18195.40,150,12150400
20221102,09:24:12,18197.00,400,12150400
20221102,09:24:13,18197.55,600,12150400
20221102,09:24:14,18196.70,750,12150400
20221102,09:24:16,18198.65,150,12150400
20221102,09:24:18,18197.00,100,12150400
20221102,09:24:19,18196.80,50,12150400
20221102,09:24:22,18195.10,550,12150400
20221102,09:24:23,18196.00,100,12150400
20221102,09:24:24,18195.15,550,12150400
20221102,09:24:25,18194.75,700,12150400
20221102,09:24:26,18196.10,200,12150400
20221102,09:24:29,18195.95,1100,12150400
20221102,09:24:30,18195.95,2600,12150400
20221102,09:24:31,18195.30,950,12150400
20221102,09:24:32,18195.85,700,12150400
20221102,09:24:33,18198.00,550,12150400
20221102,09:24:35,18198.00,100,12150400
20221102,09:24:36,18198.65,150,12150400
20221102,09:24:37,18196.70,50,12150400
20221102,09:24:39,18198.00,50,12150400
20221102,09:24:40,18196.45,150,12150400
20221102,09:24:42,18196.10,50,12150400
20221102,09:24:43,18197.60,300,12150400
20221102,09:24:44,18197.50,700,12150400
20221102,09:24:45,18198.35,250,12150400
20221102,09:24:46,18199.95,400,12150400
20221102,09:24:47,18199.55,950,12150400
20221102,09:24:48,18200.00,50,12150400
20221102,09:24:50,18200.00,100,12150400
20221102,09:24:51,18200.00,850,12150400
20221102,09:24:52,18201.00,200,12150400
20221102,09:24:53,18201.70,100,12150400
20221102,09:24:54,18203.50,1150,12150400
20221102,09:24:56,18200.00,100,12150400
20221102,09:24:57,18199.95,200,12150400
20221102,09:24:58,18200.25,50,12150400
20221102,09:24:59,18200.60,500,12150400
20221102,09:25:01,18199.75,600,12150400
20221102,09:25:02,18200.00,50,12150400
20221102,09:25:03,18199.55,650,12150400
20221102,09:25:04,18199.10,150,12150400
20221102,09:25:05,18201.00,450,12150400
20221102,09:25:07,18200.35,50,12150400
20221102,09:25:08,18198.20,150,12150400
20221102,09:25:09,18196.00,650,12150400
20221102,09:25:10,18198.25,150,12150400
20221102,09:25:12,18197.75,100,12150400
20221102,09:25:14,18198.05,50,12150400
20221102,09:25:16,18197.35,100,12150400
20221102,09:25:17,18197.70,50,12150400
20221102,09:25:18,18197.30,1500,12150400
20221102,09:25:19,18197.30,150,12150400
20221102,09:25:20,18197.20,250,12150400
20221102,09:25:22,18195.70,100,12150400
20221102,09:25:23,18198.85,1600,12150400
20221102,09:25:24,18198.70,200,12150400
20221102,09:25:25,18196.95,100,12150400
20221102,09:25:26,18196.15,50,12150400
20221102,09:25:27,18197.25,50,12150400
20221102,09:25:28,18195.35,200,12150400
20221102,09:25:29,18196.35,100,12150400
20221102,09:25:30,18194.95,100,12150400
20221102,09:25:31,18194.10,350,12150400
20221102,09:25:32,18193.10,200,12150400
20221102,09:25:33,18193.85,150,12150400
20221102,09:25:34,18195.20,100,12150400
20221102,09:25:35,18195.45,600,12150400
20221102,09:25:37,18197.65,650,12150400
20221102,09:25:38,18194.95,550,12150400
20221102,09:25:42,18199.35,150,12150400
20221102,09:25:43,18200.00,1000,12150400
20221102,09:25:44,18198.80,150,12150400
20221102,09:25:45,18198.25,2050,12150400
20221102,09:25:46,18197.60,100,12150400
20221102,09:25:47,18199.70,500,12150400
20221102,09:25:48,18199.75,150,12150400
20221102,09:25:49,18198.55,100,12150400
20221102,09:25:52,18199.75,150,12150400
20221102,09:25:53,18199.85,250,12150400
20221102,09:25:54,18200.10,400,12150400
20221102,09:25:55,18201.45,550,12150400
20221102,09:25:56,18201.55,350,12150400
20221102,09:25:57,18201.70,300,12150400
20221102,09:25:58,18202.20,150,12150400
20221102,09:25:59,18202.00,200,12150400
20221102,09:26:00,18200.60,400,12150400
20221102,09:26:01,18200.70,100,12150400
20221102,09:26:02,18202.80,200,12150400
20221102,09:26:03,18200.90,200,12150400
20221102,09:26:04,18200.50,50,12150400
20221102,09:26:05,18203.65,200,12150400
20221102,09:26:06,18201.50,150,12150400
20221102,09:26:07,18201.30,150,12150400
20221102,09:26:08,18202.20,100,12150400
20221102,09:26:09,18203.00,500,12150400
20221102,09:26:10,18203.35,450,12150400
20221102,09:26:11,18203.40,50,12150400
20221102,09:26:12,18201.50,150,12150400
20221102,09:26:13,18201.50,300,12150400
20221102,09:26:14,18202.10,650,12150400
20221102,09:26:15,18202.10,200,12150400
20221102,09:26:16,18201.15,150,12150400
20221102,09:26:17,18202.90,350,12150400
20221102,09:26:19,18201.10,100,12150400
20221102,09:26:20,18202.65,350,12150400
20221102,09:26:21,18203.90,500,12150400
20221102,09:26:22,18201.30,250,12150400
20221102,09:26:23,18200.75,50,12150400
20221102,09:26:24,18203.25,250,12150400
20221102,09:26:25,18203.80,100,12150400
20221102,09:26:26,18203.65,100,12150400
20221102,09:26:27,18203.65,350,12150400
20221102,09:26:28,18203.95,350,12150400
20221102,09:26:29,18202.10,50,12150400
20221102,09:26:30,18201.60,700,12146000
20221102,09:26:31,18203.60,50,12146000
20221102,09:26:32,18202.10,350,12146000
20221102,09:26:33,18202.30,100,12146000
20221102,09:26:34,18201.60,250,12146000
20221102,09:26:35,18200.00,850,12146000
20221102,09:26:36,18201.40,950,12146000
20221102,09:26:37,18200.10,100,12146000
20221102,09:26:38,18201.10,50,12146000
20221102,09:26:39,18200.15,350,12146000
20221102,09:26:41,18201.60,550,12146000
20221102,09:26:42,18201.10,100,12146000
20221102,09:26:43,18200.05,100,12146000
20221102,09:26:44,18201.15,1500,12146000
20221102,09:26:45,18203.65,100,12146000
20221102,09:26:46,18202.30,150,12146000
20221102,09:26:47,18202.35,50,12146000
20221102,09:26:48,18200.00,350,12146000
20221102,09:26:50,18201.20,300,12146000
20221102,09:26:52,18202.95,50,12146000
20221102,09:26:53,18201.55,100,12146000
20221102,09:26:54,18202.10,50,12146000
20221102,09:26:55,18200.00,400,12146000
20221102,09:26:58,18202.00,50,12146000
20221102,09:26:59,18202.00,200,12146000
20221102,09:27:00,18201.40,300,12146000
20221102,09:27:02,18202.00,150,12146000
20221102,09:27:03,18201.95,300,12146000
20221102,09:27:04,18202.00,300,12146000
20221102,09:27:05,18202.80,150,12146000
20221102,09:27:06,18201.40,750,12146000
20221102,09:27:08,18201.50,750,12146000
20221102,09:27:09,18200.00,100,12146000
20221102,09:27:10,18200.00,1050,12146000
20221102,09:27:11,18201.30,150,12146000
20221102,09:27:13,18198.35,150,12146000
20221102,09:27:14,18198.00,200,12146000
20221102,09:27:16,18197.10,50,12146000
20221102,09:27:17,18197.10,300,12146000
20221102,09:27:18,18197.00,350,12146000
20221102,09:27:19,18198.00,50,12146000
20221102,09:27:20,18198.05,50,12146000
20221102,09:27:21,18197.75,450,12146000
20221102,09:27:22,18197.10,150,12146000
20221102,09:27:23,18197.00,50,12146000
20221102,09:27:25,18195.50,450,12146000
20221102,09:27:26,18197.00,150,12146000
20221102,09:27:27,18197.00,600,12146000
20221102,09:27:29,18196.70,100,12146000
20221102,09:27:30,18197.00,100,12146000
20221102,09:27:31,18197.00,100,12146000
20221102,09:27:33,18196.55,1100,12146000
20221102,09:27:35,18196.45,200,12146000
20221102,09:27:36,18196.50,300,12146000
20221102,09:27:37,18196.50,450,12146000
20221102,09:27:38,18196.75,50,12146000
20221102,09:27:39,18197.75,200,12146000
20221102,09:27:40,18196.95,150,12146000
20221102,09:27:42,18199.55,100,12146000
20221102,09:27:43,18200.00,100,12146000
20221102,09:27:45,18198.90,100,12146000
20221102,09:27:47,18197.50,250,12146000
20221102,09:27:48,18196.55,1000,12146000
20221102,09:27:50,18199.50,50,12146000
20221102,09:27:51,18198.60,50,12146000
20221102,09:27:52,18200.00,300,12146000
20221102,09:27:54,18200.55,450,12146000
20221102,09:27:55,18202.00,500,12146000
20221102,09:27:57,18200.00,150,12146000
20221102,09:27:57,18202.10,50,12146000
20221102,09:27:59,18202.65,100,12146000
20221102,09:28:00,18200.05,100,12146000
20221102,09:28:01,18200.20,50,12146000
20221102,09:28:02,18200.20,250,12146000
20221102,09:28:04,18202.00,300,12146000
20221102,09:28:05,18201.95,850,12146000
20221102,09:28:06,18201.25,200,12146000
20221102,09:28:07,18199.70,400,12146000
20221102,09:28:08,18200.00,300,12146000
20221102,09:28:10,18199.60,50,12146000
20221102,09:28:11,18200.55,100,12146000
20221102,09:28:13,18200.85,100,12146000
20221102,09:28:14,18201.25,200,12146000
20221102,09:28:15,18200.55,50,12146000
20221102,09:28:16,18199.65,50,12146000
20221102,09:28:17,18201.30,450,12146000
20221102,09:28:18,18199.05,250,12146000
20221102,09:28:19,18201.00,200,12146000
20221102,09:28:20,18199.00,900,12146000
20221102,09:28:21,18202.00,100,12146000
20221102,09:28:22,18203.25,850,12146000
20221102,09:28:23,18203.40,350,12146000
20221102,09:28:24,18203.50,50,12146000
20221102,09:28:27,18201.05,150,12146000
20221102,09:28:28,18202.00,200,12146000
20221102,09:28:29,18200.00,500,12146000
20221102,09:28:30,18202.25,400,12146000
20221102,09:28:31,18200.00,100,12146000
20221102,09:28:32,18201.80,950,12146000
20221102,09:28:33,18198.60,100,12146000
20221102,09:28:34,18198.35,50,12146000
20221102,09:28:36,18200.00,250,12146000
20221102,09:28:36,18201.00,50,12146000
20221102,09:28:37,18201.05,200,12146000
20221102,09:28:38,18200.40,300,12146000
20221102,09:28:39,18199.30,150,12146000
20221102,09:28:40,18198.15,200,12146000
20221102,09:28:41,18199.50,350,12146000
20221102,09:28:42,18197.10,600,12146000
20221102,09:28:43,18197.50,150,12146000
20221102,09:28:46,18197.00,100,12146000
20221102,09:28:47,18197.00,250,12146000
20221102,09:28:49,18196.50,300,12146000
20221102,09:28:49,18196.50,50,12146000
20221102,09:28:50,18195.55,250,12146000
20221102,09:28:51,18195.50,50,12146000
20221102,09:28:52,18195.00,300,12146000
20221102,09:28:54,18195.25,250,12146000
20221102,09:28:55,18194.95,600,12146000
20221102,09:28:56,18194.80,300,12146000
20221102,09:28:57,18194.35,400,12146000
20221102,09:28:58,18195.00,400,12146000
20221102,09:29:00,18194.00,100,12146000
20221102,09:29:01,18193.40,200,12146000
20221102,09:29:01,18193.35,500,12146000
20221102,09:29:02,18195.00,400,12146000
20221102,09:29:03,18193.25,250,12146000
20221102,09:29:04,18193.30,400,12146000
20221102,09:29:05,18193.20,50,12146000
20221102,09:29:07,18193.55,1050,12146000
20221102,09:29:08,18194.50,1500,12146000
20221102,09:29:09,18195.15,1100,12146000
20221102,09:29:10,18194.55,1300,12146000
20221102,09:29:11,18196.00,150,12146000
20221102,09:29:12,18196.00,100,12146000
20221102,09:29:13,18194.05,300,12146000
20221102,09:29:15,18194.30,100,12146000
20221102,09:29:17,18194.30,450,12146000
20221102,09:29:17,18193.20,150,12146000
20221102,09:29:18,18193.95,50,12146000
20221102,09:29:19,18193.50,100,12146000
20221102,09:29:20,18193.75,150,12146000
20221102,09:29:21,18193.35,100,12146000
20221102,09:29:23,18193.40,200,12146000
20221102,09:29:24,18193.75,650,12146000
20221102,09:29:25,18194.05,950,12146000
20221102,09:29:26,18193.75,250,12146000
20221102,09:29:27,18193.75,50,12146000
20221102,09:29:29,18194.40,350,12146000
20221102,09:29:30,18194.55,100,12146000
20221102,09:29:31,18195.45,50,12146600
20221102,09:29:32,18195.00,50,12146600
20221102,09:29:34,18194.30,250,12146600
20221102,09:29:35,18194.20,100,12146600
20221102,09:29:37,18194.50,300,12146600
20221102,09:29:37,18194.20,150,12146600
20221102,09:29:40,18193.75,450,12146600
20221102,09:29:41,18194.00,100,12146600
20221102,09:29:42,18193.25,100,12146600
20221102,09:29:44,18194.75,450,12146600
20221102,09:29:45,18193.95,150,12146600
20221102,09:29:46,18193.35,200,12146600
20221102,09:29:47,18193.75,150,12146600
20221102,09:29:48,18193.30,500,12146600
20221102,09:29:50,18193.00,300,12146600
20221102,09:29:50,18193.00,50,12146600
20221102,09:29:51,18192.65,400,12146600
20221102,09:29:52,18192.60,200,12146600
20221102,09:29:53,18193.50,150,12146600
20221102,09:29:55,18194.00,1100,12146600
20221102,09:29:56,18192.80,750,12146600
20221102,09:29:56,18192.65,50,12146600
20221102,09:29:57,18192.65,100,12146600
20221102,09:29:58,18191.45,850,12146600
20221102,09:30:00,18191.35,800,12146600
20221102,09:30:01,18191.65,1350,12146600
20221102,09:30:01,18190.25,450,12146600
20221102,09:30:02,18188.95,3850,12146600
20221102,09:30:03,18189.25,700,12146600
20221102,09:30:04,18189.90,800,12146600
20221102,09:30:06,18188.45,450,12146600
20221102,09:30:07,18187.10,850,12146600
20221102,09:30:07,18186.95,150,12146600
20221102,09:30:08,18187.50,1650,12146600
20221102,09:30:09,18186.55,700,12146600
20221102,09:30:11,18187.35,100,12146600
20221102,09:30:12,18186.25,200,12146600
20221102,09:30:12,18185.05,100,12146600
20221102,09:30:13,18185.00,1500,12146600
20221102,09:30:14,18184.55,400,12146600
20221102,09:30:16,18183.30,350,12146600
20221102,09:30:17,18182.00,400,12146600
20221102,09:30:18,18182.40,2900,12146600
20221102,09:30:19,18180.05,1450,12146600
20221102,09:30:20,18180.20,200,12146600
20221102,09:30:21,18180.00,1200,12146600
20221102,09:30:22,18180.00,700,12146600
20221102,09:30:23,18180.00,400,12146600
20221102,09:30:24,18180.50,650,12146600
20221102,09:30:26,18180.00,750,12146600
20221102,09:30:27,18180.00,950,12146600
20221102,09:30:27,18180.65,50,12146600
20221102,09:30:28,18181.35,300,12146600
20221102,09:30:29,18178.20,2400,12146600
20221102,09:30:30,18179.30,1300,12146600
20221102,09:30:31,18178.90,650,12146600
20221102,09:30:32,18177.10,600,12146600
20221102,09:30:33,18178.90,900,12146600
20221102,09:30:35,18179.75,400,12146600
20221102,09:30:36,18178.25,50,12146600
20221102,09:30:37,18177.00,200,12146600
20221102,09:30:38,18177.15,200,12146600
20221102,09:30:39,18178.90,1250,12146600
20221102,09:30:40,18177.15,50,12146600
20221102,09:30:41,18178.90,350,12146600
20221102,09:30:42,18178.15,400,12146600
20221102,09:30:43,18178.15,250,12146600
20221102,09:30:44,18178.50,1000,12146600
20221102,09:30:46,18178.90,2350,12146600
20221102,09:30:47,18178.80,750,12146600
20221102,09:30:48,18177.45,700,12146600
20221102,09:30:49,18177.30,100,12146600
20221102,09:30:50,18177.25,2050,12146600
20221102,09:30:51,18177.80,1000,12146600
20221102,09:30:53,18177.65,150,12146600
20221102,09:30:54,18177.60,2450,12146600
20221102,09:30:55,18177.00,150,12146600
20221102,09:30:56,18178.00,100,12146600
20221102,09:30:57,18178.00,700,12146600
20221102,09:30:59,18178.35,250,12146600
20221102,09:31:00,18178.20,1000,12146600
20221102,09:31:01,18177.00,200,12146600
20221102,09:31:01,18176.45,750,12146600
20221102,09:31:02,18176.80,150,12146600
20221102,09:31:03,18176.45,450,12146600
20221102,09:31:04,18177.70,700,12146600
20221102,09:31:06,18176.95,150,12146600
20221102,09:31:07,18176.90,650,12146600
20221102,09:31:08,18177.85,300,12146600
20221102,09:31:09,18176.35,1200,12146600
20221102,09:31:10,18176.40,50,12146600
20221102,09:31:11,18175.80,2550,12146600
20221102,09:31:12,18175.75,150,12146600
20221102,09:31:13,18173.75,7050,12146600
20221102,09:31:14,18173.60,700,12146600
20221102,09:31:15,18173.60,250,12146600
20221102,09:31:15,18173.60,150,12146600
20221102,09:31:16,18172.50,700,12146600
20221102,09:31:17,18172.10,1450,12146600
20221102,09:31:18,18172.10,150,12146600
20221102,09:31:19,18172.10,200,12146600
20221102,09:31:20,18172.10,150,12146600
20221102,09:31:21,18171.85,2000,12146600
20221102,09:31:22,18171.40,1950,12146600
20221102,09:31:23,18171.30,400,12146600
20221102,09:31:24,18171.20,400,12146600
20221102,09:31:25,18171.10,900,12146600
20221102,09:31:26,18170.25,1800,12146600
20221102,09:31:27,18170.10,1250,12146600
20221102,09:31:28,18170.10,1050,12146600
20221102,09:31:29,18170.70,3350,12146600
20221102,09:31:30,18170.15,950,12146600
20221102,09:31:32,18170.10,2050,12146600
20221102,09:31:33,18170.05,400,12146600
20221102,09:31:34,18170.00,3350,12146600
20221102,09:31:34,18170.00,50,12146600
20221102,09:31:35,18169.55,2150,12146600
20221102,09:31:36,18169.55,150,12146600
20221102,09:31:37,18170.00,1100,12146600
20221102,09:31:38,18169.55,200,12146600
20221102,09:31:39,18169.55,200,12146600
20221102,09:31:40,18169.55,1950,12146600
20221102,09:31:41,18170.00,450,12146600
20221102,09:31:42,18169.25,700,12146600
20221102,09:31:43,18169.25,400,12146600
20221102,09:31:44,18170.00,300,12146600
20221102,09:31:45,18170.60,350,12146600
20221102,09:31:46,18170.85,400,12146600
20221102,09:31:47,18171.15,550,12146600
20221102,09:31:48,18169.90,600,12146600
20221102,09:31:49,18170.05,500,12146600
20221102,09:31:51,18170.00,250,12146600
20221102,09:31:52,18171.20,250,12146600
20221102,09:31:53,18170.00,600,12146600
20221102,09:31:54,18170.00,200,12146600
20221102,09:31:56,18169.95,50,12146600
20221102,09:31:57,18168.55,6000,12146600
20221102,09:31:58,18168.55,150,12146600
20221102,09:31:59,18168.55,250,12146600
20221102,09:32:00,18168.55,1200,12146600
20221102,09:32:01,18168.00,1900,12146600
20221102,09:32:02,18168.00,1600,12146600
20221102,09:32:03,18167.65,1750,12146600
20221102,09:32:05,18168.30,1200,12146600
20221102,09:32:06,18169.25,250,12146600
20221102,09:32:07,18169.25,650,12146600
20221102,09:32:08,18169.25,550,12146600
20221102,09:32:09,18169.00,400,12146600
20221102,09:32:10,18169.00,150,12146600
20221102,09:32:11,18169.95,2250,12146600
20221102,09:32:13,18168.10,450,12146600
20221102,09:32:14,18169.00,1650,12146600
20221102,09:32:15,18169.00,350,12146600
20221102,09:32:16,18168.00,100,12146600
20221102,09:32:17,18167.55,1450,12146600
20221102,09:32:17,18169.25,50,12146600
20221102,09:32:18,18167.75,300,12146600
20221102,09:32:19,18167.65,50,12146600
20221102,09:32:21,18168.00,600,12146600
20221102,09:32:22,18165.60,4250,12146600
20221102,09:32:23,18166.60,350,12146600
20221102,09:32:24,18165.25,500,12146600
20221102,09:32:25,18165.10,450,12146600
20221102,09:32:26,18165.05,300,12146600
20221102,09:32:28,18165.60,150,12146600
20221102,09:32:29,18167.20,1350,12146600
20221102,09:32:30,18166.00,500,12146600
20221102,09:32:31,18167.45,400,12146600
20221102,09:32:31,18167.40,50,12146600
20221102,09:32:32,18167.45,200,12146600
20221102,09:32:33,18167.20,150,12105400
20221102,09:32:34,18166.70,200,12105400
20221102,09:32:35,18166.75,1600,12105400
20221102,09:32:36,18166.00,150,12105400
20221102,09:32:38,18166.30,450,12105400
20221102,09:32:38,18166.25,100,12105400
20221102,09:32:39,18166.30,50,12105400
20221102,09:32:41,18166.30,300,12105400
20221102,09:32:42,18166.80,150,12105400
20221102,09:32:43,18166.30,2000,12105400
20221102,09:32:44,18166.80,350,12105400
20221102,09:32:44,18166.80,300,12105400
20221102,09:32:45,18167.55,500,12105400
20221102,09:32:46,18168.40,1150,12105400
20221102,09:32:47,18168.30,200,12105400
20221102,09:32:48,18170.00,100,12105400
20221102,09:32:49,18169.80,50,12105400
20221102,09:32:50,18168.25,100,12105400
20221102,09:32:51,18168.25,350,12105400
20221102,09:32:53,18168.75,1050,12105400
20221102,09:32:54,18169.95,1150,12105400
20221102,09:32:55,18169.75,750,12105400
20221102,09:32:56,18172.10,1650,12105400
20221102,09:32:56,18170.25,200,12105400
20221102,09:32:57,18169.35,500,12105400
20221102,09:32:58,18172.60,1400,12105400
20221102,09:33:00,18172.75,650,12105400
20221102,09:33:01,18172.50,150,12105400
20221102,09:33:02,18169.35,650,12105400
20221102,09:33:03,18172.05,450,12105400
20221102,09:33:04,18172.75,200,12105400
20221102,09:33:05,18172.80,900,12105400
20221102,09:33:06,18172.80,750,12105400
20221102,09:33:07,18174.25,200,12105400
20221102,09:33:09,18175.20,200,12105400
20221102,09:33:11,18176.00,1700,12105400
20221102,09:33:12,18176.35,2800,12105400
20221102,09:33:13,18174.80,1650,12105400
20221102,09:33:14,18174.50,450,12105400
20221102,09:33:15,18175.40,250,12105400
20221102,09:33:16,18174.50,350,12105400
20221102,09:33:18,18174.25,1300,12105400
20221102,09:33:20,18175.40,450,12105400
20221102,09:33:20,18172.55,450,12105400
20221102,09:33:21,18174.00,150,12105400
20221102,09:33:23,18174.00,200,12105400
20221102,09:33:24,18174.00,600,12105400
20221102,09:33:25,18173.85,250,12105400
20221102,09:33:27,18174.85,150,12105400
20221102,09:33:28,18174.75,200,12105400
20221102,09:33:29,18175.00,900,12105400
20221102,09:33:31,18175.30,50,12105400
20221102,09:33:32,18175.55,350,12105400
20221102,09:33:33,18175.00,100,12105400
20221102,09:33:34,18175.00,100,12105400
20221102,09:33:36,18175.55,50,12105400
20221102,09:33:37,18175.00,550,12105400
20221102,09:33:38,18175.55,250,12105400
20221102,09:33:39,18175.20,50,12105400
20221102,09:33:40,18176.00,1050,12105400
20221102,09:33:41,18174.95,1300,12105400
20221102,09:33:42,18174.95,450,12105400
20221102,09:33:43,18175.05,100,12105400
20221102,09:33:45,18174.10,450,12105400
20221102,09:33:46,18173.85,200,12105400
20221102,09:33:47,18172.05,350,12105400
20221102,09:33:48,18173.90,150,12105400
20221102,09:33:49,18173.75,100,12105400
20221102,09:33:49,18171.65,500,12105400
20221102,09:33:50,18172.80,250,12105400
20221102,09:33:52,18172.00,200,12105400
20221102,09:33:53,18170.00,550,12105400
20221102,09:33:54,18171.90,250,12105400
20221102,09:33:55,18170.10,550,12105400
20221102,09:33:56,18169.75,800,12105400
20221102,09:33:58,18168.15,500,12105400
20221102,09:34:00,18168.35,500,12105400
20221102,09:34:01,18169.55,700,12105400
20221102,09:34:01,18167.10,300,12105400
20221102,09:34:02,18167.30,900,12105400
20221102,09:34:04,18167.35,50,12105400
20221102,09:34:05,18166.60,400,12105400
20221102,09:34:06,18166.10,600,12105400
20221102,09:34:07,18167.30,2250,12105400
20221102,09:34:08,18168.30,800,12105400
20221102,09:34:09,18168.55,400,12105400
20221102,09:34:10,18167.80,1600,12105400
20221102,09:34:11,18168.05,100,12105400
20221102,09:34:12,18168.30,600,12105400
20221102,09:34:13,18166.45,150,12105400
20221102,09:34:14,18167.00,100,12105400
20221102,09:34:15,18167.00,2150,12105400
20221102,09:34:16,18168.00,2800,12105400
20221102,09:34:17,18168.05,150,12105400
20221102,09:34:18,18167.70,50,12105400
20221102,09:34:19,18167.00,200,12105400
20221102,09:34:20,18168.30,50,12105400
20221102,09:34:22,18167.00,250,12105400
20221102,09:34:23,18167.00,250,12105400
20221102,09:34:24,18167.70,1250,12105400
20221102,09:34:25,18167.00,150,12105400
20221102,09:34:27,18166.65,300,12105400
20221102,09:34:29,18167.05,1200,12105400
20221102,09:34:30,18167.45,100,12105400
20221102,09:34:30,18167.00,50,12105400
20221102,09:34:32,18166.60,50,12105400
20221102,09:34:32,18167.45,350,12105400
20221102,09:34:33,18167.85,150,12105400
20221102,09:34:35,18167.00,500,12105400
20221102,09:34:36,18167.00,350,12105400
20221102,09:34:37,18165.00,3350,12105400
20221102,09:34:38,18165.00,700,12105400
20221102,09:34:39,18165.00,450,12105400
20221102,09:34:40,18166.05,50,12105400
20221102,09:34:41,18166.75,700,12105400
20221102,09:34:42,18165.00,1150,12105400
20221102,09:34:43,18165.00,150,12105400
20221102,09:34:44,18165.20,50,12105400
20221102,09:34:45,18166.10,2400,12105400
20221102,09:34:46,18166.40,250,12105400
20221102,09:34:47,18166.75,1100,12105400
20221102,09:34:48,18166.90,700,12105400
20221102,09:34:49,18168.15,850,12105400
20221102,09:34:50,18168.10,1200,12105400
20221102,09:34:51,18168.20,1400,12105400
20221102,09:34:52,18167.60,700,12105400
20221102,09:34:53,18168.30,1900,12105400
20221102,09:34:53,18167.10,100,12105400
20221102,09:34:54,18166.50,900,12105400
20221102,09:34:56,18167.90,1150,12105400
20221102,09:34:57,18166.45,200,12105400
20221102,09:34:58,18166.15,100,12105400
20221102,09:34:59,18166.90,450,12105400
20221102,09:35:00,18167.60,400,12105400
20221102,09:35:01,18166.00,1150,12105400
20221102,09:35:02,18166.80,1200,12105400
20221102,09:35:03,18164.95,1750,12105400
20221102,09:35:03,18164.95,50,12105400
20221102,09:35:04,18165.00,1450,12105400
20221102,09:35:05,18164.90,350,12105400
20221102,09:35:07,18164.70,550,12105400
20221102,09:35:08,18164.10,1350,12105400
20221102,09:35:09,18163.80,950,12105400
20221102,09:35:10,18163.80,500,12105400
20221102,09:35:11,18163.90,750,12105400
20221102,09:35:11,18164.05,50,12105400
20221102,09:35:13,18163.95,350,12105400
20221102,09:35:14,18164.70,650,12105400
20221102,09:35:15,18163.65,1650,12105400
20221102,09:35:16,18164.80,2250,12105400
20221102,09:35:17,18163.30,800,12105400
20221102,09:35:18,18164.75,700,12105400
20221102,09:35:19,18163.30,1950,12105400
20221102,09:35:20,18163.30,400,12105400
20221102,09:35:20,18163.20,50,12105400
20221102,09:35:22,18163.20,150,12105400
20221102,09:35:23,18163.35,100,12105400
20221102,09:35:24,18164.65,450,12105400
20221102,09:35:25,18165.00,50,12105400
20221102,09:35:26,18166.00,4200,12105400
20221102,09:35:27,18167.60,200,12105400
20221102,09:35:28,18168.00,150,12105400
20221102,09:35:29,18166.45,50,12105400
20221102,09:35:30,18167.15,50,12105400
20221102,09:35:31,18166.70,150,12070350
20221102,09:35:32,18164.65,200,12070350
20221102,09:35:33,18165.15,50,12070350
20221102,09:35:34,18165.10,100,12070350
20221102,09:35:35,18164.00,550,12070350
20221102,09:35:36,18159.90,29300,12070350
20221102,09:35:37,18162.00,650,12070350
20221102,09:35:38,18162.75,300,12070350
20221102,09:35:39,18162.80,350,12070350
20221102,09:35:40,18164.45,350,12070350
20221102,09:35:41,18164.70,2150,12070350
20221102,09:35:42,18163.00,50,12070350
20221102,09:35:43,18164.05,50,12070350
20221102,09:35:45,18163.90,100,12070350
20221102,09:35:46,18164.50,400,12070350
20221102,09:35:47,18164.05,350,12070350
20221102,09:35:48,18164.05,50,12070350
20221102,09:35:49,18164.20,350,12070350
20221102,09:35:50,18165.10,50,12070350
20221102,09:35:51,18166.00,300,12070350
20221102,09:35:52,18166.35,50,12070350
20221102,09:35:54,18165.90,200,12070350
20221102,09:35:55,18165.30,100,12070350
20221102,09:35:55,18165.80,50,12070350
20221102,09:35:57,18166.00,800,12070350
20221102,09:35:58,18166.35,350,12070350
20221102,09:35:59,18166.00,350,12070350
20221102,09:36:00,18166.75,600,12070350
20221102,09:36:01,18166.70,300,12070350
20221102,09:36:02,18166.35,150,12070350
20221102,09:36:04,18166.75,200,12070350
20221102,09:36:05,18168.00,150,12070350
20221102,09:36:06,18168.25,450,12070350
20221102,09:36:07,18168.30,1100,12070350
20221102,09:36:08,18168.95,600,12070350
20221102,09:36:09,18168.35,500,12070350
20221102,09:36:10,18169.60,50,12070350
20221102,09:36:11,18169.90,550,12070350
20221102,09:36:12,18169.90,50,12070350
20221102,09:36:13,18169.90,750,12070350
20221102,09:36:14,18169.90,300,12070350
20221102,09:36:15,18169.90,500,12070350
20221102,09:36:16,18168.50,1200,12070350
20221102,09:36:17,18169.60,200,12070350
20221102,09:36:18,18169.55,150,12070350
20221102,09:36:19,18166.70,2600,12070350
20221102,09:36:20,18166.60,2450,12070350
20221102,09:36:21,18167.50,2100,12070350
20221102,09:36:22,18168.55,200,12070350
20221102,09:36:23,18168.05,150,12070350
20221102,09:36:24,18168.80,100,12070350
20221102,09:36:25,18169.00,150,12070350
20221102,09:36:26,18168.10,600,12070350
20221102,09:36:29,18167.85,300,12070350
20221102,09:36:30,18168.50,200,12070350
20221102,09:36:31,18169.00,1650,12070350
20221102,09:36:32,18165.75,400,12070350
20221102,09:36:33,18165.50,950,12070350
20221102,09:36:34,18166.90,500,12070350
20221102,09:36:35,18166.90,200,12070350
20221102,09:36:36,18167.90,1050,12070350
20221102,09:36:37,18167.80,400,12070350
20221102,09:36:38,18167.40,100,12070350
20221102,09:36:39,18167.40,1450,12070350
20221102,09:36:40,18168.40,100,12070350
20221102,09:36:41,18167.75,500,12070350
20221102,09:36:42,18168.45,150,12070350
20221102,09:36:43,18168.60,150,12070350
20221102,09:36:44,18169.50,1900,12070350
20221102,09:36:45,18172.00,6400,12070350
20221102,09:36:46,18172.10,150,12070350
20221102,09:36:48,18172.90,250,12070350
20221102,09:36:49,18170.70,1800,12070350
20221102,09:36:50,18170.95,100,12070350
20221102,09:36:51,18172.70,50,12070350
20221102,09:36:52,18171.30,500,12070350
20221102,09:36:53,18171.00,200,12070350
20221102,09:36:54,18171.40,200,12070350
20221102,09:36:55,18172.90,50,12070350
20221102,09:36:56,18172.90,50,12070350
20221102,09:36:57,18173.00,650,12070350
20221102,09:36:58,18173.00,250,12070350
20221102,09:36:59,18173.90,100,12070350
20221102,09:37:00,18175.00,2250,12070350
20221102,09:37:01,18172.10,250,12070350
20221102,09:37:02,18171.90,1000,12070350
20221102,09:37:03,18172.00,300,12070350
20221102,09:37:04,18171.40,50,12070350
20221102,09:37:05,18171.00,150,12070350
20221102,09:37:06,18170.00,1400,12070350
20221102,09:37:07,18170.40,50,12070350
20221102,09:37:08,18169.00,400,12070350
20221102,09:37:09,18172.00,800,12070350
20221102,09:37:11,18172.20,150,12070350
20221102,09:37:12,18174.85,700,12070350
20221102,09:37:13,18174.95,100,12070350
20221102,09:37:14,18173.25,700,12070350
20221102,09:37:15,18174.90,250,12070350
20221102,09:37:16,18173.80,50,12070350
20221102,09:37:17,18175.00,200,12070350
20221102,09:37:18,18173.95,50,12070350
20221102,09:37:19,18173.90,100,12070350
20221102,09:37:20,18174.30,300,12070350
20221102,09:37:21,18174.30,300,12070350
20221102,09:37:22,18174.95,50,12070350
20221102,09:37:23,18175.00,450,12070350
20221102,09:37:24,18174.05,50,12070350
20221102,09:37:25,18174.00,650,12070350
20221102,09:37:26,18174.80,150,12070350
20221102,09:37:27,18176.00,100,12070350
20221102,09:37:28,18176.90,800,12070350
20221102,09:37:29,18176.75,350,12070350
20221102,09:37:31,18175.80,350,12070350
20221102,09:37:32,18175.80,50,12070350
20221102,09:37:33,18175.80,400,12070350
20221102,09:37:34,18175.80,1250,12070350
20221102,09:37:35,18176.30,50,12070350
20221102,09:37:36,18176.30,50,12070350
20221102,09:37:37,18176.30,350,12070350
20221102,09:37:38,18176.05,1900,12070350
20221102,09:37:39,18175.75,350,12070350
20221102,09:37:40,18175.05,650,12070350
20221102,09:37:41,18175.00,700,12070350
20221102,09:37:42,18176.60,250,12070350
20221102,09:37:43,18175.55,100,12070350
20221102,09:37:44,18176.30,250,12070350
20221102,09:37:45,18176.30,100,12070350
20221102,09:37:47,18175.30,100,12070350
20221102,09:37:48,18176.30,100,12070350
20221102,09:37:49,18176.90,600,12070350
20221102,09:37:50,18176.90,250,12070350
20221102,09:37:51,18176.80,400,12070350
20221102,09:37:53,18178.35,650,12070350
20221102,09:37:54,18178.40,600,12070350
20221102,09:37:55,18179.45,800,12070350
20221102,09:37:57,18179.90,100,12070350
20221102,09:37:59,18179.05,700,12070350
20221102,09:38:00,18179.20,50,12070350
20221102,09:38:01,18179.90,500,12070350
20221102,09:38:02,18180.05,5950,12070350
20221102,09:38:03,18180.00,800,12070350
20221102,09:38:04,18182.15,550,12070350
20221102,09:38:05,18182.50,250,12070350
20221102,09:38:06,18183.10,700,12070350
20221102,09:38:07,18181.10,600,12070350
20221102,09:38:08,18181.85,50,12070350
20221102,09:38:09,18180.00,750,12070350
20221102,09:38:10,18179.90,2350,12070350
20221102,09:38:11,18179.90,50,12070350
20221102,09:38:12,18178.90,100,12070350
20221102,09:38:13,18180.00,850,12070350
20221102,09:38:14,18178.00,1100,12070350
20221102,09:38:15,18179.15,450,12070350
20221102,09:38:16,18178.65,250,12070350
20221102,09:38:18,18177.35,400,12070350
20221102,09:38:19,18178.90,450,12070350
20221102,09:38:20,18179.20,100,12070350
20221102,09:38:21,18178.55,450,12070350
20221102,09:38:22,18178.05,150,12070350
20221102,09:38:23,18179.45,300,12070350
20221102,09:38:24,18178.90,200,12070350
20221102,09:38:25,18178.00,150,12070350
20221102,09:38:26,18179.85,250,12070350
20221102,09:38:28,18179.15,50,12070350
20221102,09:38:29,18179.10,400,12070350
20221102,09:38:30,18179.30,300,12070350
20221102,09:38:31,18178.10,300,12070350
20221102,09:38:32,18179.40,100,12070350
20221102,09:38:34,18178.05,1200,12037800
20221102,09:38:35,18178.00,300,12037800
20221102,09:38:36,18177.25,550,12037800
20221102,09:38:37,18177.25,200,12037800
20221102,09:38:39,18176.45,850,12037800
20221102,09:38:40,18176.75,100,12037800
20221102,09:38:42,18176.05,200,12037800
20221102,09:38:43,18175.05,350,12037800
20221102,09:38:45,18176.55,450,12037800
20221102,09:38:46,18176.05,50,12037800
20221102,09:38:49,18176.00,300,12037800
20221102,09:38:50,18175.10,1250,12037800
20221102,09:38:51,18174.90,2550,12037800
20221102,09:38:52,18175.00,250,12037800
20221102,09:38:54,18174.20,100,12037800
20221102,09:38:56,18174.70,100,12037800
20221102,09:38:57,18174.85,150,12037800
20221102,09:38:58,18175.85,100,12037800
20221102,09:38:59,18174.80,200,12037800
20221102,09:39:00,18174.65,500,12037800
20221102,09:39:01,18176.70,600,12037800
20221102,09:39:02,18176.45,600,12037800
20221102,09:39:03,18175.00,900,12037800
20221102,09:39:04,18175.20,800,12037800
20221102,09:39:05,18175.45,500,12037800
20221102,09:39:06,18177.30,350,12037800
20221102,09:39:07,18176.30,100,12037800
20221102,09:39:08,18176.95,150,12037800
20221102,09:39:09,18177.20,650,12037800
20221102,09:39:10,18177.25,500,12037800
20221102,09:39:11,18178.20,250,12037800
20221102,09:39:12,18178.10,150,12037800
20221102,09:39:14,18178.70,50,12037800
20221102,09:39:15,18179.15,250,12037800
20221102,09:39:16,18178.60,1200,12037800
20221102,09:39:19,18177.60,550,12037800
20221102,09:39:19,18177.65,50,12037800
20221102,09:39:20,18178.10,750,12037800
20221102,09:39:21,18178.60,100,12037800
20221102,09:39:23,18178.60,50,12037800
20221102,09:39:24,18178.00,200,12037800
20221102,09:39:25,18177.00,650,12037800
20221102,09:39:26,18176.85,150,12037800
20221102,09:39:27,18177.10,100,12037800
20221102,09:39:29,18176.95,200,12037800
20221102,09:39:31,18178.00,150,12037800
20221102,09:39:32,18176.95,850,12037800
20221102,09:39:33,18177.00,50,12037800
20221102,09:39:34,18177.10,150,12037800
20221102,09:39:35,18177.10,100,12037800
20221102,09:39:36,18177.10,50,12037800
20221102,09:39:37,18178.00,200,12037800
20221102,09:39:39,18177.05,50,12037800
20221102,09:39:41,18179.00,250,12037800
20221102,09:39:42,18178.10,100,12037800
20221102,09:39:43,18177.10,300,12037800
20221102,09:39:44,18177.40,50,12037800
20221102,09:39:46,18177.40,400,12037800
20221102,09:39:47,18177.40,100,12037800
20221102,09:39:49,18177.80,450,12037800
20221102,09:39:50,18177.10,450,12037800
20221102,09:39:51,18176.20,450,12037800
20221102,09:39:52,18176.00,400,12037800
20221102,09:39:53,18176.20,250,12037800
20221102,09:39:55,18176.20,1300,12037800
20221102,09:39:57,18177.40,100,12037800
20221102,09:39:58,18177.15,200,12037800
20221102,09:39:59,18176.95,100,12037800
20221102,09:40:00,18176.95,350,12037800
20221102,09:40:01,18177.35,350,12037800
20221102,09:40:02,18176.35,600,12037800
20221102,09:40:03,18175.70,300,12037800
20221102,09:40:04,18175.55,100,12037800
20221102,09:40:05,18175.50,100,12037800
20221102,09:40:06,18175.55,700,12037800
20221102,09:40:08,18176.10,50,12037800
20221102,09:40:08,18176.85,50,12037800
20221102,09:40:10,18175.75,200,12037800
20221102,09:40:12,18175.45,50,12037800
20221102,09:40:13,18177.35,850,12037800
20221102,09:40:15,18176.60,200,12037800
20221102,09:40:16,18177.40,200,12037800
20221102,09:40:17,18178.00,500,12037800
20221102,09:40:18,18177.00,150,12037800
20221102,09:40:19,18176.25,50,12037800
20221102,09:40:20,18175.70,200,12037800
20221102,09:40:21,18175.65,100,12037800
20221102,09:40:22,18175.60,100,12037800
20221102,09:40:24,18175.40,1000,12037800
20221102,09:40:25,18177.00,100,12037800
20221102,09:40:26,18177.25,150,12037800
20221102,09:40:27,18175.60,100,12037800
20221102,09:40:30,18175.55,250,12037800
20221102,09:40:32,18175.35,850,12037800
20221102,09:40:33,18175.70,200,12037800
20221102,09:40:34,18175.60,50,12037800
20221102,09:40:35,18175.25,450,12037800
20221102,09:40:36,18174.35,650,12037800
20221102,09:40:39,18175.00,200,12037800
20221102,09:40:40,18175.60,50,12037800
20221102,09:40:43,18175.35,100,12037800
20221102,09:40:44,18175.35,50,12037800
20221102,09:40:45,18175.60,250,12037800
20221102,09:40:46,18176.10,50,12037800
20221102,09:40:47,18176.20,300,12037800
20221102,09:40:51,18177.00,150,12037800
20221102,09:40:51,18177.00,200,12037800
20221102,09:40:52,18177.00,300,12037800
20221102,09:40:53,18175.50,900,12037800
20221102,09:40:54,18175.50,200,12037800
20221102,09:40:55,18175.70,100,12037800
20221102,09:40:57,18175.50,150,12037800
20221102,09:40:59,18175.00,500,12037800
20221102,09:40:59,18175.00,50,12037800
20221102,09:41:00,18174.90,50,12037800
20221102,09:41:01,18175.05,3350,12037800
20221102,09:41:03,18175.40,100,12037800
20221102,09:41:04,18175.70,50,12037800
20221102,09:41:06,18176.95,150,12037800
20221102,09:41:08,18177.00,950,12037800
20221102,09:41:10,18177.00,250,12037800
20221102,09:41:12,18179.00,200,12037800
20221102,09:41:15,18179.95,100,12037800
20221102,09:41:16,18179.70,100,12037800
20221102,09:41:19,18179.70,350,12037800
20221102,09:41:19,18179.80,450,12037800
20221102,09:41:20,18177.70,500,12037800
20221102,09:41:21,18178.80,200,12037800
20221102,09:41:22,18179.00,100,12037800
20221102,09:41:24,18178.90,200,12037800
20221102,09:41:26,18179.00,100,12037800
20221102,09:41:27,18178.70,50,12037800
20221102,09:41:28,18178.15,250,12037800
20221102,09:41:29,18178.10,150,12037800
20221102,09:41:30,18178.85,300,12037800
20221102,09:41:32,18178.50,50,12037800
20221102,09:41:33,18178.85,350,12019350
20221102,09:41:34,18177.30,150,12019350
20221102,09:41:35,18178.85,600,12019350
20221102,09:41:37,18178.85,50,12019350
20221102,09:41:38,18178.85,150,12019350
20221102,09:41:39,18178.85,100,12019350
20221102,09:41:41,18177.15,250,12019350
20221102,09:41:44,18178.00,200,12019350
20221102,09:41:45,18178.85,100,12019350
20221102,09:41:46,18178.05,100,12019350
20221102,09:41:47,18177.30,150,12019350
20221102,09:41:48,18177.60,50,12019350
20221102,09:41:50,18178.00,750,12019350
20221102,09:41:51,18177.70,1100,12019350
20221102,09:41:52,18176.55,3350,12019350
20221102,09:41:53,18177.85,50,12019350
20221102,09:41:54,18177.90,100,12019350
20221102,09:41:56,18177.20,100,12019350
20221102,09:41:57,18176.25,600,12019350
20221102,09:41:58,18176.75,50,12019350
20221102,09:42:01,18175.95,850,12019350
20221102,09:42:02,18176.10,550,12019350
20221102,09:42:02,18175.75,550,12019350
20221102,09:42:03,18175.50,100,12019350
20221102,09:42:05,18175.60,50,12019350
20221102,09:42:07,18176.05,2300,12019350
20221102,09:42:08,18176.10,1400,12019350
20221102,09:42:08,18176.20,50,12019350
20221102,09:42:16,18176.95,100,12019350
20221102,09:42:17,18176.60,350,12019350
20221102,09:42:18,18176.90,150,12019350
20221102,09:42:20,18176.50,150,12019350
20221102,09:42:21,18176.25,50,12019350
20221102,09:42:22,18176.00,400,12019350
20221102,09:42:23,18175.50,100,12019350
20221102,09:42:24,18175.50,50,12019350
20221102,09:42:27,18176.05,50,12019350
20221102,09:42:28,18176.25,50,12019350
20221102,09:42:30,18178.00,200,12019350
20221102,09:42:32,18177.60,250,12019350
20221102,09:42:33,18178.50,200,12019350
20221102,09:42:33,18178.25,50,12019350
20221102,09:42:34,18176.35,600,12019350
20221102,09:42:35,18176.90,50,12019350
20221102,09:42:38,18178.00,250,12019350
20221102,09:42:39,18178.80,100,12019350
20221102,09:42:40,18179.00,50,12019350
20221102,09:42:42,18178.45,50,12019350
20221102,09:42:43,18179.00,100,12019350
20221102,09:42:45,18179.95,600,12019350
20221102,09:42:47,18178.45,50,12019350
20221102,09:42:47,18178.35,150,12019350
20221102,09:42:50,18179.40,300,12019350
20221102,09:42:50,18179.00,150,12019350
20221102,09:42:52,18177.70,300,12019350
20221102,09:42:53,18178.50,50,12019350
20221102,09:42:56,18178.50,50,12019350
20221102,09:42:57,18177.20,100,12019350
20221102,09:42:59,18177.90,50,12019350
20221102,09:43:00,18179.00,50,12019350
20221102,09:43:01,18179.00,250,12019350
20221102,09:43:02,18178.75,50,12019350
20221102,09:43:06,18178.00,150,12019350
20221102,09:43:08,18179.10,50,12019350
20221102,09:43:09,18178.25,250,12019350
20221102,09:43:10,18179.05,150,12019350
20221102,09:43:11,18178.50,50,12019350
20221102,09:43:12,18179.55,50,12019350
20221102,09:43:14,18180.90,3650,12019350
20221102,09:43:16,18182.00,2100,12019350
20221102,09:43:17,18182.10,250,12019350
20221102,09:43:18,18182.45,200,12019350
20221102,09:43:19,18183.40,400,12019350
20221102,09:43:20,18184.00,350,12019350
20221102,09:43:21,18185.00,700,12019350
20221102,09:43:22,18181.15,750,12019350
20221102,09:43:23,18181.50,150,12019350
20221102,09:43:24,18182.70,250,12019350
20221102,09:43:27,18180.50,300,12019350
20221102,09:43:29,18179.30,350,12019350
20221102,09:43:32,18182.00,100,12019350
20221102,09:43:33,18182.25,200,12019350
20221102,09:43:34,18182.00,100,12019350
20221102,09:43:36,18185.15,1500,12019350
20221102,09:43:37,18182.00,200,12019350
20221102,09:43:38,18182.25,50,12019350
20221102,09:43:39,18183.40,100,12019350
20221102,09:43:41,18182.85,100,12019350
20221102,09:43:42,18182.30,50,12019350
20221102,09:43:44,18182.50,100,12019350
20221102,09:43:45,18183.00,100,12019350
20221102,09:43:47,18185.05,150,12019350
20221102,09:43:48,18183.75,100,12019350
20221102,09:43:49,18185.50,100,12019350
20221102,09:43:50,18184.15,300,12019350
20221102,09:43:50,18185.95,50,12019350
20221102,09:43:52,18184.30,150,12019350
20221102,09:43:54,18185.05,50,12019350
20221102,09:43:55,18186.00,300,12019350
20221102,09:43:57,18188.45,3750,12019350
20221102,09:43:58,18187.10,150,12019350
20221102,09:43:59,18187.50,200,12019350
20221102,09:44:00,18187.10,250,12019350
20221102,09:44:01,18188.65,500,12019350
20221102,09:44:02,18187.50,200,12019350
20221102,09:44:03,18186.75,400,12019350
20221102,09:44:04,18186.05,750,12019350
20221102,09:44:05,18187.30,50,12019350
20221102,09:44:07,18186.00,100,12019350
20221102,09:44:08,18186.10,200,12019350
20221102,09:44:09,18186.00,100,12019350
20221102,09:44:11,18185.45,200,12019350
20221102,09:44:12,18186.05,50,12019350
20221102,09:44:14,18186.50,550,12019350
20221102,09:44:15,18186.75,250,12019350
20221102,09:44:16,18187.05,600,12019350
20221102,09:44:18,18188.00,200,12019350
20221102,09:44:19,18190.00,4750,12019350
20221102,09:44:20,18190.05,450,12019350
20221102,09:44:21,18190.00,350,12019350
20221102,09:44:23,18188.80,50,12019350
20221102,09:44:24,18188.40,250,12019350
20221102,09:44:26,18190.05,450,12019350
20221102,09:44:27,18188.55,50,12019350
20221102,09:44:28,18190.00,300,12019350
20221102,09:44:30,18189.85,250,12019350
20221102,09:44:31,18188.25,200,12019350
20221102,09:44:32,18189.85,650,12006000
20221102,09:44:33,18189.85,100,12006000
20221102,09:44:34,18188.60,400,12006000
20221102,09:44:35,18190.65,250,12006000
20221102,09:44:37,18190.80,50,12006000
20221102,09:44:37,18191.00,100,12006000
20221102,09:44:38,18192.45,4300,12006000
20221102,09:44:39,18192.95,2200,12006000
20221102,09:44:41,18194.00,3600,12006000
20221102,09:44:42,18193.50,600,12006000
20221102,09:44:43,18194.50,250,12006000
20221102,09:44:43,18194.55,50,12006000
20221102,09:44:44,18193.75,550,12006000
20221102,09:44:46,18194.00,100,12006000
20221102,09:44:47,18192.60,800,12006000
20221102,09:44:48,18194.50,450,12006000
20221102,09:44:51,18194.25,100,12006000
20221102,09:44:52,18194.25,50,12006000
20221102,09:44:53,18195.00,1100,12006000
20221102,09:44:54,18195.55,600,12006000
20221102,09:44:55,18196.75,600,12006000
20221102,09:44:57,18194.15,350,12006000
20221102,09:44:58,18194.00,300,12006000
20221102,09:44:59,18194.85,50,12006000
20221102,09:45:00,18195.40,250,12006000
20221102,09:45:01,18197.00,1550,12006000
20221102,09:45:03,18197.15,2350,12006000
20221102,09:45:04,18199.00,1700,12006000
20221102,09:45:05,18199.75,2800,12006000
20221102,09:45:05,18197.40,100,12006000
20221102,09:45:06,18199.40,150,12006000
20221102,09:45:08,18199.95,250,12006000
20221102,09:45:09,18201.00,4600,12006000
20221102,09:45:10,18203.50,3400,12006000
20221102,09:45:11,18204.00,1000,12006000
20221102,09:45:12,18202.25,1600,12006000
20221102,09:45:14,18202.70,550,12006000
20221102,09:45:15,18204.00,500,12006000
20221102,09:45:16,18203.35,800,12006000
20221102,09:45:17,18204.00,250,12006000
20221102,09:45:18,18203.55,950,12006000
20221102,09:45:20,18204.00,700,12006000
20221102,09:45:21,18202.10,450,12006000
20221102,09:45:22,18202.30,4150,12006000
20221102,09:45:23,18203.90,650,12006000
20221102,09:45:24,18203.00,1050,12006000
20221102,09:45:26,18203.90,600,12006000
20221102,09:45:27,18202.95,600,12006000
20221102,09:45:28,18202.60,250,12006000
20221102,09:45:28,18202.60,150,12006000
20221102,09:45:29,18202.85,300,12006000
20221102,09:45:30,18202.10,650,12006000
20221102,09:45:32,18203.90,2400,12006000
20221102,09:45:33,18201.15,3450,12006000
20221102,09:45:34,18200.50,700,12006000
20221102,09:45:34,18200.05,4200,12006000
20221102,09:45:35,18196.15,950,12006000
20221102,09:45:37,18196.35,700,12006000
20221102,09:45:38,18198.45,250,12006000
20221102,09:45:39,18197.30,900,12006000
20221102,09:45:40,18197.25,300,12006000
20221102,09:45:41,18199.60,50,12006000
20221102,09:45:42,18196.70,1300,12006000
20221102,09:45:43,18199.00,200,12006000
20221102,09:45:44,18198.00,250,12006000
20221102,09:45:45,18198.60,350,12006000
20221102,09:45:46,18198.80,50,12006000
20221102,09:45:47,18199.30,50,12006000
20221102,09:45:48,18198.30,100,12006000
20221102,09:45:49,18200.90,800,12006000
20221102,09:45:50,18199.95,250,12006000
20221102,09:45:51,18198.05,100,12006000
20221102,09:45:52,18199.00,50,12006000
20221102,09:45:56,18198.05,100,12006000
20221102,09:45:56,18197.00,200,12006000
20221102,09:45:57,18198.90,150,12006000
20221102,09:45:58,18198.05,2700,12006000
20221102,09:45:59,18198.75,150,12006000
20221102,09:46:01,18197.05,200,12006000
20221102,09:46:02,18198.00,150,12006000
20221102,09:46:03,18198.05,350,12006000
20221102,09:46:04,18199.00,100,12006000
20221102,09:46:05,18198.00,300,12006000
20221102,09:46:07,18199.00,250,12006000
20221102,09:46:08,18198.55,150,12006000
20221102,09:46:09,18198.05,50,12006000
20221102,09:46:10,18197.00,1050,12006000
20221102,09:46:11,18196.60,200,12006000
20221102,09:46:13,18196.45,150,12006000
20221102,09:46:14,18196.95,200,12006000
20221102,09:46:15,18198.00,5900,12006000
20221102,09:46:16,18197.65,300,12006000
20221102,09:46:17,18198.00,300,12006000
20221102,09:46:18,18197.45,150,12006000
20221102,09:46:19,18197.30,600,12006000
20221102,09:46:21,18197.45,100,12006000
20221102,09:46:22,18197.75,450,12006000
20221102,09:46:23,18198.25,50,12006000
20221102,09:46:24,18197.95,500,12006000
20221102,09:46:26,18197.90,150,12006000
20221102,09:46:27,18198.00,50,12006000
20221102,09:46:28,18198.40,800,12006000
20221102,09:46:29,18199.00,150,12006000
20221102,09:46:30,18199.00,450,12006000
20221102,09:46:31,18198.55,600,12006000
20221102,09:46:33,18199.00,500,12006000
20221102,09:46:34,18199.05,200,12006000
20221102,09:46:35,18198.80,400,12006000
20221102,09:46:36,18198.20,50,12006000
20221102,09:46:38,18198.05,1100,12006000
20221102,09:46:39,18198.00,1850,12006000
20221102,09:46:40,18198.25,100,12006000
20221102,09:46:41,18198.25,150,12006000
20221102,09:46:41,18198.25,50,12006000
20221102,09:46:42,18198.05,50,12006000
20221102,09:46:43,18199.90,2300,12006000
20221102,09:46:44,18198.70,200,12006000
20221102,09:46:45,18200.20,100,12006000
20221102,09:46:46,18201.00,600,12006000
20221102,09:46:47,18198.25,150,12006000
20221102,09:46:48,18200.00,1750,12006000
20221102,09:46:49,18199.90,150,12006000
20221102,09:46:50,18198.25,150,12006000
20221102,09:46:52,18199.25,150,12006000
20221102,09:46:53,18198.25,4300,12006000
20221102,09:46:54,18198.80,1650,12006000
20221102,09:46:55,18198.25,100,12006000
20221102,09:46:56,18198.70,1950,12006000
20221102,09:46:57,18199.10,1850,12006000
20221102,09:46:58,18197.60,50,12006000
20221102,09:46:59,18196.10,50,12006000
20221102,09:47:00,18195.05,200,12006000
20221102,09:47:01,18198.45,850,12006000
20221102,09:47:02,18197.40,400,12006000
20221102,09:47:03,18198.80,800,12006000
20221102,09:47:04,18195.90,50,12006000
20221102,09:47:05,18197.85,50,12006000
20221102,09:47:06,18195.45,750,12006000
20221102,09:47:07,18195.45,150,12006000
20221102,09:47:08,18194.95,200,12006000
20221102,09:47:09,18195.00,50,12006000
20221102,09:47:10,18194.95,250,12006000
20221102,09:47:11,18194.55,100,12006000
20221102,09:47:12,18196.45,400,12006000
20221102,09:47:13,18196.10,250,12006000
20221102,09:47:14,18194.35,250,12006000
20221102,09:47:17,18196.00,650,12006000
20221102,09:47:19,18193.15,500,12006000
20221102,09:47:21,18192.60,100,12006000
20221102,09:47:22,18193.35,50,12006000
20221102,09:47:23,18192.50,50,12006000
20221102,09:47:24,18192.10,100,12006000
20221102,09:47:25,18192.10,700,12006000
20221102,09:47:25,18192.00,50,12006000
20221102,09:47:27,18192.10,150,12006000
20221102,09:47:27,18193.15,1050,12006000
20221102,09:47:28,18195.00,350,12006000
20221102,09:47:30,18193.00,450,12006000
20221102,09:47:31,18192.15,1050,12006000
20221102,09:47:32,18193.55,1150,11984950
20221102,09:47:34,18195.00,1750,11984950
20221102,09:47:35,18193.55,1000,11984950
20221102,09:47:36,18194.15,1200,11984950
20221102,09:47:37,18191.40,500,11984950
20221102,09:47:37,18191.25,500,11984950
20221102,09:47:38,18191.20,500,11984950
20221102,09:47:40,18193.90,1400,11984950
20221102,09:47:41,18191.90,100,11984950
20221102,09:47:42,18192.00,550,11984950
20221102,09:47:44,18191.90,300,11984950
20221102,09:47:45,18192.25,50,11984950
20221102,09:47:46,18191.25,550,11984950
20221102,09:47:50,18193.90,100,11984950
20221102,09:47:51,18192.20,300,11984950
20221102,09:47:52,18191.65,100,11984950
20221102,09:47:52,18191.25,50,11984950
20221102,09:47:56,18191.60,50,11984950
20221102,09:47:58,18194.85,200,11984950
20221102,09:47:59,18192.65,150,11984950
20221102,09:48:00,18192.85,50,11984950
20221102,09:48:01,18193.85,50,11984950
20221102,09:48:02,18193.85,600,11984950
20221102,09:48:03,18196.00,1600,11984950
20221102,09:48:04,18196.00,50,11984950
20221102,09:48:05,18194.80,100,11984950
20221102,09:48:06,18194.95,100,11984950
20221102,09:48:07,18197.95,600,11984950
20221102,09:48:08,18196.05,100,11984950
20221102,09:48:09,18196.45,100,11984950
20221102,09:48:11,18199.40,500,11984950
20221102,09:48:13,18196.95,250,11984950
20221102,09:48:14,18197.00,100,11984950
20221102,09:48:15,18197.00,1850,11984950
20221102,09:48:16,18198.85,500,11984950
20221102,09:48:17,18198.55,150,11984950
20221102,09:48:18,18196.05,800,11984950
20221102,09:48:19,18196.05,1800,11984950
20221102,09:48:20,18199.15,100,11984950
20221102,09:48:21,18198.90,1050,11984950
20221102,09:48:22,18199.35,500,11984950
20221102,09:48:23,18196.90,250,11984950
20221102,09:48:24,18197.00,400,11984950
20221102,09:48:25,18199.40,2800,11984950
20221102,09:48:26,18197.05,150,11984950
20221102,09:48:27,18196.90,550,11984950
20221102,09:48:28,18198.95,250,11984950
20221102,09:48:29,18198.40,50,11984950
20221102,09:48:30,18197.45,50,11984950
20221102,09:48:31,18197.45,1900,11984950
20221102,09:48:32,18199.65,100,11984950
20221102,09:48:33,18199.30,50,11984950
20221102,09:48:34,18199.20,50,11984950
20221102,09:48:36,18198.10,2000,11984950
20221102,09:48:37,18199.95,200,11984950
20221102,09:48:38,18198.80,50,11984950
20221102,09:48:39,18200.00,250,11984950
20221102,09:48:40,18200.10,2900,11984950
20221102,09:48:41,18200.95,150,11984950
20221102,09:48:42,18198.30,750,11984950
20221102,09:48:43,18200.40,50,11984950
20221102,09:48:44,18200.00,1750,11984950
20221102,09:48:45,18200.00,100,11984950
20221102,09:48:46,18200.45,500,11984950
20221102,09:48:47,18200.55,1300,11984950
20221102,09:48:48,18200.00,100,11984950
20221102,09:48:49,18201.85,200,11984950
20221102,09:48:51,18199.65,2900,11984950
20221102,09:48:52,18198.00,2350,11984950
20221102,09:48:53,18197.75,2000,11984950
20221102,09:48:54,18197.05,2200,11984950
20221102,09:48:56,18196.65,2050,11984950
20221102,09:48:57,18198.40,50,11984950
20221102,09:48:58,18199.20,50,11984950
20221102,09:49:00,18197.60,100,11984950
20221102,09:49:02,18197.55,1350,11984950
20221102,09:49:03,18196.40,250,11984950
20221102,09:49:04,18201.45,20250,11984950
20221102,09:49:05,18196.55,750,11984950
20221102,09:49:08,18199.00,600,11984950
20221102,09:49:09,18200.00,150,11984950
20221102,09:49:10,18198.00,50,11984950
20221102,09:49:11,18198.20,100,11984950
20221102,09:49:12,18198.75,150,11984950
20221102,09:49:13,18197.90,600,11984950
20221102,09:49:14,18198.95,1350,11984950
20221102,09:49:15,18198.90,1200,11984950
20221102,09:49:16,18200.00,100,11984950
20221102,09:49:17,18200.00,1100,11984950
20221102,09:49:18,18199.45,100,11984950
20221102,09:49:19,18199.45,250,11984950
20221102,09:49:20,18198.80,150,11984950
20221102,09:49:21,18198.35,250,11984950
20221102,09:49:22,18199.10,50,11984950
20221102,09:49:23,18199.10,150,11984950
20221102,09:49:24,18199.10,250,11984950
20221102,09:49:26,18198.80,100,11984950
20221102,09:49:27,18198.80,400,11984950
20221102,09:49:28,18199.00,950,11984950
20221102,09:49:31,18198.65,600,11984950
20221102,09:49:32,18198.80,550,11984950
20221102,09:49:33,18199.80,300,11984950
20221102,09:49:34,18199.10,1000,11984950
20221102,09:49:35,18198.40,700,11984950
20221102,09:49:36,18198.40,250,11984950
20221102,09:49:37,18199.70,150,11984950
20221102,09:49:38,18198.95,150,11984950
20221102,09:49:39,18198.25,50,11984950
20221102,09:49:40,18197.85,50,11984950
20221102,09:49:43,18198.85,150,11984950
20221102,09:49:44,18197.35,150,11984950
20221102,09:49:45,18195.20,650,11984950
20221102,09:49:46,18195.55,100,11984950
20221102,09:49:47,18195.35,200,11984950
20221102,09:49:48,18195.00,100,11984950
20221102,09:49:49,18195.25,50,11984950
20221102,09:49:50,18195.00,150,11984950
20221102,09:49:51,18195.20,50,11984950
20221102,09:49:54,18195.00,50,11984950
20221102,09:49:55,18195.20,450,11984950
20221102,09:49:56,18196.00,200,11984950
20221102,09:49:57,18198.75,50,11984950
20221102,09:49:58,18198.00,50,11984950
20221102,09:50:00,18197.05,1300,11984950
20221102,09:50:02,18198.75,50,11984950
20221102,09:50:03,18199.65,250,11984950
20221102,09:50:04,18199.50,500,11984950
20221102,09:50:05,18197.00,50,11984950
20221102,09:50:06,18197.05,250,11984950
20221102,09:50:07,18198.90,650,11984950
20221102,09:50:08,18195.65,100,11984950
20221102,09:50:09,18195.70,150,11984950
20221102,09:50:10,18195.80,50,11984950
20221102,09:50:12,18192.50,1700,11984950
20221102,09:50:14,18192.70,150,11984950
20221102,09:50:15,18194.15,50,11984950
20221102,09:50:16,18195.60,300,11984950
20221102,09:50:18,18192.70,100,11984950
20221102,09:50:20,18193.40,50,11984950
20221102,09:50:23,18193.30,50,11984950
20221102,09:50:24,18193.25,50,11984950
20221102,09:50:25,18194.90,150,11984950
20221102,09:50:26,18194.90,100,11984950
20221102,09:50:28,18194.50,200,11984950
20221102,09:50:29,18195.00,100,11984950
20221102,09:50:31,18193.45,250,11984950
20221102,09:50:31,18193.10,100,11984950
20221102,09:50:32,18195.35,50,11984950
20221102,09:50:33,18192.65,100,11984950
20221102,09:50:34,18192.65,100,11964300
20221102,09:50:35,18192.30,150,11964300
20221102,09:50:36,18192.25,50,11964300
20221102,09:50:37,18191.00,500,11964300
20221102,09:50:39,18190.45,350,11964300
20221102,09:50:40,18192.10,400,11964300
20221102,09:50:41,18192.10,50,11964300
20221102,09:50:42,18191.35,750,11964300
20221102,09:50:45,18191.35,100,11964300
20221102,09:50:45,18192.55,100,11964300
20221102,09:50:46,18191.95,1950,11964300
20221102,09:50:47,18190.95,2000,11964300
20221102,09:50:48,18191.15,1100,11964300
20221102,09:50:49,18190.70,2050,11964300
20221102,09:50:51,18190.10,2100,11964300
20221102,09:50:52,18190.70,12750,11964300
20221102,09:50:53,18188.00,350,11964300
20221102,09:50:54,18189.00,150,11964300
20221102,09:50:55,18189.50,100,11964300
20221102,09:50:56,18188.55,100,11964300
20221102,09:50:57,18186.30,2050,11964300
20221102,09:50:58,18188.55,1500,11964300
20221102,09:50:59,18187.60,2100,11964300
20221102,09:51:00,18187.20,1250,11964300
20221102,09:51:01,18188.10,600,11964300
20221102,09:51:02,18187.15,900,11964300
20221102,09:51:03,18187.60,100,11964300
20221102,09:51:05,18187.45,50,11964300
20221102,09:51:06,18189.50,2650,11964300
20221102,09:51:07,18187.75,350,11964300
20221102,09:51:09,18188.00,100,11964300
20221102,09:51:11,18188.50,100,11964300
20221102,09:51:12,18188.45,500,11964300
20221102,09:51:16,18190.00,600,11964300
20221102,09:51:18,18191.00,300,11964300
20221102,09:51:19,18190.30,50,11964300
20221102,09:51:22,18191.25,600,11964300
20221102,09:51:24,18190.30,300,11964300
20221102,09:51:27,18189.05,250,11964300
20221102,09:51:28,18190.00,100,11964300
20221102,09:51:31,18190.70,550,11964300
20221102,09:51:33,18191.00,50,11964300
20221102,09:51:34,18190.70,550,11964300
20221102,09:51:35,18189.95,50,11964300
20221102,09:51:36,18189.00,50,11964300
20221102,09:51:37,18189.80,100,11964300
20221102,09:51:38,18189.00,50,11964300
20221102,09:51:39,18188.45,150,11964300
20221102,09:51:40,18185.05,1000,11964300
20221102,09:51:41,18184.80,650,11964300
20221102,09:51:42,18183.05,150,11964300
20221102,09:51:43,18182.75,50,11964300
20221102,09:51:44,18184.65,200,11964300
20221102,09:51:45,18184.70,50,11964300
20221102,09:51:46,18181.70,1000,11964300
20221102,09:51:47,18181.75,100,11964300
20221102,09:51:48,18183.85,150,11964300
20221102,09:51:49,18181.00,400,11964300
20221102,09:51:50,18180.55,650,11964300
20221102,09:51:51,18182.75,150,11964300
20221102,09:51:52,18181.70,100,11964300
20221102,09:51:54,18181.10,50,11964300
20221102,09:51:55,18180.50,250,11964300
20221102,09:51:56,18181.70,100,11964300
20221102,09:51:57,18181.35,700,11964300
20221102,09:51:59,18182.80,300,11964300
20221102,09:52:00,18181.00,400,11964300
20221102,09:52:01,18180.65,200,11964300
20221102,09:52:02,18181.35,100,11964300
20221102,09:52:03,18182.25,550,11964300
20221102,09:52:04,18180.60,200,11964300
20221102,09:52:05,18180.60,800,11964300
20221102,09:52:06,18180.00,500,11964300
20221102,09:52:07,18180.00,1600,11964300
20221102,09:52:08,18179.35,50,11964300
20221102,09:52:09,18179.95,150,11964300
20221102,09:52:10,18179.95,50,11964300
20221102,09:52:11,18178.95,250,11964300
20221102,09:52:13,18177.10,1200,11964300
20221102,09:52:14,18177.40,50,11964300
20221102,09:52:15,18180.20,1400,11964300
20221102,09:52:16,18181.45,1050,11964300
20221102,09:52:17,18182.00,450,11964300
20221102,09:52:19,18180.05,1150,11964300
20221102,09:52:20,18180.80,50,11964300
20221102,09:52:21,18184.95,2250,11964300
20221102,09:52:22,18180.20,350,11964300
20221102,09:52:23,18180.40,150,11964300
20221102,09:52:24,18180.00,1000,11964300
20221102,09:52:25,18180.05,150,11964300
20221102,09:52:26,18180.40,100,11964300
20221102,09:52:27,18180.40,150,11964300
20221102,09:52:28,18180.00,150,11964300
20221102,09:52:31,18180.20,50,11964300
20221102,09:52:32,18180.00,50,11964300
20221102,09:52:33,18181.20,100,11964300
20221102,09:52:34,18180.00,200,11964300
20221102,09:52:36,18177.95,2250,11964300
20221102,09:52:37,18178.20,2050,11964300
20221102,09:52:38,18178.85,100,11964300
20221102,09:52:41,18179.00,1000,11964300
20221102,09:52:42,18178.25,150,11964300
20221102,09:52:43,18178.20,50,11964300
20221102,09:52:45,18178.95,450,11964300
20221102,09:52:46,18178.15,100,11964300
20221102,09:52:47,18178.20,50,11964300
20221102,09:52:48,18178.20,250,11964300
20221102,09:52:49,18177.60,250,11964300
20221102,09:52:50,18178.40,350,11964300
20221102,09:52:51,18180.00,100,11964300
20221102,09:52:53,18178.45,150,11964300
20221102,09:52:54,18178.80,100,11964300
20221102,09:52:56,18180.00,1100,11964300
20221102,09:52:59,18179.55,1150,11964300
20221102,09:53:01,18179.60,500,11964300
20221102,09:53:05,18180.40,150,11964300
20221102,09:53:06,18181.90,200,11964300
20221102,09:53:07,18182.00,1200,11964300
20221102,09:53:08,18180.75,50,11964300
20221102,09:53:11,18182.55,250,11964300
20221102,09:53:12,18183.35,950,11964300
20221102,09:53:15,18184.40,100,11964300
20221102,09:53:16,18185.40,1950,11964300
20221102,09:53:17,18183.35,50,11964300
20221102,09:53:23,18182.00,100,11964300
20221102,09:53:26,18181.95,250,11964300
20221102,09:53:27,18182.00,700,11964300
20221102,09:53:30,18182.00,100,11964300
20221102,09:53:31,18182.00,100,11964300
20221102,09:53:31,18182.00,50,11964300
20221102,09:53:34,18181.05,50,11964300
20221102,09:53:35,18180.70,100,11936750
20221102,09:53:36,18180.70,100,11936750
20221102,09:53:37,18180.15,650,11936750
20221102,09:53:39,18180.00,350,11936750
20221102,09:53:40,18180.00,50,11936750
20221102,09:53:41,18180.00,250,11936750
20221102,09:53:42,18178.05,1250,11936750
20221102,09:53:43,18177.55,100,11936750
20221102,09:53:44,18178.95,150,11936750
20221102,09:53:45,18178.35,200,11936750
20221102,09:53:46,18177.10,50,11936750
20221102,09:53:47,18178.25,50,11936750
20221102,09:53:48,18177.10,50,11936750
20221102,09:53:49,18177.05,50,11936750
20221102,09:53:50,18177.10,1200,11936750
20221102,09:53:51,18176.10,150,11936750
20221102,09:53:52,18177.10,50,11936750
20221102,09:53:53,18176.10,100,11936750
20221102,09:53:54,18177.00,50,11936750
20221102,09:53:56,18176.05,300,11936750
20221102,09:53:57,18176.05,200,11936750
20221102,09:53:57,18177.00,100,11936750
20221102,09:53:58,18177.60,1600,11936750
20221102,09:53:59,18179.40,50,11936750
20221102,09:54:00,18177.50,50,11936750
20221102,09:54:02,18176.25,450,11936750
20221102,09:54:03,18176.00,450,11936750
20221102,09:54:04,18178.75,200,11936750
20221102,09:54:05,18176.20,600,11936750
20221102,09:54:06,18176.05,50,11936750
20221102,09:54:08,18176.50,50,11936750
20221102,09:54:09,18177.30,100,11936750
20221102,09:54:09,18177.45,100,11936750
20221102,09:54:10,18178.15,200,11936750
20221102,09:54:11,18177.85,600,11936750
20221102,09:54:13,18178.40,200,11936750
20221102,09:54:14,18178.75,100,11936750
20221102,09:54:14,18178.35,50,11936750
20221102,09:54:16,18178.05,50,11936750
20221102,09:54:17,18178.60,100,11936750
20221102,09:54:18,18177.75,100,11936750
20221102,09:54:20,18177.40,50,11936750
20221102,09:54:22,18178.55,50,11936750
20221102,09:54:23,18177.75,100,11936750
20221102,09:54:25,18176.05,100,11936750
20221102,09:54:26,18177.05,50,11936750
20221102,09:54:27,18176.05,100,11936750
20221102,09:54:28,18176.45,300,11936750
20221102,09:54:29,18175.55,250,11936750
20221102,09:54:31,18173.00,6850,11936750
20221102,09:54:31,18172.55,1050,11936750
20221102,09:54:32,18173.95,100,11936750
20221102,09:54:35,18172.55,200,11936750
20221102,09:54:37,18174.50,50,11936750
20221102,09:54:38,18173.40,50,11936750
20221102,09:54:39,18175.00,1250,11936750
20221102,09:54:40,18174.75,150,11936750
20221102,09:54:42,18175.15,200,11936750
20221102,09:54:44,18175.90,100,11936750
20221102,09:54:47,18173.45,100,11936750
20221102,09:54:48,18174.45,50,11936750
20221102,09:54:49,18173.00,50,11936750
20221102,09:54:50,18174.95,250,11936750
20221102,09:54:52,18174.40,50,11936750
20221102,09:54:53,18173.00,350,11936750
20221102,09:54:54,18172.55,200,11936750
20221102,09:54:54,18172.70,50,11936750
20221102,09:54:55,18171.75,650,11936750
20221102,09:54:57,18171.35,50,11936750
20221102,09:54:58,18171.60,200,11936750
20221102,09:54:59,18171.30,100,11936750
20221102,09:55:00,18171.15,50,11936750
20221102,09:55:01,18171.00,650,11936750
20221102,09:55:02,18170.05,1600,11936750
20221102,09:55:03,18171.15,50,11936750
20221102,09:55:04,18170.00,1350,11936750
20221102,09:55:06,18170.00,350,11936750
20221102,09:55:07,18169.00,1150,11936750
20221102,09:55:08,18169.60,150,11936750
20221102,09:55:09,18169.00,250,11936750
20221102,09:55:10,18168.50,100,11936750
20221102,09:55:11,18169.85,1200,11936750
20221102,09:55:11,18170.00,50,11936750
20221102,09:55:12,18171.25,2400,11936750
20221102,09:55:13,18169.75,1100,11936750
20221102,09:55:16,18169.60,300,11936750
20221102,09:55:17,18170.00,200,11936750
20221102,09:55:18,18170.00,750,11936750
20221102,09:55:20,18170.25,350,11936750
20221102,09:55:21,18172.25,250,11936750
20221102,09:55:22,18170.25,50,11936750
20221102,09:55:23,18170.95,100,11936750
20221102,09:55:24,18170.45,100,11936750
20221102,09:55:26,18171.75,200,11936750
20221102,09:55:27,18170.95,1100,11936750
20221102,09:55:28,18170.00,200,11936750
20221102,09:55:28,18170.05,50,11936750
20221102,09:55:29,18168.40,350,11936750
20221102,09:55:31,18169.70,100,11936750
20221102,09:55:32,18168.10,300,11936750
20221102,09:55:34,18169.60,1000,11936750
20221102,09:55:35,18168.35,250,11936750
20221102,09:55:36,18168.10,100,11936750
20221102,09:55:37,18167.85,200,11936750
20221102,09:55:38,18167.45,350,11936750
20221102,09:55:39,18167.80,250,11936750
20221102,09:55:40,18168.45,350,11936750
20221102,09:55:41,18167.90,150,11936750
20221102,09:55:42,18168.95,200,11936750
20221102,09:55:43,18167.05,550,11936750
20221102,09:55:44,18166.50,800,11936750
20221102,09:55:45,18166.50,1250,11936750
20221102,09:55:46,18165.05,600,11936750
20221102,09:55:47,18166.10,850,11936750
20221102,09:55:48,18165.80,200,11936750
20221102,09:55:49,18165.00,1550,11936750
20221102,09:55:50,18166.50,700,11936750
20221102,09:55:51,18165.65,150,11936750
20221102,09:55:53,18165.55,200,11936750
20221102,09:55:54,18166.65,50,11936750
20221102,09:55:55,18167.50,300,11936750
20221102,09:55:56,18166.70,100,11936750
20221102,09:55:56,18165.90,50,11936750
20221102,09:55:57,18166.95,550,11936750
20221102,09:55:59,18168.10,200,11936750
20221102,09:55:59,18167.80,50,11936750
20221102,09:56:01,18167.50,250,11936750
20221102,09:56:02,18166.00,550,11936750
20221102,09:56:03,18166.30,100,11936750
20221102,09:56:04,18166.50,400,11936750
20221102,09:56:05,18165.15,200,11936750
20221102,09:56:06,18163.25,1350,11936750
20221102,09:56:07,18164.40,1800,11936750
20221102,09:56:08,18163.30,400,11936750
20221102,09:56:09,18163.00,550,11936750
20221102,09:56:10,18161.80,700,11936750
20221102,09:56:11,18161.65,1150,11936750
20221102,09:56:12,18160.85,8850,11936750
20221102,09:56:13,18161.40,1550,11936750
20221102,09:56:13,18161.30,300,11936750
20221102,09:56:14,18161.15,850,11936750
20221102,09:56:17,18161.70,200,11936750
20221102,09:56:18,18160.05,8950,11936750
20221102,09:56:18,18160.00,2300,11936750
20221102,09:56:19,18160.00,2250,11936750
20221102,09:56:20,18160.50,4600,11936750
20221102,09:56:22,18160.80,500,11936750
20221102,09:56:23,18161.10,950,11936750
20221102,09:56:24,18162.10,600,11936750
20221102,09:56:25,18164.00,1200,11936750
20221102,09:56:26,18163.05,100,11936750
20221102,09:56:27,18163.55,1650,11936750
20221102,09:56:29,18164.00,1100,11936750
20221102,09:56:30,18163.70,450,11936750
20221102,09:56:32,18164.80,150,11936750
20221102,09:56:33,18164.80,300,11936750
20221102,09:56:34,18164.80,200,11936750
20221102,09:56:35,18164.80,650,11936750
20221102,09:56:36,18163.80,50,11915950
20221102,09:56:36,18164.80,50,11915950
20221102,09:56:37,18165.00,2800,11915950
20221102,09:56:38,18165.35,200,11915950
20221102,09:56:39,18167.00,50,11915950
20221102,09:56:41,18164.50,550,11915950
20221102,09:56:42,18165.80,2100,11915950
20221102,09:56:43,18168.10,50,11915950
20221102,09:56:44,18168.20,100,11915950
20221102,09:56:45,18168.00,1000,11915950
20221102,09:56:46,18168.00,800,11915950
20221102,09:56:48,18168.00,200,11915950
20221102,09:56:49,18170.00,250,11915950
20221102,09:56:51,18170.00,50,11915950
20221102,09:56:53,18170.00,600,11915950
20221102,09:56:54,18170.00,100,11915950
20221102,09:56:55,18170.00,200,11915950
20221102,09:56:57,18169.45,2950,11915950
20221102,09:56:58,18171.65,1000,11915950
20221102,09:56:59,18171.65,50,11915950
20221102,09:57:00,18169.90,100,11915950
20221102,09:57:01,18170.00,850,11915950
20221102,09:57:02,18170.00,150,11915950
20221102,09:57:03,18170.00,600,11915950
20221102,09:57:04,18170.90,50,11915950
20221102,09:57:05,18170.00,550,11915950
20221102,09:57:06,18170.00,150,11915950
20221102,09:57:08,18170.00,550,11915950
20221102,09:57:09,18170.90,150,11915950
20221102,09:57:10,18170.90,50,11915950
20221102,09:57:11,18171.00,250,11915950
20221102,09:57:12,18172.10,200,11915950
20221102,09:57:15,18172.10,50,11915950
20221102,09:57:16,18171.35,50,11915950
20221102,09:57:17,18173.95,100,11915950
20221102,09:57:18,18171.05,1850,11915950
20221102,09:57:19,18173.85,1550,11915950
20221102,09:57:20,18171.00,2250,11915950
20221102,09:57:21,18175.00,2500,11915950
20221102,09:57:23,18175.00,150,11915950
20221102,09:57:24,18173.65,100,11915950
20221102,09:57:25,18174.95,900,11915950
20221102,09:57:26,18176.00,150,11915950
20221102,09:57:27,18175.25,50,11915950
20221102,09:57:28,18176.95,100,11915950
20221102,09:57:29,18177.50,850,11915950
20221102,09:57:30,18176.30,100,11915950
20221102,09:57:31,18176.00,400,11915950
20221102,09:57:32,18175.00,950,11915950
20221102,09:57:33,18175.00,250,11915950
20221102,09:57:34,18175.95,600,11915950
20221102,09:57:35,18175.90,150,11915950
20221102,09:57:36,18175.90,50,11915950
20221102,09:57:37,18173.00,1700,11915950
20221102,09:57:38,18175.00,450,11915950
20221102,09:57:38,18175.00,200,11915950
20221102,09:57:40,18176.80,2350,11915950
20221102,09:57:41,18176.80,150,11915950
20221102,09:57:42,18176.80,500,11915950
20221102,09:57:43,18177.15,300,11915950
20221102,09:57:45,18177.25,1700,11915950
20221102,09:57:46,18176.30,150,11915950
20221102,09:57:48,18176.25,150,11915950
20221102,09:57:49,18176.35,500,11915950
20221102,09:57:50,18176.00,100,11915950
20221102,09:57:54,18176.30,50,11915950
20221102,09:57:55,18175.00,50,11915950
20221102,09:57:57,18175.00,50,11915950
20221102,09:57:58,18176.30,200,11915950
20221102,09:58:00,18174.30,150,11915950
20221102,09:58:02,18176.30,350,11915950
20221102,09:58:02,18174.10,500,11915950
20221102,09:58:04,18175.00,50,11915950
20221102,09:58:05,18174.95,100,11915950
20221102,09:58:06,18174.85,100,11915950
20221102,09:58:07,18175.20,300,11915950
20221102,09:58:09,18175.05,150,11915950
20221102,09:58:10,18176.80,350,11915950
20221102,09:58:11,18176.80,150,11915950
20221102,09:58:12,18176.50,150,11915950
20221102,09:58:13,18176.45,150,11915950
20221102,09:58:14,18176.05,1000,11915950
20221102,09:58:16,18176.20,300,11915950
20221102,09:58:18,18175.65,200,11915950
20221102,09:58:19,18177.25,350,11915950
20221102,09:58:20,18180.00,1150,11915950
20221102,09:58:21,18180.00,800,11915950
20221102,09:58:22,18181.00,1500,11915950
20221102,09:58:23,18181.50,250,11915950
20221102,09:58:24,18180.75,150,11915950
20221102,09:58:25,18180.10,100,11915950
20221102,09:58:27,18180.20,150,11915950
20221102,09:58:28,18180.25,1800,11915950
20221102,09:58:29,18181.35,4350,11915950
20221102,09:58:30,18179.40,50,11915950
20221102,09:58:32,18181.45,300,11915950
20221102,09:58:34,18181.00,1800,11915950
20221102,09:58:36,18181.00,50,11915950
20221102,09:58:37,18181.00,50,11915950
20221102,09:58:39,18180.20,200,11915950
20221102,09:58:41,18181.00,1550,11915950
20221102,09:58:42,18181.60,450,11915950
20221102,09:58:43,18181.40,250,11915950
20221102,09:58:44,18180.00,50,11915950
20221102,09:58:45,18181.70,200,11915950
20221102,09:58:47,18177.55,650,11915950
20221102,09:58:48,18180.95,250,11915950
20221102,09:58:50,18178.45,50,11915950
20221102,09:58:51,18181.00,150,11915950
20221102,09:58:53,18177.80,850,11915950
20221102,09:58:54,18180.90,300,11915950
20221102,09:58:55,18178.30,450,11915950
20221102,09:58:56,18181.15,200,11915950
20221102,09:58:58,18182.00,1200,11915950
20221102,09:58:59,18181.70,400,11915950
20221102,09:59:00,18183.00,400,11915950
20221102,09:59:01,18181.70,100,11915950
20221102,09:59:02,18183.05,100,11915950
20221102,09:59:03,18183.10,100,11915950
20221102,09:59:04,18183.05,300,11915950
20221102,09:59:05,18183.55,200,11915950
20221102,09:59:06,18183.60,50,11915950
20221102,09:59:07,18181.70,200,11915950
20221102,09:59:09,18181.00,50,11915950
20221102,09:59:10,18183.00,100,11915950
20221102,09:59:11,18182.80,100,11915950
20221102,09:59:12,18181.45,150,11915950
20221102,09:59:14,18183.45,100,11915950
20221102,09:59:17,18182.95,150,11915950
20221102,09:59:18,18181.90,100,11915950
20221102,09:59:19,18181.80,200,11915950
20221102,09:59:21,18181.75,250,11915950
20221102,09:59:22,18181.05,50,11915950
20221102,09:59:23,18182.80,50,11915950
20221102,09:59:26,18182.45,50,11915950
20221102,09:59:27,18182.65,50,11915950
20221102,09:59:28,18181.05,150,11915950
20221102,09:59:29,18181.00,150,11915950
20221102,09:59:31,18181.00,100,11915950
20221102,09:59:34,18182.35,1750,11915950
20221102,09:59:38,18183.00,100,11930050
20221102,09:59:39,18183.50,50,11930050
20221102,09:59:43,18181.80,300,11930050
20221102,09:59:44,18183.45,100,11930050
20221102,09:59:48,18180.50,100,11930050
20221102,09:59:50,18181.80,50,11930050
20221102,09:59:52,18180.00,900,11930050
20221102,09:59:53,18180.00,400,11930050
20221102,09:59:56,18180.00,50,11930050
20221102,10:00:00,18179.60,100,11930050
20221102,10:00:01,18179.65,250,11930050
20221102,10:00:02,18177.90,400,11930050
20221102,10:00:03,18177.40,450,11930050
20221102,10:00:04,18179.50,400,11930050
20221102,10:00:06,18179.35,150,11930050
20221102,10:00:07,18179.35,300,11930050
20221102,10:00:08,18179.25,150,11930050
20221102,10:00:11,18180.00,500,11930050
20221102,10:00:12,18181.10,50,11930050
20221102,10:00:13,18181.50,200,11930050
20221102,10:00:15,18180.85,100,11930050
20221102,10:00:17,18181.00,100,11930050
20221102,10:00:18,18181.30,50,11930050
20221102,10:00:19,18183.00,50,11930050
20221102,10:00:20,18182.00,100,11930050
20221102,10:00:21,18183.00,100,11930050
20221102,10:00:23,18182.65,250,11930050
20221102,10:00:27,18182.70,200,11930050
20221102,10:00:28,18181.00,200,11930050
20221102,10:00:29,18180.85,100,11930050
20221102,10:00:30,18180.00,250,11930050
20221102,10:00:31,18179.10,50,11930050
20221102,10:00:32,18179.45,50,11930050
20221102,10:00:33,18174.90,2550,11930050
20221102,10:00:36,18177.50,50,11930050
20221102,10:00:37,18177.50,100,11930050
20221102,10:00:40,18173.80,200,11930050
20221102,10:00:41,18173.70,100,11930050
20221102,10:00:44,18175.55,100,11930050
20221102,10:00:46,18173.00,200,11930050
20221102,10:00:47,18171.55,550,11930050
20221102,10:00:48,18171.20,50,11930050
20221102,10:00:49,18170.00,650,11930050
20221102,10:00:50,18170.00,50,11930050
20221102,10:00:51,18171.10,450,11930050
20221102,10:00:52,18171.10,50,11930050
20221102,10:00:53,18173.40,50,11930050
20221102,10:00:57,18172.30,50,11930050
20221102,10:00:59,18171.20,150,11930050
20221102,10:01:00,18170.25,1000,11930050
20221102,10:01:01,18170.60,200,11930050
20221102,10:01:02,18170.55,50,11930050
20221102,10:01:03,18172.30,300,11930050
20221102,10:01:04,18170.00,50,11930050
20221102,10:01:06,18170.50,200,11930050
20221102,10:01:07,18170.55,150,11930050
20221102,10:01:08,18170.20,100,11930050
20221102,10:01:09,18172.65,100,11930050
20221102,10:01:10,18170.00,1800,11930050
20221102,10:01:12,18170.75,50,11930050
20221102,10:01:13,18173.30,50,11930050
20221102,10:01:14,18171.65,100,11930050
20221102,10:01:15,18171.15,100,11930050
20221102,10:01:16,18171.35,50,11930050
20221102,10:01:17,18172.00,50,11930050
20221102,10:01:19,18173.20,50,11930050
20221102,10:01:21,18174.20,300,11930050
20221102,10:01:22,18175.00,50,11930050
20221102,10:01:23,18175.00,100,11930050
20221102,10:01:24,18171.70,50,11930050
20221102,10:01:25,18173.95,700,11930050
20221102,10:01:27,18173.50,50,11930050
20221102,10:01:28,18173.70,150,11930050
20221102,10:01:31,18173.50,50,11930050
20221102,10:01:33,18171.80,150,11930050
20221102,10:01:34,18171.40,50,11930050
20221102,10:01:35,18171.60,50,11930050
20221102,10:01:36,18173.70,100,11930050
20221102,10:01:37,18174.95,200,11930050
20221102,10:01:41,18175.00,300,11930050
20221102,10:01:43,18174.15,100,11930050
20221102,10:01:44,18176.95,200,11930050
20221102,10:01:45,18176.95,50,11930050
20221102,10:01:46,18177.10,150,11930050
20221102,10:01:47,18178.95,250,11930050
20221102,10:01:52,18178.20,100,11930050
20221102,10:01:53,18179.95,250,11930050
20221102,10:01:54,18178.55,50,11930050
20221102,10:01:58,18180.00,100,11930050
20221102,10:01:59,18181.70,700,11930050
20221102,10:02:01,18181.70,50,11930050
20221102,10:02:03,18180.10,50,11930050
20221102,10:02:04,18178.60,300,11930050
20221102,10:02:05,18180.90,50,11930050
20221102,10:02:06,18181.15,150,11930050
20221102,10:02:07,18181.85,300,11930050
20221102,10:02:09,18181.90,100,11930050
20221102,10:02:10,18181.90,100,11930050
20221102,10:02:12,18180.45,50,11930050
20221102,10:02:14,18181.85,200,11930050
20221102,10:02:15,18180.75,300,11930050
20221102,10:02:17,18180.95,700,11930050
20221102,10:02:18,18182.65,200,11930050
20221102,10:02:20,18181.90,100,11930050
20221102,10:02:21,18181.85,50,11930050
20221102,10:02:22,18181.90,400,11930050
20221102,10:02:24,18181.90,50,11930050
20221102,10:02:25,18181.90,100,11930050
20221102,10:02:26,18182.00,50,11930050
20221102,10:02:28,18181.95,200,11930050
20221102,10:02:29,18181.50,50,11930050
20221102,10:02:30,18182.00,200,11930050
20221102,10:02:32,18181.00,250,11930050
20221102,10:02:32,18181.90,50,11930050
20221102,10:02:33,18181.00,350,11930050
20221102,10:02:34,18180.20,200,11930050
20221102,10:02:37,18180.00,100,11925850
20221102,10:02:44,18180.90,250,11925850
20221102,10:02:44,18180.00,400,11925850
20221102,10:02:45,18180.00,150,11925850
20221102,10:02:46,18178.25,250,11925850
20221102,10:02:50,18179.90,100,11925850
20221102,10:02:55,18179.90,150,11925850
20221102,10:02:56,18179.90,100,11925850
20221102,10:02:58,18179.95,100,11925850
20221102,10:02:59,18179.90,100,11925850
20221102,10:03:00,18179.90,50,11925850
20221102,10:03:02,18178.00,1000,11925850
20221102,10:03:02,18178.50,1000,11925850
20221102,10:03:03,18178.60,100,11925850
20221102,10:03:05,18179.90,50,11925850
20221102,10:03:06,18180.20,2700,11925850
20221102,10:03:07,18178.85,200,11925850
20221102,10:03:13,18180.40,200,11925850
20221102,10:03:14,18179.95,700,11925850
20221102,10:03:15,18175.10,500,11925850
20221102,10:03:16,18176.20,50,11925850
20221102,10:03:17,18175.80,100,11925850
20221102,10:03:18,18175.70,50,11925850
20221102,10:03:19,18176.20,200,11925850
20221102,10:03:20,18176.20,50,11925850
20221102,10:03:21,18177.10,100,11925850
20221102,10:03:24,18175.75,250,11925850
20221102,10:03:26,18175.60,250,11925850
20221102,10:03:27,18175.85,50,11925850
20221102,10:03:28,18176.00,100,11925850
20221102,10:03:29,18179.20,250,11925850
20221102,10:03:31,18178.40,100,11925850
20221102,10:03:34,18176.60,100,11925850
20221102,10:03:35,18176.60,1800,11925850
20221102,10:03:39,18176.65,50,11925850
20221102,10:03:44,18175.75,1800,11925850
20221102,10:03:44,18178.85,50,11925850
20221102,10:03:45,18178.40,50,11925850
20221102,10:03:46,18179.15,50,11925850
20221102,10:03:48,18177.30,50,11925850
20221102,10:03:50,18178.35,50,11925850
20221102,10:03:51,18177.65,50,11925850
20221102,10:03:52,18176.65,1800,11925850
20221102,10:03:54,18181.85,1300,11925850
20221102,10:03:57,18178.50,1800,11925850
20221102,10:04:02,18182.00,450,11925850
20221102,10:04:03,18180.40,50,11925850
20221102,10:04:04,18181.85,100,11925850
20221102,10:04:05,18179.55,50,11925850
20221102,10:04:06,18179.70,1850,11925850
20221102,10:04:10,18179.85,100,11925850
