20221102,09:15:01,18280.50,1,1172350
20221102,09:15:01,18280.50,50,1172350
20221102,09:15:02,18286.20,250,1172350
20221102,09:15:03,18287.75,350,1172350
20221102,09:15:04,18277.25,100,1172350
20221102,09:15:06,18278.25,50,1172350
20221102,09:15:07,18281.90,350,1172350
20221102,09:15:08,18275.10,50,1172350
20221102,09:15:10,18274.10,50,1172350
20221102,09:15:11,18265.10,400,1172350
20221102,09:15:12,18265.10,500,1172350
20221102,09:15:14,18274.75,50,1172350
20221102,09:15:15,18273.75,50,1172350
20221102,09:15:16,18264.65,50,1172350
20221102,09:15:17,18264.65,100,1172350
20221102,09:15:19,18258.00,350,1172350
20221102,09:15:20,18258.00,150,1172350
20221102,09:15:21,18264.55,50,1172350
20221102,09:15:22,18264.00,50,1172350
20221102,09:15:23,18259.05,50,1172350
20221102,09:15:25,18259.05,100,1172350
20221102,09:15:27,18260.65,50,1172350
20221102,09:15:29,18264.95,100,1172350
20221102,09:15:30,18265.30,100,1172350
20221102,09:15:31,18257.00,700,1172350
20221102,09:15:32,18254.45,150,1172350
20221102,09:15:33,18253.05,550,1172350
20221102,09:15:34,18251.60,100,1172350
20221102,09:15:35,18251.60,50,1172350
20221102,09:15:37,18256.60,350,1172350
20221102,09:15:38,18256.60,300,1172350
20221102,09:15:39,18255.95,100,1172350
20221102,09:15:40,18259.05,50,1172350
20221102,09:15:42,18254.05,50,1172350
20221102,09:15:43,18256.75,50,1172350
20221102,09:15:44,18254.85,300,1172350
20221102,09:15:46,18258.30,400,1172350
20221102,09:15:47,18258.80,50,1172350
20221102,09:15:48,18260.00,100,1172350
20221102,09:15:49,18259.60,350,1172350
20221102,09:15:50,18259.05,50,1172350
20221102,09:15:51,18259.60,150,1172350
20221102,09:15:53,18257.90,1000,1172350
20221102,09:15:55,18264.00,300,1172350
20221102,09:15:56,18260.00,100,1172350
20221102,09:15:57,18260.00,100,1172350
20221102,09:16:00,18257.70,50,1172350
20221102,09:16:06,18260.85,100,1172350
20221102,09:16:07,18264.10,100,1172350
20221102,09:16:09,18260.05,50,1172350
20221102,09:16:10,18256.75,1200,1172350
20221102,09:16:11,18256.95,1200,1172350
20221102,09:16:12,18263.15,50,1172350
20221102,09:16:14,18261.75,50,1172350
20221102,09:16:16,18260.05,100,1172350
20221102,09:16:18,18260.00,50,1172350
20221102,09:16:24,18263.95,100,1172350
20221102,09:16:25,18259.05,650,1172350
20221102,09:16:27,18262.25,50,1172350
20221102,09:16:29,18262.60,500,1172350
20221102,09:16:31,18258.95,150,1172350
20221102,09:16:33,18258.50,500,1172350
20221102,09:16:35,18256.00,50,1172350
20221102,09:16:38,18255.95,50,1172350
20221102,09:16:41,18257.40,50,1172350
20221102,09:16:45,18255.95,150,1172350
20221102,09:16:46,18257.75,150,1172350
20221102,09:16:48,18256.00,50,1172350
20221102,09:16:51,18257.00,50,1172350
20221102,09:16:52,18258.00,50,1172350
20221102,09:16:54,18260.00,100,1172350
20221102,09:16:54,18261.20,50,1172350
20221102,09:16:55,18260.00,350,1172350
20221102,09:16:57,18262.00,50,1172350
20221102,09:17:01,18260.80,100,1172350
20221102,09:17:05,18257.00,100,1172350
20221102,09:17:07,18255.95,300,1172350
20221102,09:17:11,18255.00,250,1172350
20221102,09:17:16,18251.20,100,1172350
20221102,09:17:17,18251.20,100,1172350
20221102,09:17:20,18255.10,100,1172350
20221102,09:17:25,18252.30,50,1172350
20221102,09:17:29,18255.00,100,1167900
20221102,09:17:32,18252.25,100,1167900
20221102,09:17:33,18252.00,50,1167900
20221102,09:17:34,18251.80,350,1167900
20221102,09:17:35,18251.00,100,1167900
20221102,09:17:38,18250.35,100,1167900
20221102,09:17:39,18250.00,200,1167900
20221102,09:17:40,18250.00,150,1167900
20221102,09:17:45,18248.00,300,1167900
20221102,09:17:46,18244.80,50,1167900
20221102,09:17:51,18244.10,450,1167900
20221102,09:17:52,18244.10,50,1167900
20221102,09:17:55,18250.55,550,1167900
20221102,09:17:58,18247.55,50,1167900
20221102,09:17:59,18246.60,300,1167900
20221102,09:18:00,18249.10,500,1167900
20221102,09:18:02,18243.65,100,1167900
20221102,09:18:05,18243.40,50,1167900
20221102,09:18:07,18243.40,50,1167900
20221102,09:18:08,18243.00,50,1167900
20221102,09:18:10,18241.05,50,1167900
20221102,09:18:12,18241.05,50,1167900
20221102,09:18:13,18244.90,50,1167900
20221102,09:18:14,18241.45,50,1167900
20221102,09:18:16,18243.40,50,1167900
20221102,09:18:18,18241.05,50,1167900
20221102,09:18:20,18241.45,50,1167900
20221102,09:18:21,18244.80,500,1167900
20221102,09:18:27,18241.50,250,1167900
20221102,09:18:29,18241.75,50,1167900
20221102,09:18:30,18243.00,150,1167900
20221102,09:18:33,18241.00,100,1167900
20221102,09:18:35,18241.00,100,1167900
20221102,09:18:39,18240.00,300,1167900
20221102,09:18:41,18241.00,50,1167900
20221102,09:18:41,18243.00,100,1167900
20221102,09:18:42,18243.00,50,1167900
20221102,09:18:45,18245.00,300,1167900
20221102,09:18:47,18248.00,50,1167900
20221102,09:18:51,18249.95,100,1167900
20221102,09:18:54,18246.45,100,1167900
20221102,09:18:55,18249.65,50,1167900
20221102,09:18:59,18249.95,50,1167900
20221102,09:19:02,18250.00,50,1167900
20221102,09:19:18,18250.00,100,1167900
20221102,09:19:20,18246.35,100,1167900
20221102,09:19:23,18249.95,50,1167900
20221102,09:19:26,18250.10,300,1167900
20221102,09:19:27,18254.90,150,1167900
20221102,09:19:28,18255.00,50,1167900
20221102,09:19:29,18257.55,50,1167900
20221102,09:19:32,18255.00,200,1167900
20221102,09:19:33,18255.00,750,1167900
20221102,09:19:43,18252.70,50,1167900
20221102,09:19:50,18250.05,50,1167900
20221102,09:19:51,18254.20,50,1167900
20221102,09:19:57,18253.00,50,1167900
20221102,09:19:59,18255.30,50,1167900
20221102,09:20:00,18256.45,50,1167900
20221102,09:20:01,18257.35,50,1167900
20221102,09:20:02,18259.45,50,1167900
20221102,09:20:04,18259.55,50,1167900
20221102,09:20:06,18256.20,50,1167900
20221102,09:20:09,18260.00,450,1167900
20221102,09:20:11,18257.15,100,1167900
20221102,09:20:13,18258.45,50,1167900
20221102,09:20:18,18257.45,50,1167900
20221102,09:20:20,18257.45,50,1167900
20221102,09:20:23,18255.20,50,1167900
20221102,09:20:25,18257.45,50,1167900
20221102,09:20:28,18255.00,50,1167900
20221102,09:20:29,18255.35,50,1167900
20221102,09:20:30,18257.65,50,1167900
20221102,09:20:31,18256.15,50,1167500
20221102,09:20:32,18258.45,50,1167500
20221102,09:20:37,18258.45,50,1167500
20221102,09:20:46,18258.45,50,1167500
20221102,09:20:52,18255.30,50,1167500
20221102,09:20:58,18260.00,50,1167500
20221102,09:21:01,18261.00,150,1167500
20221102,09:21:05,18261.00,350,1167500
20221102,09:21:06,18262.00,100,1167500
20221102,09:21:11,18262.00,50,1167500
20221102,09:21:16,18259.60,200,1167500
20221102,09:21:17,18260.00,150,1167500
20221102,09:21:20,18262.90,50,1167500
20221102,09:21:26,18262.75,100,1167500
20221102,09:21:27,18261.00,150,1167500
20221102,09:21:28,18260.00,100,1167500
20221102,09:21:31,18260.10,50,1167500
20221102,09:21:33,18260.00,50,1167500
20221102,09:21:36,18257.80,50,1167500
20221102,09:21:39,18259.10,50,1167500
20221102,09:21:50,18258.00,100,1167500
20221102,09:21:51,18259.10,50,1167500
20221102,09:21:54,18258.85,150,1167500
20221102,09:21:55,18259.75,50,1167500
20221102,09:21:58,18259.30,100,1167500
20221102,09:22:00,18259.15,100,1167500
20221102,09:22:07,18261.85,50,1167500
20221102,09:22:08,18262.75,50,1167500
20221102,09:22:12,18260.25,1800,1167500
20221102,09:22:13,18264.90,100,1167500
20221102,09:22:15,18261.85,1400,1167500
20221102,09:22:18,18261.85,400,1167500
20221102,09:22:21,18261.30,1800,1167500
20221102,09:22:24,18261.30,50,1167500
20221102,09:22:25,18260.00,500,1167500
20221102,09:22:27,18259.95,100,1167500
20221102,09:22:35,18256.20,1800,1167500
20221102,09:22:37,18259.00,50,1167500
20221102,09:22:39,18255.00,900,1167500
20221102,09:22:40,18255.00,250,1167500
20221102,09:22:41,18255.00,700,1167500
20221102,09:22:42,18255.00,150,1167500
20221102,09:22:44,18258.15,100,1167500
20221102,09:22:52,18255.00,50,1167500
20221102,09:22:54,18257.05,250,1167500
20221102,09:22:57,18255.60,100,1167500
20221102,09:23:04,18253.40,550,1167500
20221102,09:23:18,18255.00,50,1167500
20221102,09:23:20,18252.35,1800,1167500
20221102,09:23:23,18250.20,1800,1167500
20221102,09:23:27,18250.00,1550,1167500
20221102,09:23:27,18250.00,200,1167500
20221102,09:23:28,18250.00,250,1167500
20221102,09:23:32,18254.00,50,1175250
20221102,09:23:33,18254.00,150,1175250
20221102,09:23:35,18253.30,100,1175250
20221102,09:23:45,18255.80,50,1175250
20221102,09:23:52,18257.90,750,1175250
20221102,09:23:56,18255.05,50,1175250
20221102,09:24:02,18253.80,50,1175250
20221102,09:24:17,18253.95,150,1175250
20221102,09:24:33,18255.25,50,1175250
20221102,09:24:44,18257.00,50,1175250
20221102,09:24:45,18258.00,50,1175250
20221102,09:24:46,18258.00,150,1175250
20221102,09:24:51,18258.05,50,1175250
20221102,09:24:52,18258.15,50,1175250
20221102,09:24:55,18263.30,150,1175250
20221102,09:25:01,18256.20,900,1175250
20221102,09:25:04,18258.05,50,1175250
20221102,09:25:07,18260.15,50,1175250
20221102,09:25:09,18257.50,50,1175250
20221102,09:25:22,18258.05,50,1175250
20221102,09:25:26,18257.95,50,1175250
20221102,09:25:31,18255.00,50,1175250
20221102,09:25:35,18255.05,50,1175250
20221102,09:25:41,18256.70,50,1175250
20221102,09:25:43,18256.95,450,1175250
20221102,09:25:52,18256.85,100,1175250
20221102,09:25:55,18259.95,50,1175250
20221102,09:25:56,18263.05,100,1175250
20221102,09:26:00,18258.30,50,1175250
20221102,09:26:06,18260.10,100,1175250
20221102,09:26:10,18263.20,50,1175250
20221102,09:26:17,18261.40,50,1175250
20221102,09:26:19,18260.20,50,1175250
20221102,09:26:20,18260.20,50,1175250
20221102,09:26:24,18260.15,50,1175250
20221102,09:26:32,18263.95,100,1174950
20221102,09:26:36,18262.15,150,1174950
20221102,09:26:54,18262.15,50,1174950
20221102,09:27:06,18262.00,50,1174950
20221102,09:27:09,18263.20,50,1174950
20221102,09:27:16,18260.45,400,1174950
20221102,09:27:24,18258.00,50,1174950
20221102,09:28:10,18260.60,50,1174950
20221102,09:28:17,18261.20,150,1174950
20221102,09:28:31,18263.20,50,1174950
20221102,09:28:38,18261.20,100,1174950
20221102,09:28:40,18260.80,50,1174950
20221102,09:28:49,18258.75,50,1174950
20221102,09:28:50,18258.00,50,1174950
20221102,09:28:51,18258.00,100,1174950
20221102,09:29:00,18257.00,150,1174950
20221102,09:29:08,18256.75,50,1174950
20221102,09:29:15,18255.60,50,1174950
20221102,09:29:17,18255.00,50,1174950
20221102,09:29:24,18255.00,50,1174950
20221102,09:29:34,18255.70,50,1175050
20221102,09:29:57,18255.00,100,1175050
20221102,09:29:58,18255.00,50,1175050
20221102,09:30:00,18254.95,100,1175050
20221102,09:30:05,18253.40,50,1175050
20221102,09:30:10,18250.00,50,1175050
20221102,09:30:11,18250.00,300,1175050
20221102,09:30:15,18248.10,50,1175050
20221102,09:30:17,18246.40,100,1175050
20221102,09:30:19,18242.70,100,1175050
20221102,09:30:20,18242.60,50,1175050
20221102,09:30:21,18241.55,100,1175050
20221102,09:30:23,18241.60,50,1175050
20221102,09:30:28,18241.55,50,1175050
20221102,09:30:30,18243.60,600,1175050
20221102,09:30:31,18242.10,50,1175050
20221102,09:30:40,18241.00,50,1175050
20221102,09:30:41,18240.35,750,1175050
20221102,09:30:43,18241.55,100,1175050
20221102,09:30:46,18243.00,400,1175050
20221102,09:30:54,18240.35,150,1175050
20221102,09:30:56,18241.00,50,1175050
20221102,09:30:58,18241.00,350,1175050
20221102,09:30:59,18241.00,100,1175050
20221102,09:31:02,18241.00,50,1175050
20221102,09:31:04,18240.35,50,1175050
20221102,09:31:07,18240.35,250,1175050
20221102,09:31:11,18240.35,1300,1175050
20221102,09:31:12,18239.95,700,1175050
20221102,09:31:13,18238.80,50,1175050
20221102,09:31:15,18238.00,100,1175050
20221102,09:31:16,18237.20,50,1175050
20221102,09:31:17,18237.20,200,1175050
20221102,09:31:19,18237.20,50,1175050
20221102,09:31:20,18236.10,50,1175050
20221102,09:31:22,18234.05,200,1175050
20221102,09:31:25,18234.00,50,1175050
20221102,09:31:27,18234.00,550,1175050
20221102,09:31:28,18234.00,200,1175050
20221102,09:31:30,18232.30,200,1175050
20221102,09:31:34,18232.30,100,1175050
20221102,09:31:39,18231.00,50,1175050
20221102,09:31:41,18231.00,50,1175050
20221102,09:31:43,18232.95,50,1175050
20221102,09:31:44,18233.00,50,1175050
20221102,09:31:47,18231.10,100,1175050
20221102,09:31:58,18233.00,100,1175050
20221102,09:32:06,18232.00,50,1175050
20221102,09:32:09,18232.00,150,1175050
20221102,09:32:10,18233.00,50,1175050
20221102,09:32:14,18233.00,50,1175050
20221102,09:32:15,18233.90,100,1175050
20221102,09:32:17,18232.00,50,1175050
20221102,09:32:20,18233.00,50,1175050
20221102,09:32:21,18232.00,50,1175050
20221102,09:32:22,18230.00,600,1175050
20221102,09:32:23,18229.95,150,1175050
20221102,09:32:30,18229.95,50,1175050
20221102,09:32:32,18229.95,200,1175050
20221102,09:32:36,18227.25,650,1175150
20221102,09:32:37,18227.25,500,1175150
20221102,09:32:48,18234.25,150,1175150
20221102,09:32:49,18230.90,50,1175150
20221102,09:32:50,18232.50,500,1175150
20221102,09:32:56,18229.80,100,1175150
20221102,09:32:57,18231.15,50,1175150
20221102,09:32:58,18233.95,50,1175150
20221102,09:33:02,18235.00,100,1175150
20221102,09:33:05,18235.00,50,1175150
20221102,09:33:12,18236.00,100,1175150
20221102,09:33:15,18236.00,100,1175150
20221102,09:33:16,18235.00,100,1175150
20221102,09:33:20,18234.10,200,1175150
20221102,09:33:27,18233.65,100,1175150
20221102,09:33:39,18235.00,50,1175150
20221102,09:33:40,18234.40,50,1175150
20221102,09:33:49,18234.95,50,1175150
20221102,09:33:53,18233.00,100,1175150
20221102,09:33:56,18228.50,100,1175150
20221102,09:34:05,18229.80,50,1175150
20221102,09:34:10,18227.90,150,1175150
20221102,09:34:15,18229.80,150,1175150
20221102,09:34:22,18229.95,50,1175150
20221102,09:34:30,18229.00,50,1175150
20221102,09:34:32,18230.00,50,1175150
20221102,09:34:37,18227.50,150,1175150
20221102,09:34:46,18227.30,100,1175150
20221102,09:34:49,18229.00,250,1175150
20221102,09:34:57,18227.75,100,1175150
20221102,09:35:05,18226.40,200,1175150
20221102,09:35:10,18226.30,50,1175150
20221102,09:35:16,18226.30,100,1175150
20221102,09:35:20,18225.00,100,1175150
20221102,09:35:24,18225.00,950,1175150
20221102,09:35:26,18227.70,150,1175150
20221102,09:35:27,18229.70,200,1175150
20221102,09:35:36,18225.00,700,1175650
20221102,09:35:38,18226.10,50,1175650
20221102,09:35:43,18224.60,100,1175650
20221102,09:35:50,18224.60,100,1175650
20221102,09:35:52,18229.75,50,1175650
20221102,09:35:54,18228.60,50,1175650
20221102,09:35:57,18230.00,450,1175650
20221102,09:35:58,18230.00,100,1175650
20221102,09:36:07,18232.80,50,1175650
20221102,09:36:13,18233.00,100,1175650
20221102,09:36:18,18232.50,50,1175650
20221102,09:36:20,18228.95,250,1175650
20221102,09:36:21,18231.55,50,1175650
20221102,09:36:24,18230.50,100,1175650
20221102,09:36:30,18230.65,50,1175650
20221102,09:36:39,18229.85,50,1175650
20221102,09:36:44,18232.00,50,1175650
20221102,09:36:45,18233.00,150,1175650
20221102,09:36:48,18234.95,50,1175650
20221102,09:36:50,18233.35,150,1175650
20221102,09:36:52,18236.00,50,1175650
20221102,09:36:57,18236.00,50,1175650
20221102,09:37:01,18236.00,50,1175650
20221102,09:37:09,18233.60,50,1175650
20221102,09:37:16,18236.00,50,1175650
20221102,09:37:19,18237.25,100,1175650
20221102,09:37:27,18236.15,100,1175650
20221102,09:37:41,18239.25,50,1175650
20221102,09:37:47,18239.75,50,1175650
20221102,09:37:50,18240.00,50,1175650
20221102,09:37:53,18241.10,50,1175650
20221102,09:38:02,18240.90,50,1175650
20221102,09:38:03,18242.80,50,1175650
20221102,09:38:05,18244.60,50,1175650
20221102,09:38:07,18245.75,50,1175650
20221102,09:38:13,18242.00,50,1175650
20221102,09:38:14,18242.40,100,1175650
20221102,09:38:23,18240.05,50,1175650
20221102,09:38:24,18242.65,400,1175650
20221102,09:38:35,18242.25,50,1175850
20221102,09:38:39,18241.20,150,1175850
20221102,09:38:46,18240.55,50,1175850
20221102,09:39:07,18238.25,50,1175850
20221102,09:39:21,18243.10,50,1175850
20221102,09:39:26,18238.75,50,1175850
20221102,09:39:29,18243.15,50,1175850
20221102,09:39:48,18240.50,50,1175850
20221102,09:39:55,18241.35,50,1175850
20221102,09:40:00,18241.35,350,1175850
20221102,09:40:02,18240.00,50,1175850
20221102,09:40:03,18238.30,250,1175850
20221102,09:40:08,18241.50,50,1175850
20221102,09:40:13,18241.05,600,1175850
20221102,09:40:15,18241.55,50,1175850
20221102,09:40:17,18239.35,50,1175850
20221102,09:40:19,18241.20,50,1175850
20221102,09:40:24,18241.20,500,1175850
20221102,09:40:25,18241.25,50,1175850
20221102,09:40:27,18240.00,50,1175850
20221102,09:40:32,18239.10,50,1175850
20221102,09:40:43,18238.10,50,1175850
20221102,09:40:54,18238.10,200,1175850
20221102,09:41:01,18238.10,200,1175850
20221102,09:41:04,18240.00,50,1175850
20221102,09:41:12,18241.00,100,1175850
20221102,09:41:15,18240.75,50,1175850
20221102,09:41:21,18240.50,50,1175850
20221102,09:41:27,18242.00,50,1175850
20221102,09:41:46,18239.35,500,1177600
20221102,09:41:50,18239.65,50,1177600
20221102,09:42:02,18238.20,50,1177600
20221102,09:42:14,18238.00,50,1177600
20221102,09:42:43,18242.00,50,1177600
20221102,09:43:07,18239.95,50,1177600
20221102,09:43:13,18242.00,50,1177600
20221102,09:43:17,18243.45,50,1177600
20221102,09:43:18,18244.10,100,1177600
20221102,09:43:19,18247.95,200,1177600
20221102,09:43:21,18248.00,50,1177600
20221102,09:43:26,18244.50,50,1177600
20221102,09:43:45,18247.40,150,1177600
20221102,09:43:47,18248.10,50,1177600
20221102,09:43:51,18249.05,50,1177600
20221102,09:43:54,18249.10,50,1177600
20221102,09:43:57,18250.00,150,1177600
20221102,09:43:59,18250.00,50,1177600
20221102,09:44:00,18250.95,50,1177600
20221102,09:44:20,18254.75,100,1177600
20221102,09:44:42,18258.05,150,1177250
20221102,09:44:43,18258.15,50,1177250
20221102,09:44:44,18255.50,50,1177250
20221102,09:44:54,18258.00,50,1177250
20221102,09:44:54,18258.80,50,1177250
20221102,09:44:58,18258.50,50,1177250
20221102,09:45:03,18260.00,250,1177250
20221102,09:45:04,18260.00,100,1177250
20221102,09:45:05,18261.50,50,1177250
20221102,09:45:09,18262.75,150,1177250
20221102,09:45:10,18263.00,50,1177250
20221102,09:45:11,18263.55,50,1177250
20221102,09:45:12,18265.05,250,1177250
20221102,09:45:18,18263.20,50,1177250
20221102,09:45:21,18266.00,50,1177250
20221102,09:45:23,18265.75,50,1177250
20221102,09:45:25,18265.00,200,1177250
20221102,09:45:27,18263.50,450,1177250
20221102,09:45:34,18264.25,50,1177250
20221102,09:45:38,18259.45,50,1177250
20221102,09:45:39,18262.00,50,1177250
20221102,09:45:48,18261.15,50,1177250
20221102,09:45:50,18260.00,50,1177250
20221102,09:45:59,18260.00,800,1177250
20221102,09:46:04,18260.00,50,1177250
20221102,09:46:08,18259.00,50,1177250
20221102,09:46:10,18259.10,50,1177250
20221102,09:46:11,18258.65,50,1177250
20221102,09:46:13,18258.50,50,1177250
20221102,09:46:14,18258.40,50,1177250
20221102,09:46:15,18258.45,50,1177250
20221102,09:46:16,18259.25,800,1177250
20221102,09:46:17,18260.00,100,1177250
20221102,09:46:24,18260.30,50,1177250
20221102,09:46:30,18261.25,100,1177250
20221102,09:46:33,18260.90,50,1177250
20221102,09:46:54,18262.00,50,1177250
20221102,09:46:55,18260.90,150,1177250
20221102,09:46:56,18260.90,100,1177250
20221102,09:47:02,18258.05,50,1177250
20221102,09:47:04,18257.80,50,1177250
20221102,09:47:10,18256.50,50,1177250
20221102,09:47:21,18255.00,50,1177250
20221102,09:47:31,18254.45,50,1177250
20221102,09:47:34,18255.00,50,1178150
20221102,09:48:02,18256.45,50,1178150
20221102,09:48:03,18256.50,100,1178150
20221102,09:48:13,18259.05,50,1178150
20221102,09:48:20,18259.05,100,1178150
20221102,09:48:30,18259.15,50,1178150
20221102,09:48:34,18260.00,100,1178150
20221102,09:48:38,18260.95,150,1178150
20221102,09:48:47,18263.00,50,1178150
20221102,09:48:54,18260.95,150,1178150
20221102,09:48:55,18260.95,50,1178150
20221102,09:48:58,18262.05,50,1178150
20221102,09:49:04,18262.40,250,1178150
20221102,09:49:08,18262.50,50,1178150
20221102,09:49:16,18262.20,500,1178150
20221102,09:49:18,18261.10,100,1178150
20221102,09:49:27,18261.10,50,1178150
20221102,09:49:37,18263.15,50,1178150
20221102,09:49:41,18260.35,50,1178150
20221102,09:49:46,18260.00,50,1178150
20221102,09:50:12,18257.05,50,1178150
20221102,09:50:23,18256.50,50,1178150
20221102,09:50:31,18255.30,50,1178150
20221102,09:50:33,18255.00,50,1178150
20221102,09:50:35,18255.00,50,1177700
20221102,09:50:49,18253.80,50,1177700
20221102,09:50:52,18251.20,100,1177700
20221102,09:50:59,18250.00,100,1177700
20221102,09:51:19,18255.00,50,1177700
20221102,09:51:22,18254.45,50,1177700
20221102,09:51:33,18253.55,50,1177700
20221102,09:51:40,18250.15,50,1177700
20221102,09:51:41,18248.10,400,1177700
20221102,09:51:46,18248.95,50,1177700
20221102,09:51:50,18245.90,50,1177700
20221102,09:51:51,18246.15,50,1177700
20221102,09:51:52,18245.60,100,1177700
20221102,09:51:55,18246.15,50,1177700
20221102,09:51:56,18246.45,50,1177700
20221102,09:52:00,18245.50,200,1177700
20221102,09:52:03,18245.10,150,1177700
20221102,09:52:04,18245.00,50,1177700
20221102,09:52:08,18243.00,50,1177700
20221102,09:52:13,18243.20,150,1177700
20221102,09:52:18,18244.60,100,1177700
20221102,09:52:25,18244.60,50,1177700
20221102,09:52:40,18242.70,50,1177700
20221102,09:52:45,18242.00,100,1177700
20221102,09:52:57,18244.00,50,1177700
20221102,09:52:59,18242.65,50,1177700
20221102,09:53:03,18244.60,50,1177700
20221102,09:53:12,18248.45,50,1177700
20221102,09:53:27,18246.50,550,1177700
20221102,09:53:28,18246.45,200,1177700
20221102,09:53:45,18241.20,50,1179350
20221102,09:53:51,18241.05,100,1179350
20221102,09:53:53,18241.05,100,1179350
20221102,09:53:56,18241.05,150,1179350
20221102,09:53:57,18241.05,50,1179350
20221102,09:53:58,18241.05,50,1179350
20221102,09:54:02,18241.05,50,1179350
20221102,09:54:03,18241.05,150,1179350
20221102,09:54:07,18241.05,50,1179350
20221102,09:54:19,18241.05,100,1179350
20221102,09:54:23,18242.70,50,1179350
20221102,09:54:24,18242.20,50,1179350
20221102,09:54:25,18241.60,50,1179350
20221102,09:54:29,18241.05,100,1179350
20221102,09:54:29,18241.05,350,1179350
20221102,09:54:31,18238.00,1900,1179350
20221102,09:54:32,18235.90,50,1179350
20221102,09:54:35,18235.30,50,1179350
20221102,09:54:47,18235.80,50,1179350
20221102,09:54:54,18236.55,50,1179350
20221102,09:55:02,18236.20,50,1179350
20221102,09:55:06,18234.50,250,1179350
20221102,09:55:09,18233.95,100,1179350
20221102,09:55:16,18232.35,250,1179350
20221102,09:55:17,18234.50,50,1179350
20221102,09:55:28,18236.00,550,1179350
20221102,09:55:29,18233.05,200,1179350
20221102,09:55:33,18233.30,50,1179350
20221102,09:55:38,18232.80,50,1179350
20221102,09:55:39,18231.10,200,1179350
20221102,09:55:42,18233.80,500,1179350
20221102,09:55:49,18230.00,50,1179350
20221102,09:55:50,18230.85,200,1179350
20221102,09:55:57,18232.35,250,1179350
20221102,09:55:59,18232.35,100,1179350
20221102,09:55:59,18233.05,350,1179350
20221102,09:56:06,18230.00,100,1179350
20221102,09:56:07,18226.45,50,1179350
20221102,09:56:08,18229.15,50,1179350
20221102,09:56:10,18227.95,250,1179350
20221102,09:56:11,18228.35,550,1179350
20221102,09:56:23,18225.15,50,1179350
20221102,09:56:34,18230.25,100,1179350
20221102,09:56:37,18230.45,200,1184450
20221102,09:56:42,18230.80,50,1184450
20221102,09:56:44,18230.80,100,1184450
20221102,09:56:50,18231.60,150,1184450
20221102,09:57:01,18236.60,200,1184450
20221102,09:57:02,18235.40,200,1184450
20221102,09:57:03,18232.15,150,1184450
20221102,09:57:04,18232.70,100,1184450
20221102,09:57:05,18232.70,150,1184450
20221102,09:57:18,18235.00,50,1184450
20221102,09:57:26,18240.00,100,1184450
20221102,09:57:28,18240.00,50,1184450
20221102,09:57:34,18242.50,1000,1184450
20221102,09:57:38,18240.95,50,1184450
20221102,09:57:45,18241.45,100,1184450
20221102,09:58:04,18240.25,50,1184450
20221102,09:58:29,18241.50,50,1184450
20221102,09:58:32,18245.80,50,1184450
20221102,09:58:34,18243.05,50,1184450
20221102,09:59:02,18243.50,50,1184450
20221102,09:59:15,18243.50,50,1184450
20221102,09:59:50,18243.00,50,1184450
20221102,09:59:51,18243.90,50,1183900
20221102,10:00:03,18244.55,250,1183900
20221102,10:00:37,18238.20,50,1183900
20221102,10:00:47,18236.60,50,1183900
20221102,10:00:54,18237.70,50,1183900
20221102,10:01:00,18236.00,50,1183900
20221102,10:01:01,18236.45,50,1183900
20221102,10:01:03,18232.40,50,1183900
20221102,10:01:04,18232.60,50,1183900
20221102,10:01:10,18233.50,50,1183900
20221102,10:01:13,18237.25,200,1183900
20221102,10:01:21,18237.25,50,1183900
20221102,10:01:22,18240.25,50,1183900
20221102,10:01:26,18238.10,50,1183900
20221102,10:01:29,18234.10,500,1183900
20221102,10:01:34,18235.00,100,1183900
20221102,10:01:49,18242.35,50,1183900
20221102,10:01:52,18239.40,50,1183900
20221102,10:02:12,18243.10,50,1183900
20221102,10:02:13,18242.35,50,1183900
20221102,10:02:17,18243.45,650,1183900
20221102,10:02:30,18243.45,50,1183900
20221102,10:02:47,18240.65,50,1184050
20221102,10:02:57,18244.70,50,1184050
20221102,10:03:03,18244.70,400,1184050
20221102,10:03:06,18242.50,100,1184050
20221102,10:03:28,18240.00,150,1184050
20221102,10:03:29,18240.00,250,1184050
20221102,10:04:02,18244.00,50,1184050
20221102,10:04:13,18245.00,50,1184050
20221102,10:04:14,18245.45,50,1184050
20221102,10:04:25,18246.45,50,1184050
20221102,10:04:34,18249.50,100,1184050
20221102,10:04:41,18249.30,100,1184050
20221102,10:04:46,18249.65,50,1184050
20221102,10:05:08,18249.95,50,1184050
20221102,10:05:23,18243.90,50,1184050
20221102,10:05:45,18242.30,250,1184150
20221102,10:05:52,18237.80,50,1184150
20221102,10:06:07,18240.00,50,1184150
20221102,10:06:40,18242.95,500,1184150
20221102,10:06:47,18240.00,50,1184150
20221102,10:07:06,18240.00,100,1184150
20221102,10:07:08,18240.00,50,1184150
20221102,10:07:14,18240.00,150,1184150
20221102,10:07:21,18239.00,50,1184150
20221102,10:07:22,18237.60,50,1184150
20221102,10:08:04,18235.00,50,1184150
20221102,10:08:15,18235.00,500,1184150
20221102,10:08:18,18236.10,50,1184150
20221102,10:08:22,18237.60,600,1184150
20221102,10:08:41,18237.25,200,1184150
20221102,10:08:47,18239.55,500,1184150
20221102,10:08:59,18239.55,50,1184150
20221102,10:09:11,18237.65,600,1184150
20221102,10:09:46,18243.00,50,1184150
20221102,10:10:03,18241.55,100,1184150
20221102,10:10:04,18244.85,1000,1184150
20221102,10:10:11,18243.95,1000,1184150
20221102,10:10:28,18239.10,100,1184150
20221102,10:10:29,18240.95,50,1184150
20221102,10:10:33,18237.60,50,1184150
20221102,10:10:39,18237.45,50,1184150
20221102,10:10:57,18236.45,50,1184150
20221102,10:10:58,18236.75,50,1184150
20221102,10:11:04,18236.30,100,1184150
20221102,10:11:06,18236.35,50,1184150
20221102,10:11:09,18236.75,100,1184150
20221102,10:11:11,18235.00,50,1184150
20221102,10:11:15,18235.10,50,1184150
20221102,10:11:17,18232.45,150,1184150
20221102,10:11:20,18232.00,50,1184150
20221102,10:11:24,18231.85,150,1184150
20221102,10:11:31,18233.80,150,1184150
20221102,10:11:48,18234.05,150,1186300
20221102,10:11:51,18234.90,150,1186300
20221102,10:12:03,18235.00,50,1186300
20221102,10:12:05,18236.65,850,1186300
20221102,10:12:07,18235.00,50,1186300
20221102,10:12:11,18235.55,50,1186300
20221102,10:12:17,18235.85,50,1186300
20221102,10:12:28,18234.60,50,1186300
20221102,10:12:29,18239.35,200,1186300
20221102,10:12:37,18236.80,50,1186300
20221102,10:12:49,18239.85,50,1186300
20221102,10:13:06,18238.45,50,1186300
20221102,10:13:15,18238.50,250,1186300
20221102,10:13:24,18236.15,150,1186300
20221102,10:13:24,18238.50,50,1186300
20221102,10:14:11,18238.50,250,1186300
20221102,10:14:25,18239.00,50,1186300
20221102,10:14:37,18238.05,100,1186300
20221102,10:14:47,18236.30,50,1186700
20221102,10:14:51,18235.95,100,1186700
20221102,10:15:00,18235.75,100,1186700
20221102,10:15:04,18232.55,200,1186700
20221102,10:15:06,18235.00,250,1186700
20221102,10:15:11,18235.00,50,1186700
20221102,10:15:21,18236.95,50,1186700
20221102,10:15:23,18235.85,50,1186700
20221102,10:15:42,18237.00,100,1186700
20221102,10:16:00,18235.00,50,1186700
20221102,10:16:16,18237.00,50,1186700
20221102,10:16:17,18237.00,200,1186700
20221102,10:16:19,18237.00,50,1186700
20221102,10:16:21,18237.00,300,1186700
20221102,10:16:31,18237.00,50,1186700
20221102,10:16:37,18235.00,50,1186700
20221102,10:16:46,18235.00,50,1186700
20221102,10:16:47,18235.00,50,1186700
20221102,10:16:58,18232.00,50,1186700
20221102,10:17:02,18232.00,100,1186700
20221102,10:17:11,18230.60,50,1186700
20221102,10:17:41,18230.60,150,1186550
20221102,10:17:46,18231.30,50,1186550
20221102,10:17:49,18231.00,200,1186550
20221102,10:17:57,18235.70,250,1186550
20221102,10:17:58,18236.15,100,1186550
20221102,10:18:14,18236.25,50,1186550
20221102,10:18:23,18236.25,50,1186550
20221102,10:18:29,18234.35,50,1186550
20221102,10:18:33,18231.00,50,1186550
20221102,10:18:36,18230.00,300,1186550
20221102,10:18:41,18229.55,50,1186550
20221102,10:18:51,18227.45,50,1186550
20221102,10:18:58,18228.30,50,1186550
20221102,10:18:59,18229.40,150,1186550
20221102,10:19:10,18229.20,500,1186550
20221102,10:19:14,18228.00,150,1186550
20221102,10:19:15,18228.00,50,1186550
20221102,10:19:22,18227.55,50,1186550
20221102,10:19:25,18228.95,350,1186550
20221102,10:19:27,18229.00,50,1186550
20221102,10:19:31,18230.00,350,1186550
20221102,10:19:39,18230.00,50,1186550
20221102,10:19:53,18227.95,50,1186550
20221102,10:19:55,18228.10,50,1186550
20221102,10:20:00,18229.95,100,1186550
20221102,10:20:03,18227.20,50,1186550
20221102,10:20:05,18226.10,100,1186550
20221102,10:20:06,18226.10,50,1186550
20221102,10:20:07,18225.30,50,1186550
20221102,10:20:12,18224.15,700,1186550
20221102,10:20:22,18224.15,50,1186550
20221102,10:20:31,18226.05,300,1186550
20221102,10:20:42,18225.00,50,1188250
20221102,10:20:43,18226.50,50,1188250
20221102,10:21:11,18230.00,350,1188250
20221102,10:21:33,18232.50,50,1188250
20221102,10:21:51,18232.00,50,1188250
20221102,10:21:55,18230.20,250,1188250
20221102,10:21:56,18230.70,50,1188250
20221102,10:22:03,18225.70,50,1188250
20221102,10:22:14,18227.85,50,1188250
20221102,10:22:27,18227.50,50,1188250
20221102,10:22:29,18228.05,50,1188250
20221102,10:22:42,18230.05,50,1188250
20221102,10:22:58,18226.35,50,1188250
20221102,10:23:04,18226.00,50,1188250
20221102,10:23:05,18225.00,100,1188250
20221102,10:23:07,18221.95,150,1188250
20221102,10:23:11,18221.00,50,1188250
20221102,10:23:14,18221.00,100,1188250
20221102,10:23:20,18222.70,50,1188250
20221102,10:23:25,18224.40,50,1188250
20221102,10:23:30,18226.15,500,1188250
20221102,10:23:55,18228.95,50,1189250
20221102,10:23:58,18228.00,50,1189250
20221102,10:24:04,18226.90,50,1189250
20221102,10:24:10,18229.40,50,1189250
20221102,10:24:33,18231.45,50,1189250
20221102,10:24:36,18233.25,50,1189250
20221102,10:24:43,18237.40,550,1189250
20221102,10:24:43,18235.35,50,1189250
20221102,10:24:53,18231.65,50,1189250
20221102,10:24:55,18233.75,100,1189250
20221102,10:24:59,18230.15,50,1189250
20221102,10:25:05,18233.15,100,1189250
20221102,10:25:09,18230.25,50,1189250
20221102,10:25:10,18230.25,50,1189250
20221102,10:25:38,18227.35,50,1189250
20221102,10:25:42,18228.90,400,1189250
20221102,10:25:44,18228.55,200,1189250
20221102,10:25:52,18227.35,50,1189250
20221102,10:25:55,18227.35,50,1189250
20221102,10:25:56,18229.40,550,1189250
20221102,10:26:12,18231.85,100,1189250
20221102,10:26:20,18235.60,50,1189250
20221102,10:26:25,18235.10,650,1189250
20221102,10:26:31,18235.80,100,1189250
20221102,10:26:33,18238.95,50,1189250
20221102,10:26:35,18235.90,50,1189250
20221102,10:26:57,18238.35,50,1189450
20221102,10:27:04,18236.20,250,1189450
20221102,10:27:15,18236.90,50,1189450
20221102,10:27:30,18235.00,50,1189450
20221102,10:27:31,18236.90,50,1189450
20221102,10:27:33,18236.85,100,1189450
20221102,10:27:58,18233.75,100,1189450
20221102,10:28:05,18237.65,100,1189450
20221102,10:28:21,18237.20,300,1189450
20221102,10:28:22,18237.65,300,1189450
20221102,10:28:24,18237.65,250,1189450
20221102,10:28:26,18239.00,50,1189450
20221102,10:28:27,18239.00,150,1189450
20221102,10:28:28,18237.95,50,1189450
20221102,10:28:39,18240.00,100,1189450
20221102,10:28:49,18238.30,50,1189450
20221102,10:28:52,18238.30,100,1189450
20221102,10:28:57,18238.40,50,1189450
20221102,10:28:58,18235.75,300,1189450
20221102,10:29:21,18235.40,50,1189450
20221102,10:29:24,18235.60,150,1189450
20221102,10:29:27,18233.45,50,1189450
20221102,10:29:36,18233.45,150,1189450
20221102,10:29:48,18235.00,50,1189650
20221102,10:29:49,18237.85,50,1189650
20221102,10:30:05,18237.50,50,1189650
20221102,10:30:06,18234.80,50,1189650
20221102,10:30:09,18234.05,50,1189650
20221102,10:30:36,18231.15,100,1189650
20221102,10:30:39,18234.45,50,1189650
20221102,10:31:13,18238.00,50,1189650
20221102,10:31:24,18239.50,50,1189650
20221102,10:31:26,18240.00,200,1189650
20221102,10:31:35,18240.00,50,1189650
20221102,10:31:40,18237.65,250,1189650
20221102,10:31:45,18240.00,150,1189650
20221102,10:31:47,18240.00,150,1189650
20221102,10:31:57,18240.60,1000,1189650
20221102,10:32:02,18241.65,50,1189650
20221102,10:32:05,18240.30,50,1189650
20221102,10:32:07,18240.20,50,1189650
20221102,10:32:16,18238.05,50,1189650
20221102,10:32:24,18237.75,50,1189650
20221102,10:32:26,18235.50,50,1189650
20221102,10:32:34,18237.75,50,1189650
20221102,10:32:36,18236.00,100,1189650
20221102,10:32:37,18236.00,150,1189650
20221102,10:32:41,18237.05,50,1189650
20221102,10:32:50,18239.85,50,1189500
20221102,10:33:03,18240.00,100,1189500
20221102,10:33:06,18240.10,500,1189500
20221102,10:33:21,18243.55,50,1189500
20221102,10:33:22,18244.15,100,1189500
20221102,10:33:38,18240.00,50,1189500
20221102,10:33:48,18240.20,50,1189500
20221102,10:33:49,18240.20,50,1189500
20221102,10:34:02,18238.30,500,1189500
20221102,10:34:12,18238.55,50,1189500
20221102,10:34:23,18241.55,150,1189500
20221102,10:34:33,18241.45,300,1189500
20221102,10:34:34,18242.50,150,1189500
20221102,10:34:35,18242.00,50,1189500
20221102,10:34:41,18244.00,50,1189500
20221102,10:34:45,18242.00,100,1189500
20221102,10:34:53,18243.00,50,1189500
20221102,10:34:54,18242.35,50,1189500
20221102,10:35:00,18242.60,50,1189500
20221102,10:35:02,18243.40,200,1189500
20221102,10:35:06,18244.00,100,1189500
20221102,10:35:08,18244.90,50,1189500
20221102,10:35:13,18245.00,50,1189500
20221102,10:35:14,18245.00,50,1189500
20221102,10:35:19,18243.40,50,1189500
20221102,10:35:28,18240.00,50,1189500
20221102,10:35:29,18240.25,50,1189500
20221102,10:35:30,18240.05,50,1189500
20221102,10:35:33,18240.05,50,1189500
20221102,10:35:35,18241.60,50,1189500
20221102,10:35:47,18240.40,50,1189350
20221102,10:35:58,18242.05,50,1189350
20221102,10:36:55,18242.15,150,1189350
20221102,10:37:04,18240.65,150,1189350
20221102,10:37:10,18240.00,200,1189350
20221102,10:37:20,18237.85,50,1189350
20221102,10:37:21,18237.40,50,1189350
20221102,10:37:22,18238.30,50,1189350
20221102,10:37:25,18238.65,100,1189350
20221102,10:37:40,18240.40,150,1189350
20221102,10:37:52,18240.40,50,1189350
20221102,10:37:56,18241.20,50,1189350
20221102,10:38:15,18242.05,50,1189350
20221102,10:38:35,18240.90,150,1189350
20221102,10:38:38,18240.00,100,1189350
20221102,10:38:53,18240.00,50,1189350
20221102,10:39:30,18238.75,50,1190100
20221102,10:40:01,18238.55,50,1190100
20221102,10:40:12,18239.05,50,1190100
20221102,10:40:14,18240.00,50,1190100
20221102,10:40:57,18238.90,150,1190100
20221102,10:41:01,18238.50,150,1190100
20221102,10:41:04,18236.90,50,1190100
20221102,10:41:06,18237.00,150,1190100
20221102,10:41:13,18236.00,50,1190100
20221102,10:41:14,18237.30,100,1190100
20221102,10:41:15,18235.90,50,1190100
20221102,10:41:17,18236.40,100,1190100
20221102,10:41:18,18235.45,200,1190100
20221102,10:41:19,18235.00,100,1190100
20221102,10:41:25,18235.00,200,1190100
20221102,10:41:26,18234.95,50,1190100
20221102,10:41:54,18237.45,100,1190850
20221102,10:42:08,18236.55,50,1190850
20221102,10:42:14,18235.85,300,1190850
20221102,10:43:15,18234.85,1250,1190850
20221102,10:43:54,18235.80,50,1190850
20221102,10:44:47,18233.60,50,1190850
20221102,10:45:06,18233.20,200,1191850
20221102,10:45:12,18234.95,200,1191850
20221102,10:45:18,18235.75,50,1191850
20221102,10:45:45,18230.00,350,1191850
20221102,10:46:09,18233.00,100,1191850
20221102,10:46:10,18233.00,50,1191850
20221102,10:46:11,18233.00,150,1191850
20221102,10:46:28,18233.90,50,1191850
20221102,10:46:33,18234.60,50,1191850
20221102,10:46:46,18234.40,50,1191850
20221102,10:47:08,18234.95,50,1191850
20221102,10:48:17,18236.00,50,1192100
20221102,10:48:48,18234.90,100,1192100
20221102,10:49:01,18235.90,100,1192100
20221102,10:49:08,18234.00,100,1192100
20221102,10:49:09,18233.45,100,1192100
20221102,10:49:31,18237.50,50,1192100
20221102,10:49:51,18240.00,100,1192100
20221102,10:49:55,18243.00,50,1192100
20221102,10:50:10,18243.80,50,1192100
20221102,10:50:44,18242.00,50,1192100
20221102,10:50:45,18240.20,50,1192100
20221102,10:50:48,18242.30,50,1192200
20221102,10:51:01,18240.00,50,1192200
20221102,10:51:48,18240.00,50,1192200
20221102,10:52:04,18244.70,100,1192200
20221102,10:52:24,18244.00,50,1192200
20221102,10:52:26,18244.00,50,1192200
20221102,10:52:32,18244.00,400,1192200
20221102,10:52:39,18240.85,50,1192200
20221102,10:52:46,18239.25,50,1192200
20221102,10:52:47,18238.95,50,1192200
20221102,10:52:50,18238.45,50,1192200
20221102,10:52:51,18238.80,50,1192200
20221102,10:53:15,18238.00,200,1192200
20221102,10:53:21,18238.25,50,1192200
20221102,10:53:22,18237.65,50,1192200
20221102,10:53:59,18235.00,50,1192600
20221102,10:54:12,18234.25,50,1192600
20221102,10:54:40,18231.45,50,1192600
20221102,10:54:51,18230.65,200,1192600
20221102,10:54:57,18230.80,50,1192600
20221102,10:55:08,18230.40,150,1192600
20221102,10:55:11,18230.00,50,1192600
20221102,10:55:15,18229.00,50,1192600
20221102,10:55:19,18228.35,50,1192600
20221102,10:55:29,18228.00,50,1192600
20221102,10:55:33,18227.20,50,1192600
20221102,10:56:06,18227.75,50,1192600
20221102,10:56:17,18227.25,50,1192600
20221102,10:56:25,18228.90,50,1192600
20221102,10:56:30,18227.00,50,1192600
20221102,10:56:35,18224.05,50,1192600
20221102,10:56:58,18226.25,50,1192600
20221102,10:57:06,18227.00,50,1192700
20221102,10:57:12,18225.00,50,1192700
20221102,10:57:19,18227.00,50,1192700
20221102,10:57:22,18227.90,50,1192700
20221102,10:57:30,18225.60,50,1192700
20221102,10:57:31,18227.95,100,1192700
20221102,10:57:44,18227.00,50,1192700
20221102,10:57:47,18225.05,50,1192700
20221102,10:57:51,18225.00,50,1192700
20221102,10:57:54,18224.00,100,1192700
20221102,10:57:58,18223.95,500,1192700
20221102,10:57:59,18223.75,50,1192700
20221102,10:58:01,18223.00,150,1192700
20221102,10:58:05,18222.00,50,1192700
20221102,10:58:37,18224.35,50,1192700
20221102,10:58:41,18226.00,150,1192700
20221102,10:58:49,18227.60,50,1192700
20221102,10:58:55,18227.85,100,1192700
20221102,10:59:11,18226.40,50,1192700
20221102,10:59:34,18227.00,50,1192700
20221102,10:59:46,18224.40,50,1192700
20221102,11:00:16,18224.20,50,1192700
20221102,11:00:25,18222.30,50,1193750
20221102,11:00:28,18222.30,50,1193750
20221102,11:00:33,18224.00,100,1193750
20221102,11:00:36,18223.85,50,1193750
20221102,11:00:40,18224.50,100,1193750
20221102,11:00:51,18228.00,250,1193750
20221102,11:01:14,18229.00,200,1193750
20221102,11:01:33,18227.65,50,1193750
20221102,11:02:05,18226.65,50,1193750
20221102,11:02:09,18226.00,50,1193750
20221102,11:02:10,18225.60,50,1193750
20221102,11:02:12,18224.00,200,1193750
20221102,11:02:15,18224.00,100,1193750
20221102,11:02:31,18223.80,1050,1193750
20221102,11:02:33,18221.00,350,1193750
20221102,11:02:34,18221.00,50,1193750
20221102,11:02:50,18220.70,150,1193300
20221102,11:02:52,18220.70,50,1193300
20221102,11:03:03,18221.45,50,1193300
20221102,11:03:09,18223.00,550,1193300
20221102,11:03:10,18221.45,50,1193300
20221102,11:03:15,18220.55,200,1193300
20221102,11:03:22,18220.40,100,1193300
20221102,11:03:26,18216.75,1850,1193300
20221102,11:03:27,18216.75,150,1193300
20221102,11:03:30,18219.00,50,1193300
20221102,11:03:32,18219.00,300,1193300
20221102,11:03:53,18217.60,100,1193300
20221102,11:04:00,18220.15,250,1193300
20221102,11:04:01,18220.15,100,1193300
20221102,11:04:03,18220.15,150,1193300
20221102,11:04:18,18217.00,150,1193300
20221102,11:04:25,18217.05,100,1193300
20221102,11:04:27,18218.00,100,1193300
20221102,11:04:27,18218.00,50,1193300
20221102,11:04:35,18218.00,50,1193300
20221102,11:05:07,18218.00,50,1193300
20221102,11:05:09,18216.40,1000,1193300
20221102,11:05:13,18216.40,50,1193300
20221102,11:05:20,18218.75,50,1193300
20221102,11:05:27,18216.00,50,1193300
20221102,11:05:28,18215.30,50,1193300
20221102,11:05:31,18215.30,50,1193300
20221102,11:05:48,18215.00,150,1193300
20221102,11:05:54,18212.60,100,1195450
20221102,11:06:00,18212.60,50,1195450
20221102,11:06:06,18216.30,50,1195450
20221102,11:06:12,18218.40,100,1195450
20221102,11:06:16,18218.40,50,1195450
20221102,11:06:18,18218.40,100,1195450
20221102,11:06:26,18218.50,50,1195450
20221102,11:06:33,18220.00,150,1195450
20221102,11:06:55,18216.80,100,1195450
20221102,11:06:56,18215.00,100,1195450
20221102,11:07:00,18217.85,50,1195450
20221102,11:07:21,18220.00,50,1195450
20221102,11:07:26,18222.00,50,1195450
20221102,11:07:35,18224.45,50,1195450
20221102,11:07:37,18223.35,50,1195450
20221102,11:07:39,18226.00,50,1195450
20221102,11:07:43,18225.90,50,1195450
20221102,11:07:49,18225.90,150,1195450
20221102,11:08:01,18225.45,50,1195450
20221102,11:08:05,18226.00,150,1195450
20221102,11:08:19,18226.05,100,1195450
20221102,11:08:44,18226.25,50,1195450
20221102,11:09:05,18227.00,50,1195050
20221102,11:09:06,18227.00,100,1195050
20221102,11:09:17,18228.00,50,1195050
20221102,11:09:23,18229.80,50,1195050
20221102,11:09:43,18226.05,50,1195050
20221102,11:09:45,18226.20,50,1195050
20221102,11:09:46,18225.65,50,1195050
20221102,11:09:49,18225.00,50,1195050
20221102,11:10:04,18225.00,100,1195050
20221102,11:10:08,18225.00,50,1195050
20221102,11:10:14,18224.65,50,1195050
20221102,11:10:15,18224.80,50,1195050
20221102,11:10:43,18224.80,50,1195050
20221102,11:10:45,18224.80,50,1195050
20221102,11:10:57,18224.80,50,1195050
20221102,11:11:00,18224.30,50,1195050
20221102,11:11:03,18224.10,100,1195050
20221102,11:11:11,18223.40,950,1195050
20221102,11:11:12,18224.10,50,1195050
20221102,11:11:14,18224.10,50,1195050
20221102,11:11:19,18224.10,350,1195050
20221102,11:11:36,18224.10,50,1195050
20221102,11:11:45,18224.10,50,1195050
20221102,11:11:46,18224.10,150,1195050
20221102,11:11:47,18224.10,50,1195050
20221102,11:11:48,18224.10,50,1195050
20221102,11:12:08,18225.80,50,1196550
20221102,11:12:11,18226.00,50,1196550
20221102,11:12:12,18227.35,150,1196550
20221102,11:12:44,18229.10,100,1196550
20221102,11:12:58,18225.65,200,1196550
20221102,11:13:21,18225.75,200,1196550
20221102,11:13:23,18226.00,800,1196550
20221102,11:13:28,18229.35,50,1196550
20221102,11:13:35,18230.00,50,1196550
20221102,11:14:07,18230.80,100,1196550
20221102,11:14:09,18229.65,150,1196550
20221102,11:14:15,18229.65,50,1196550
20221102,11:14:37,18229.65,100,1196550
20221102,11:14:39,18229.65,50,1196550
20221102,11:14:45,18231.20,50,1196550
20221102,11:14:49,18231.05,50,1196550
20221102,11:14:52,18233.75,700,1196500
20221102,11:14:54,18231.05,100,1196500
20221102,11:15:21,18232.00,50,1196500
20221102,11:15:22,18233.05,50,1196500
20221102,11:15:23,18230.45,200,1196500
20221102,11:15:26,18232.50,150,1196500
20221102,11:15:30,18233.10,100,1196500
20221102,11:15:35,18233.20,50,1196500
20221102,11:15:36,18233.20,50,1196500
20221102,11:15:41,18235.30,50,1196500
20221102,11:15:42,18234.00,50,1196500
20221102,11:15:49,18233.25,250,1196500
20221102,11:15:52,18232.55,600,1196500
20221102,11:15:53,18233.10,100,1196500
20221102,11:16:01,18233.30,50,1196500
20221102,11:16:20,18234.45,50,1196500
20221102,11:16:26,18234.20,50,1196500
20221102,11:16:49,18235.55,50,1196500
20221102,11:16:51,18236.00,50,1196500
20221102,11:16:55,18235.00,50,1196500
20221102,11:16:59,18234.90,50,1196500
20221102,11:17:06,18234.60,50,1196500
20221102,11:17:21,18234.15,50,1196500
20221102,11:17:44,18231.60,150,1196500
20221102,11:17:50,18231.40,50,1196500
20221102,11:18:04,18230.25,50,1198000
20221102,11:18:09,18230.80,100,1198000
20221102,11:18:13,18230.00,150,1198000
20221102,11:18:41,18230.05,50,1198000
20221102,11:18:44,18231.50,50,1198000
20221102,11:18:48,18230.80,50,1198000
20221102,11:18:52,18229.90,50,1198000
20221102,11:19:04,18229.65,100,1198000
20221102,11:19:15,18230.35,50,1198000
20221102,11:19:38,18229.65,650,1198000
20221102,11:19:40,18227.95,50,1198000
20221102,11:20:13,18227.55,150,1198000
20221102,11:20:14,18227.00,50,1198000
20221102,11:20:17,18227.00,50,1198000
20221102,11:20:27,18227.00,50,1198000
20221102,11:20:32,18227.00,100,1198000
20221102,11:20:41,18227.80,50,1198000
20221102,11:20:48,18227.00,50,1198000
20221102,11:20:49,18227.00,50,1198000
20221102,11:20:50,18227.70,100,1198000
20221102,11:20:51,18226.05,100,1198000
20221102,11:20:53,18227.50,50,1198600
20221102,11:20:54,18226.00,100,1198600
20221102,11:21:21,18229.35,50,1198600
20221102,11:21:28,18232.00,100,1198600
20221102,11:21:32,18231.25,50,1198600
20221102,11:21:49,18228.35,50,1198600
20221102,11:22:16,18228.35,50,1198600
20221102,11:22:30,18229.80,50,1198600
20221102,11:22:39,18228.35,100,1198600
20221102,11:22:50,18230.40,100,1198600
20221102,11:23:26,18230.25,50,1198600
20221102,11:23:41,18232.80,50,1198600
20221102,11:23:42,18233.80,50,1198600
20221102,11:23:45,18233.45,150,1198600
20221102,11:23:47,18233.15,50,1198600
20221102,11:23:57,18231.80,100,1199150
20221102,11:24:05,18231.30,100,1199150
20221102,11:24:11,18230.75,100,1199150
20221102,11:24:27,18230.35,150,1199150
20221102,11:24:39,18230.40,150,1199150
20221102,11:24:42,18232.30,100,1199150
20221102,11:24:56,18230.85,100,1199150
20221102,11:25:09,18230.65,100,1199150
20221102,11:25:43,18226.95,50,1199150
20221102,11:26:01,18228.80,50,1199150
20221102,11:26:13,18226.75,50,1199150
20221102,11:26:16,18226.60,100,1199150
20221102,11:26:19,18226.00,50,1199150
20221102,11:26:58,18226.00,700,1199300
20221102,11:26:59,18223.55,50,1199300
20221102,11:27:18,18224.65,50,1199300
20221102,11:27:33,18225.05,50,1199300
20221102,11:28:02,18226.60,50,1199300
20221102,11:28:03,18226.10,50,1199300
20221102,11:28:08,18224.00,200,1199300
20221102,11:28:09,18223.55,50,1199300
20221102,11:28:20,18227.35,100,1199300
20221102,11:28:30,18227.45,50,1199300
20221102,11:28:38,18227.35,50,1199300
20221102,11:28:58,18229.25,50,1199300
20221102,11:29:01,18231.25,50,1199300
20221102,11:29:12,18229.55,50,1199300
20221102,11:29:15,18227.00,250,1199300
20221102,11:29:44,18226.85,50,1199300
20221102,11:29:48,18225.25,100,1199300
20221102,11:29:49,18227.45,50,1199300
20221102,11:30:03,18227.90,50,1200450
20221102,11:30:06,18227.50,150,1200450
20221102,11:30:11,18227.45,100,1200450
20221102,11:30:12,18227.45,300,1200450
20221102,11:30:31,18226.00,200,1200450
20221102,11:30:35,18225.50,200,1200450
20221102,11:30:38,18225.25,150,1200450
20221102,11:30:39,18225.00,50,1200450
20221102,11:30:40,18224.95,50,1200450
20221102,11:30:41,18225.15,50,1200450
20221102,11:30:44,18225.05,50,1200450
20221102,11:30:47,18222.20,50,1200450
20221102,11:30:59,18223.85,50,1200450
20221102,11:31:08,18221.90,100,1200450
20221102,11:31:12,18221.80,100,1200450
20221102,11:31:17,18221.85,50,1200450
20221102,11:31:30,18224.20,50,1200450
20221102,11:31:41,18223.80,50,1200450
20221102,11:31:49,18223.70,150,1200450
20221102,11:32:11,18225.20,50,1200450
20221102,11:32:44,18225.35,50,1200450
20221102,11:33:14,18228.25,200,1200450
20221102,11:33:22,18228.40,50,1202150
20221102,11:33:48,18223.00,50,1202150
20221102,11:33:50,18224.10,100,1202150
20221102,11:34:12,18222.50,50,1202150
20221102,11:35:07,18221.85,50,1202150
20221102,11:35:11,18221.85,100,1202150
20221102,11:35:24,18223.05,200,1202150
20221102,11:35:24,18223.05,100,1202150
20221102,11:35:30,18223.30,50,1202150
20221102,11:35:32,18223.35,50,1202150
20221102,11:35:38,18223.35,50,1202150
20221102,11:35:43,18224.00,100,1202150
20221102,11:35:50,18224.50,50,1202150
20221102,11:35:53,18224.50,50,1202150
20221102,11:35:58,18225.20,150,1202400
20221102,11:36:40,18225.00,50,1202400
20221102,11:36:46,18225.20,50,1202400
20221102,11:36:55,18227.00,50,1202400
20221102,11:36:58,18227.00,150,1202400
20221102,11:37:07,18225.25,50,1202400
20221102,11:37:11,18226.55,50,1202400
20221102,11:37:28,18222.05,50,1202400
20221102,11:38:30,18225.00,100,1202400
20221102,11:38:32,18225.00,50,1202400
20221102,11:38:52,18227.15,50,1202400
20221102,11:41:03,18227.15,50,1202550
20221102,11:41:44,18222.65,50,1202550
20221102,11:42:16,18224.05,50,1202600
20221102,11:42:20,18223.30,50,1202600
20221102,11:42:21,18222.05,150,1202600
20221102,11:42:22,18221.85,150,1202600
20221102,11:42:34,18221.00,50,1202600
20221102,11:42:35,18221.00,50,1202600
20221102,11:42:41,18221.00,100,1202600
20221102,11:42:51,18220.25,50,1202600
20221102,11:42:56,18221.25,50,1202600
20221102,11:43:04,18222.90,50,1202600
20221102,11:43:10,18223.00,50,1202600
20221102,11:43:21,18221.70,150,1202600
20221102,11:43:41,18220.10,50,1202600
20221102,11:43:46,18220.05,50,1202600
20221102,11:43:50,18221.25,100,1202600
20221102,11:43:53,18220.00,1000,1202600
20221102,11:43:54,18218.00,50,1202600
20221102,11:43:56,18218.00,50,1202600
20221102,11:43:58,18218.00,100,1202600
20221102,11:44:05,18216.15,50,1202600
20221102,11:44:20,18220.30,500,1202600
20221102,11:44:38,18219.00,300,1202600
20221102,11:44:40,18218.85,50,1202600
20221102,11:44:44,18219.80,50,1202600
20221102,11:44:48,18216.75,50,1202600
20221102,11:45:03,18216.25,50,1204350
20221102,11:45:06,18216.30,100,1204350
20221102,11:45:41,18219.90,50,1204350
20221102,11:45:42,18219.75,50,1204350
20221102,11:46:11,18219.05,100,1204350
20221102,11:46:38,18220.10,50,1204350
20221102,11:46:48,18221.00,50,1204350
20221102,11:46:53,18223.00,50,1204350
20221102,11:47:00,18220.15,100,1204350
20221102,11:47:24,18221.65,50,1204350
20221102,11:47:35,18223.05,50,1204350
20221102,11:47:51,18222.00,50,1204350
20221102,11:48:43,18216.00,50,1204300
20221102,11:48:50,18215.05,50,1204300
20221102,11:48:51,18215.00,300,1204300
20221102,11:48:52,18215.00,50,1204300
20221102,11:48:53,18215.00,100,1204300
20221102,11:48:55,18215.00,450,1204300
20221102,11:48:57,18215.00,50,1204300
20221102,11:49:00,18216.15,50,1204300
20221102,11:49:09,18215.95,150,1204300
20221102,11:49:10,18215.45,50,1204300
20221102,11:49:12,18214.40,50,1204300
20221102,11:49:13,18212.00,600,1204300
20221102,11:49:19,18213.60,50,1204300
20221102,11:49:26,18211.20,50,1204300
20221102,11:49:36,18211.20,200,1204300
20221102,11:50:01,18214.35,50,1204300
20221102,11:50:05,18214.25,50,1204300
20221102,11:50:11,18215.00,1000,1204300
20221102,11:50:19,18218.10,50,1204300
20221102,11:50:24,18221.65,450,1204300
20221102,11:50:40,18218.45,150,1204300
20221102,11:50:53,18218.15,50,1204300
20221102,11:50:56,18220.95,50,1204300
20221102,11:51:12,18221.60,50,1205200
20221102,11:51:23,18221.00,150,1205200
20221102,11:51:43,18215.95,50,1205200
20221102,11:51:56,18217.30,200,1205200
20221102,11:52:02,18217.30,50,1205200
20221102,11:52:04,18217.85,50,1205200
20221102,11:53:10,18217.30,50,1205200
20221102,11:53:34,18217.30,50,1205200
20221102,11:53:54,18217.70,50,1205200
20221102,11:53:56,18217.30,50,1205200
20221102,11:54:01,18217.75,50,1205050
20221102,11:54:03,18218.35,50,1205050
20221102,11:54:14,18217.30,100,1205050
20221102,11:54:20,18218.60,50,1205050
20221102,11:54:31,18217.60,100,1205050
20221102,11:54:40,18217.65,100,1205050
20221102,11:54:41,18217.65,100,1205050
20221102,11:54:45,18218.50,50,1205050
20221102,11:54:46,18219.50,100,1205050
20221102,11:54:55,18220.15,50,1205050
20221102,11:54:56,18220.35,100,1205050
20221102,11:55:02,18220.00,100,1205050
20221102,11:55:18,18219.10,50,1205050
20221102,11:55:20,18218.00,50,1205050
20221102,11:55:32,18218.30,100,1205050
20221102,11:55:33,18218.15,50,1205050
20221102,11:55:34,18217.65,50,1205050
20221102,11:55:35,18217.50,100,1205050
20221102,11:55:36,18217.70,350,1205050
20221102,11:55:39,18215.95,50,1205050
20221102,11:55:40,18215.00,150,1205050
20221102,11:55:41,18215.35,50,1205050
20221102,11:55:45,18214.70,50,1205050
20221102,11:55:47,18213.45,500,1205050
20221102,11:55:58,18213.10,100,1205050
20221102,11:56:18,18213.00,50,1205050
20221102,11:56:27,18213.00,50,1205050
20221102,11:56:32,18213.65,50,1205050
20221102,11:56:39,18213.65,100,1205050
20221102,11:57:01,18214.70,50,1205050
20221102,11:57:05,18214.60,50,1205650
20221102,11:57:08,18214.60,50,1205650
20221102,11:57:44,18218.05,750,1205650
20221102,11:57:51,18218.05,100,1205650
20221102,11:57:56,18214.15,50,1205650
20221102,11:57:59,18212.15,50,1205650
20221102,11:58:00,18212.30,50,1205650
20221102,11:58:39,18214.60,50,1205650
20221102,11:59:02,18215.00,50,1205650
20221102,11:59:10,18215.00,50,1205650
20221102,11:59:11,18215.25,100,1205650
20221102,11:59:18,18216.00,50,1205650
20221102,11:59:24,18215.80,500,1205650
20221102,11:59:32,18216.85,500,1205650
20221102,11:59:34,18217.25,50,1205650
20221102,11:59:41,18217.00,500,1205650
20221102,11:59:44,18218.70,50,1205650
20221102,11:59:46,18219.00,100,1205650
20221102,11:59:48,18217.65,50,1205650
20221102,11:59:54,18217.30,100,1205650
20221102,11:59:57,18217.20,500,1205650
20221102,11:59:59,18217.80,50,1205650
20221102,12:00:10,18218.10,500,1207050
20221102,12:00:11,18219.95,50,1207050
20221102,12:00:19,18217.85,500,1207050
20221102,12:00:25,18219.95,550,1207050
20221102,12:00:28,18219.95,50,1207050
20221102,12:00:29,18220.00,50,1207050
20221102,12:00:31,18219.95,150,1207050
20221102,12:00:32,18220.00,650,1207050
20221102,12:00:33,18220.00,600,1207050
20221102,12:00:37,18220.00,50,1207050
20221102,12:00:38,18219.70,50,1207050
20221102,12:00:39,18219.90,250,1207050
20221102,12:00:40,18220.00,2400,1207050
20221102,12:00:42,18220.00,50,1207050
20221102,12:00:48,18218.50,500,1207050
20221102,12:00:58,18220.00,50,1207050
20221102,12:00:59,18220.00,50,1207050
20221102,12:01:00,18220.00,250,1207050
20221102,12:01:04,18220.00,50,1207050
20221102,12:01:06,18220.00,50,1207050
20221102,12:01:13,18219.95,50,1207050
20221102,12:01:18,18219.85,50,1207050
20221102,12:01:31,18219.95,50,1207050
20221102,12:01:32,18220.00,50,1207050
20221102,12:01:41,18220.00,400,1207050
20221102,12:01:43,18220.00,150,1207050
20221102,12:01:50,18220.00,50,1207050
20221102,12:01:51,18220.00,50,1207050
20221102,12:01:52,18220.00,1550,1207050
20221102,12:01:55,18220.00,450,1207050
20221102,12:01:56,18220.00,950,1207050
20221102,12:02:02,18222.00,50,1207050
20221102,12:02:05,18223.60,50,1207050
20221102,12:02:43,18223.00,50,1207050
20221102,12:03:38,18221.95,100,1209100
20221102,12:03:41,18220.00,100,1209100
20221102,12:03:42,18219.85,50,1209100
20221102,12:03:49,18219.95,50,1209100
20221102,12:04:12,18216.70,50,1209100
20221102,12:04:15,18217.70,50,1209100
20221102,12:04:21,18214.50,300,1209100
20221102,12:04:23,18214.45,300,1209100
20221102,12:04:36,18214.45,500,1209100
20221102,12:04:38,18214.00,50,1209100
20221102,12:04:41,18214.45,300,1209100
20221102,12:04:50,18214.45,100,1209100
20221102,12:04:59,18215.55,500,1209100
20221102,12:05:11,18217.30,50,1209100
20221102,12:05:40,18215.95,50,1209100
20221102,12:05:58,18214.05,350,1209100
20221102,12:06:02,18217.45,50,1208750
20221102,12:06:08,18217.00,300,1208750
20221102,12:06:12,18215.00,50,1208750
20221102,12:06:13,18213.10,100,1208750
20221102,12:06:15,18215.95,50,1208750
20221102,12:06:35,18217.15,50,1208750
20221102,12:06:48,18215.80,50,1208750
20221102,12:06:57,18215.00,50,1208750
20221102,12:07:05,18215.00,50,1208750
20221102,12:07:21,18214.00,50,1208750
20221102,12:07:23,18213.60,50,1208750
20221102,12:07:31,18213.35,50,1208750
20221102,12:07:33,18213.75,50,1208750
20221102,12:07:55,18212.50,50,1208750
20221102,12:08:07,18214.95,500,1208750
20221102,12:08:16,18212.05,100,1208750
20221102,12:08:25,18213.70,200,1208750
20221102,12:08:25,18212.00,50,1208750
20221102,12:08:28,18212.00,50,1208750
20221102,12:08:31,18214.25,50,1208750
20221102,12:08:41,18212.00,50,1208750
20221102,12:08:45,18212.00,50,1208750
20221102,12:08:48,18211.00,100,1208750
20221102,12:08:53,18211.00,250,1208750
20221102,12:09:04,18211.00,50,1208750
20221102,12:09:24,18212.70,100,1209550
20221102,12:09:34,18213.00,50,1209550
20221102,12:09:35,18213.00,50,1209550
20221102,12:09:36,18213.00,50,1209550
20221102,12:09:41,18212.45,100,1209550
20221102,12:09:42,18210.00,250,1209550
20221102,12:09:43,18207.60,1000,1209550
20221102,12:09:46,18207.60,50,1209550
20221102,12:09:51,18206.20,1050,1209550
20221102,12:09:53,18206.20,50,1209550
20221102,12:10:00,18209.75,150,1209550
20221102,12:10:02,18206.00,50,1209550
20221102,12:10:05,18204.65,1000,1209550
20221102,12:10:08,18204.65,500,1209550
20221102,12:10:12,18205.45,1000,1209550
20221102,12:10:15,18206.20,100,1209550
20221102,12:10:16,18207.85,100,1209550
20221102,12:10:20,18207.25,1000,1209550
20221102,12:10:23,18211.40,50,1209550
20221102,12:10:44,18207.05,100,1209550
20221102,12:10:53,18212.00,1000,1209550
20221102,12:10:54,18208.25,50,1209550
20221102,12:10:55,18208.25,50,1209550
20221102,12:10:57,18208.25,50,1209550
20221102,12:10:58,18208.25,50,1209550
20221102,12:10:59,18208.25,50,1209550
20221102,12:11:00,18208.25,50,1209550
20221102,12:11:01,18208.25,100,1209550
20221102,12:11:03,18208.10,100,1209550
20221102,12:11:04,18208.10,50,1209550
20221102,12:11:04,18208.05,50,1209550
20221102,12:11:05,18208.00,50,1209550
20221102,12:11:12,18210.00,50,1209550
20221102,12:11:15,18210.00,50,1209550
20221102,12:11:21,18208.35,50,1209550
20221102,12:11:22,18208.00,500,1209550
20221102,12:11:31,18208.85,50,1209550
20221102,12:12:19,18214.80,50,1211900
20221102,12:12:20,18214.75,100,1211900
20221102,12:13:00,18214.60,1000,1211900
20221102,12:13:14,18210.50,50,1211900
20221102,12:13:15,18210.45,100,1211900
20221102,12:13:39,18210.55,50,1211900
20221102,12:13:41,18213.55,100,1211900
20221102,12:14:05,18211.85,150,1211900
20221102,12:14:06,18215.00,100,1211900
20221102,12:14:09,18216.00,250,1211900
20221102,12:15:33,18212.15,50,1211050
20221102,12:15:57,18214.00,50,1211050
20221102,12:16:16,18212.40,50,1211050
20221102,12:16:22,18212.00,50,1211050
20221102,12:16:28,18212.40,50,1211050
20221102,12:16:46,18213.65,100,1211050
20221102,12:17:09,18212.20,50,1211050
20221102,12:17:15,18212.25,50,1211050
20221102,12:17:33,18210.90,50,1211050
20221102,12:18:17,18212.00,50,1211150
20221102,12:18:20,18213.70,100,1211150
20221102,12:18:43,18213.70,50,1211150
20221102,12:18:47,18214.40,500,1211150
20221102,12:19:02,18213.00,50,1211150
20221102,12:19:05,18213.00,50,1211150
20221102,12:19:12,18211.00,100,1211150
20221102,12:19:13,18210.90,50,1211150
20221102,12:19:14,18211.20,150,1211150
20221102,12:19:18,18210.45,50,1211150
20221102,12:19:20,18210.00,50,1211150
20221102,12:19:26,18207.00,50,1211150
20221102,12:19:31,18207.45,100,1211150
20221102,12:19:34,18205.65,50,1211150
20221102,12:19:35,18205.60,50,1211150
20221102,12:19:36,18205.70,100,1211150
20221102,12:19:37,18205.65,100,1211150
20221102,12:19:39,18205.75,100,1211150
20221102,12:19:41,18205.70,250,1211150
20221102,12:19:42,18205.70,100,1211150
20221102,12:19:44,18205.55,50,1211150
20221102,12:19:45,18205.50,100,1211150
20221102,12:19:51,18205.55,50,1211150
20221102,12:20:03,18205.00,100,1211150
20221102,12:20:06,18205.00,50,1211150
20221102,12:20:09,18207.65,500,1211150
20221102,12:20:17,18204.80,50,1211150
20221102,12:20:30,18205.05,50,1211150
20221102,12:20:31,18205.05,50,1211150
20221102,12:20:32,18204.70,50,1211150
20221102,12:20:33,18204.70,50,1211150
20221102,12:20:34,18207.75,50,1211150
20221102,12:20:36,18204.80,100,1211150
20221102,12:20:45,18205.80,50,1211150
20221102,12:20:52,18208.00,50,1211150
20221102,12:20:56,18208.00,50,1211150
20221102,12:21:00,18207.60,100,1211150
20221102,12:21:01,18208.35,100,1211150
20221102,12:21:11,18209.80,50,1212200
20221102,12:21:15,18208.70,50,1212200
20221102,12:22:00,18214.45,50,1212200
20221102,12:22:03,18214.95,100,1212200
20221102,12:22:10,18214.50,50,1212200
20221102,12:22:15,18215.45,100,1212200
20221102,12:22:20,18214.95,50,1212200
20221102,12:22:21,18214.95,250,1212200
20221102,12:22:23,18214.95,200,1212200
20221102,12:22:30,18215.00,50,1212200
20221102,12:22:35,18213.05,400,1212200
20221102,12:22:42,18214.00,50,1212200
20221102,12:22:45,18211.00,50,1212200
20221102,12:22:51,18211.30,100,1212200
20221102,12:22:58,18215.00,1200,1212200
20221102,12:23:14,18212.00,50,1212200
20221102,12:24:05,18212.35,400,1211850
20221102,12:24:20,18213.00,50,1211850
20221102,12:24:28,18214.00,50,1211850
20221102,12:24:44,18215.40,100,1211850
20221102,12:24:54,18214.55,50,1211850
20221102,12:25:10,18214.10,50,1211850
20221102,12:25:27,18214.70,50,1211850
20221102,12:25:28,18215.35,250,1211850
20221102,12:25:41,18215.20,50,1211850
20221102,12:25:42,18215.40,100,1211850
20221102,12:25:44,18216.00,250,1211850
20221102,12:25:47,18216.45,50,1211850
20221102,12:25:51,18216.15,150,1211850
20221102,12:25:54,18215.95,50,1211850
20221102,12:25:59,18216.20,50,1211850
20221102,12:25:59,18216.45,150,1211850
20221102,12:26:01,18216.15,50,1211850
20221102,12:26:13,18215.90,50,1211850
20221102,12:26:21,18216.15,500,1211850
20221102,12:26:26,18216.00,100,1211850
20221102,12:26:27,18216.10,150,1211850
20221102,12:26:28,18216.15,50,1211850
20221102,12:26:38,18216.40,50,1211850
20221102,12:26:40,18215.90,50,1211850
20221102,12:26:50,18215.35,50,1211850
20221102,12:26:59,18215.00,50,1211850
20221102,12:27:00,18215.35,200,1211850
20221102,12:27:03,18214.85,50,1211850
20221102,12:27:14,18214.95,50,1211450
20221102,12:27:21,18214.70,50,1211450
20221102,12:27:27,18214.90,50,1211450
20221102,12:28:01,18214.00,150,1211450
20221102,12:28:02,18212.00,50,1211450
20221102,12:28:13,18215.25,50,1211450
20221102,12:28:17,18215.25,50,1211450
20221102,12:28:54,18212.00,100,1211450
20221102,12:29:00,18213.45,50,1211450
20221102,12:29:01,18212.30,50,1211450
20221102,12:29:08,18213.15,50,1211450
20221102,12:29:15,18211.00,300,1211450
20221102,12:29:18,18211.00,50,1211450
20221102,12:29:27,18210.00,50,1211450
20221102,12:29:33,18211.85,50,1211450
20221102,12:29:42,18211.00,200,1211450
20221102,12:29:46,18211.85,50,1211450
20221102,12:29:49,18211.80,50,1211450
20221102,12:29:58,18211.80,150,1211450
20221102,12:30:09,18211.00,150,1211350
20221102,12:30:10,18211.00,50,1211350
20221102,12:30:15,18211.40,50,1211350
20221102,12:30:19,18212.80,50,1211350
20221102,12:30:25,18210.00,50,1211350
20221102,12:30:26,18212.75,50,1211350
20221102,12:30:37,18212.75,150,1211350
20221102,12:30:41,18210.00,50,1211350
20221102,12:31:01,18208.00,200,1211350
20221102,12:31:01,18208.00,150,1211350
20221102,12:31:09,18208.60,250,1211350
20221102,12:31:31,18205.80,50,1211350
20221102,12:31:37,18205.40,50,1211350
20221102,12:31:47,18205.80,50,1211350
20221102,12:31:54,18205.80,50,1211350
20221102,12:31:59,18205.15,50,1211350
20221102,12:32:04,18205.80,100,1211350
20221102,12:32:06,18205.80,100,1211350
20221102,12:32:11,18207.95,50,1211350
20221102,12:32:29,18207.95,50,1211350
20221102,12:33:10,18205.00,150,1211050
20221102,12:33:30,18205.00,50,1211050
20221102,12:33:41,18205.00,50,1211050
20221102,12:34:02,18205.30,50,1211050
20221102,12:34:27,18207.35,50,1211050
20221102,12:34:43,18207.00,50,1211050
20221102,12:34:51,18207.00,50,1211050
20221102,12:34:55,18207.85,50,1211050
20221102,12:35:31,18209.90,50,1211050
20221102,12:35:37,18208.70,50,1211050
20221102,12:35:38,18207.85,50,1211050
20221102,12:35:51,18208.00,50,1211050
20221102,12:36:26,18208.00,50,1211100
20221102,12:36:27,18211.10,50,1211100
20221102,12:36:32,18207.85,50,1211100
20221102,12:36:39,18210.00,50,1211100
20221102,12:37:05,18211.25,50,1211100
20221102,12:37:15,18209.20,50,1211100
20221102,12:37:27,18210.50,50,1211100
20221102,12:37:31,18210.15,150,1211100
20221102,12:37:55,18210.00,50,1211100
20221102,12:37:58,18211.00,50,1211100
20221102,12:38:06,18210.00,50,1211100
20221102,12:38:07,18210.00,50,1211100
20221102,12:38:16,18210.00,100,1211100
20221102,12:38:25,18209.65,50,1211100
20221102,12:38:47,18207.00,50,1211100
20221102,12:38:48,18207.90,50,1211100
20221102,12:39:00,18207.00,50,1211100
20221102,12:39:06,18206.70,100,1211100
20221102,12:39:11,18207.90,50,1211150
20221102,12:39:22,18207.90,50,1211150
20221102,12:39:26,18208.70,50,1211150
20221102,12:39:33,18208.90,50,1211150
20221102,12:39:35,18211.00,100,1211150
20221102,12:39:37,18210.40,50,1211150
20221102,12:40:01,18212.20,500,1211150
20221102,12:40:31,18213.65,200,1211150
20221102,12:40:50,18215.50,200,1211150
20221102,12:41:10,18211.40,50,1211150
20221102,12:41:49,18211.85,50,1211150
20221102,12:41:58,18210.00,50,1211150
20221102,12:42:15,18209.15,150,1211450
20221102,12:42:18,18212.10,100,1211450
20221102,12:42:22,18209.15,50,1211450
20221102,12:42:32,18210.35,150,1211450
20221102,12:42:33,18210.30,50,1211450
20221102,12:42:34,18209.55,100,1211450
20221102,12:42:35,18209.70,100,1211450
20221102,12:42:36,18209.60,50,1211450
20221102,12:42:39,18209.65,50,1211450
20221102,12:42:52,18211.15,100,1211450
20221102,12:43:08,18209.60,50,1211450
20221102,12:43:44,18209.00,150,1211450
20221102,12:43:49,18205.35,50,1211450
20221102,12:43:55,18206.05,150,1211450
20221102,12:43:57,18205.65,100,1211450
20221102,12:43:58,18206.25,100,1211450
20221102,12:44:12,18206.85,150,1211450
20221102,12:44:13,18206.90,150,1211450
20221102,12:44:15,18206.15,150,1211450
20221102,12:44:23,18206.10,200,1211450
20221102,12:44:29,18205.20,50,1211450
20221102,12:44:30,18205.20,150,1211450
20221102,12:44:31,18205.20,100,1211450
20221102,12:44:33,18206.20,150,1211450
20221102,12:44:34,18205.20,350,1211450
20221102,12:44:45,18205.00,50,1211450
20221102,12:44:46,18205.00,100,1211450
20221102,12:44:49,18204.65,50,1211450
20221102,12:44:51,18204.65,50,1211450
20221102,12:44:54,18204.65,50,1211450
20221102,12:44:55,18204.65,50,1211450
20221102,12:44:57,18204.65,50,1211450
20221102,12:45:00,18204.65,50,1211450
20221102,12:45:02,18203.00,2050,1211450
20221102,12:45:10,18202.40,50,1212700
20221102,12:45:11,18202.40,100,1212700
20221102,12:45:22,18203.00,150,1212700
20221102,12:45:30,18202.00,150,1212700
20221102,12:45:31,18201.50,50,1212700
20221102,12:45:32,18200.15,150,1212700
20221102,12:45:35,18200.15,150,1212700
20221102,12:45:36,18200.15,200,1212700
20221102,12:45:37,18200.95,50,1212700
20221102,12:45:40,18200.65,50,1212700
20221102,12:46:05,18201.00,50,1212700
20221102,12:46:07,18201.20,50,1212700
20221102,12:46:08,18201.70,50,1212700
20221102,12:46:18,18200.85,50,1212700
20221102,12:46:21,18202.30,50,1212700
20221102,12:46:39,18200.10,50,1212700
20221102,12:46:42,18200.10,200,1212700
20221102,12:46:58,18200.10,50,1212700
20221102,12:47:06,18200.10,200,1212700
20221102,12:47:28,18200.75,100,1212700
20221102,12:47:30,18200.75,50,1212700
20221102,12:47:31,18203.00,450,1212700
20221102,12:47:41,18200.10,100,1212700
20221102,12:48:07,18200.10,200,1212700
20221102,12:48:11,18200.15,100,1213000
20221102,12:48:17,18202.00,50,1213000
20221102,12:48:18,18201.85,50,1213000
20221102,12:48:26,18201.95,50,1213000
20221102,12:48:27,18201.00,50,1213000
20221102,12:48:29,18202.00,50,1213000
20221102,12:48:54,18201.00,100,1213000
20221102,12:49:02,18201.00,50,1213000
20221102,12:49:18,18200.10,100,1213000
20221102,12:49:19,18200.00,2150,1213000
20221102,12:49:20,18200.00,350,1213000
20221102,12:49:21,18200.00,200,1213000
20221102,12:49:25,18198.00,950,1213000
20221102,12:49:30,18197.00,50,1213000
20221102,12:49:31,18197.00,50,1213000
20221102,12:49:34,18193.00,1000,1213000
20221102,12:49:38,18193.00,50,1213000
20221102,12:49:39,18196.35,50,1213000
20221102,12:49:42,18193.95,100,1213000
20221102,12:49:43,18194.00,100,1213000
20221102,12:49:44,18194.10,50,1213000
20221102,12:49:45,18193.40,50,1213000
20221102,12:49:46,18193.40,100,1213000
20221102,12:49:47,18193.35,100,1213000
20221102,12:49:48,18193.40,100,1213000
20221102,12:49:50,18193.90,250,1213000
20221102,12:49:57,18198.15,500,1213000
20221102,12:50:13,18195.35,200,1213000
20221102,12:50:15,18197.80,50,1213000
20221102,12:50:33,18197.00,100,1213000
20221102,12:51:04,18192.75,50,1213000
20221102,12:51:08,18192.00,250,1213000
20221102,12:51:10,18190.10,50,1213000
20221102,12:51:14,18190.10,50,1213650
20221102,12:51:18,18193.45,50,1213650
20221102,12:51:41,18190.40,100,1213650
20221102,12:51:43,18190.80,100,1213650
20221102,12:51:44,18190.50,100,1213650
20221102,12:51:45,18190.90,50,1213650
20221102,12:51:51,18190.45,50,1213650
20221102,12:51:57,18190.45,50,1213650
20221102,12:51:59,18190.85,50,1213650
20221102,12:52:05,18192.15,200,1213650
20221102,12:52:15,18193.00,50,1213650
20221102,12:52:20,18191.15,50,1213650
20221102,12:52:21,18193.00,50,1213650
20221102,12:52:30,18193.00,50,1213650
20221102,12:52:37,18192.00,50,1213650
20221102,12:52:44,18194.05,100,1213650
20221102,12:53:13,18194.40,50,1213650
20221102,12:53:17,18194.40,50,1213650
20221102,12:53:19,18195.80,50,1213650
20221102,12:53:36,18195.00,50,1213650
20221102,12:53:49,18195.00,50,1213650
20221102,12:54:00,18194.00,50,1213650
20221102,12:54:10,18195.00,50,1213650
20221102,12:54:32,18195.35,50,1213700
20221102,12:54:47,18195.20,50,1213700
20221102,12:54:52,18195.80,50,1213700
20221102,12:54:57,18195.00,100,1213700
20221102,12:54:59,18195.00,100,1213700
20221102,12:55:01,18193.05,50,1213700
20221102,12:55:07,18192.15,50,1213700
20221102,12:55:17,18195.65,50,1213700
20221102,12:55:27,18197.75,100,1213700
20221102,12:55:41,18198.00,50,1213700
20221102,12:55:54,18195.80,50,1213700
20221102,12:55:57,18195.00,100,1213700
20221102,12:56:02,18193.10,100,1213700
20221102,12:56:09,18196.35,50,1213700
20221102,12:56:15,18197.55,100,1213700
20221102,12:56:29,18197.60,50,1213700
20221102,12:56:51,18195.00,200,1213700
20221102,12:56:56,18195.00,50,1213700
20221102,12:56:57,18197.75,50,1213700
20221102,12:57:03,18197.95,50,1213700
20221102,12:57:04,18198.00,50,1213700
20221102,12:57:05,18198.00,50,1213700
20221102,12:57:08,18198.00,50,1213700
20221102,12:57:09,18198.00,100,1213700
20221102,12:57:14,18197.45,50,1213800
20221102,12:57:20,18197.45,50,1213800
20221102,12:57:21,18197.30,100,1213800
20221102,12:57:39,18197.25,100,1213800
20221102,12:58:09,18197.00,50,1213800
20221102,12:58:13,18197.65,100,1213800
20221102,12:58:59,18197.00,50,1213800
20221102,12:59:01,18195.25,50,1213800
20221102,12:59:08,18192.80,100,1213800
20221102,12:59:10,18194.65,150,1213800
20221102,12:59:11,18194.95,50,1213800
20221102,12:59:18,18192.50,50,1213800
20221102,12:59:26,18193.70,150,1213800
20221102,12:59:27,18193.35,50,1213800
20221102,12:59:28,18194.00,50,1213800
20221102,12:59:33,18190.65,200,1213800
20221102,12:59:34,18190.25,100,1213800
20221102,12:59:36,18190.00,50,1213800
20221102,12:59:41,18190.00,50,1213800
20221102,12:59:42,18190.00,150,1213800
20221102,12:59:45,18190.00,50,1213800
20221102,12:59:50,18190.00,50,1213800
20221102,12:59:57,18190.00,50,1213800
20221102,13:00:01,18190.00,50,1213800
20221102,13:00:03,18190.00,300,1213800
20221102,13:00:04,18189.00,200,1213800
20221102,13:00:05,18188.00,100,1213800
20221102,13:00:06,18187.30,50,1213800
20221102,13:00:07,18187.30,50,1213800
20221102,13:00:09,18185.05,200,1213800
20221102,13:00:14,18185.00,350,1213750
20221102,13:00:16,18184.45,50,1213750
20221102,13:00:17,18182.05,100,1213750
20221102,13:00:22,18182.05,50,1213750
20221102,13:00:27,18183.15,50,1213750
20221102,13:00:31,18185.00,50,1213750
20221102,13:00:34,18182.85,50,1213750
20221102,13:00:38,18182.50,50,1213750
20221102,13:00:44,18185.95,50,1213750
20221102,13:00:47,18182.65,50,1213750
20221102,13:00:55,18186.80,50,1213750
20221102,13:01:00,18186.85,50,1213750
20221102,13:01:10,18183.30,50,1213750
20221102,13:01:23,18185.10,50,1213750
20221102,13:01:30,18187.85,500,1213750
20221102,13:01:31,18185.20,100,1213750
20221102,13:01:38,18187.00,50,1213750
20221102,13:01:44,18186.45,100,1213750
20221102,13:01:51,18186.00,50,1213750
20221102,13:01:52,18185.20,50,1213750
20221102,13:01:55,18185.20,50,1213750
20221102,13:01:59,18185.20,50,1213750
20221102,13:02:03,18185.10,50,1213750
20221102,13:02:09,18185.10,50,1213750
20221102,13:02:16,18185.25,50,1213750
20221102,13:02:21,18186.55,50,1213750
20221102,13:02:22,18186.30,50,1213750
20221102,13:02:30,18185.80,50,1213750
20221102,13:02:34,18189.70,500,1213750
20221102,13:02:37,18186.65,50,1213750
20221102,13:02:44,18187.80,50,1213750
20221102,13:02:47,18187.80,50,1213750
20221102,13:02:48,18190.00,150,1213750
20221102,13:02:50,18188.00,50,1213750
20221102,13:02:57,18187.45,50,1213750
20221102,13:03:02,18187.90,50,1213750
20221102,13:03:07,18188.05,50,1213750
20221102,13:03:11,18190.20,50,1213750
20221102,13:03:13,18190.00,50,1213750
20221102,13:03:19,18190.00,100,1213750
20221102,13:03:23,18190.00,50,1213750
20221102,13:03:28,18188.75,350,1213750
20221102,13:03:29,18190.00,100,1213750
20221102,13:03:48,18192.00,150,1213750
20221102,13:03:52,18194.95,50,1213750
20221102,13:03:58,18193.00,50,1213750
20221102,13:04:13,18195.20,50,1213750
20221102,13:04:14,18194.40,250,1213750
20221102,13:04:15,18195.00,100,1213750
20221102,13:04:17,18194.95,50,1213750
20221102,13:04:17,18194.35,50,1213750
20221102,13:04:19,18194.20,100,1213750
20221102,13:04:24,18192.20,50,1213750
20221102,13:04:46,18194.70,100,1213750
20221102,13:04:48,18194.75,50,1213750
20221102,13:04:49,18195.90,100,1213750
20221102,13:04:50,18196.00,50,1213750
20221102,13:04:56,18197.00,50,1213750
20221102,13:04:57,18198.00,50,1213750
20221102,13:05:04,18197.95,50,1213750
20221102,13:05:11,18195.00,100,1213750
20221102,13:05:14,18197.05,50,1213750
20221102,13:05:20,18197.60,50,1213750
20221102,13:05:24,18197.50,100,1213750
20221102,13:05:25,18198.00,100,1213750
20221102,13:05:29,18197.95,50,1213750
20221102,13:05:32,18197.45,100,1213750
20221102,13:05:33,18197.45,100,1213750
20221102,13:05:57,18198.00,50,1213750
20221102,13:05:59,18196.15,50,1213750
20221102,13:06:00,18198.00,50,1213750
20221102,13:06:03,18200.00,50,1213750
20221102,13:06:08,18200.00,50,1213750
20221102,13:06:10,18199.85,200,1213750
20221102,13:06:14,18198.00,50,1214300
20221102,13:06:17,18198.40,50,1214300
20221102,13:06:19,18197.50,50,1214300
20221102,13:06:20,18195.70,200,1214300
20221102,13:06:22,18195.00,50,1214300
20221102,13:06:26,18195.20,50,1214300
20221102,13:06:28,18195.40,100,1214300
20221102,13:06:32,18195.10,150,1214300
20221102,13:06:35,18195.75,50,1214300
20221102,13:06:51,18198.60,50,1214300
20221102,13:06:57,18198.60,50,1214300
20221102,13:07:06,18197.60,50,1214300
20221102,13:07:11,18200.65,50,1214300
20221102,13:07:31,18201.40,50,1214300
20221102,13:07:32,18201.35,50,1214300
20221102,13:07:37,18201.65,50,1214300
20221102,13:07:43,18202.25,50,1214300
20221102,13:07:57,18204.80,50,1214300
20221102,13:07:58,18203.00,50,1214300
20221102,13:08:03,18204.70,250,1214300
20221102,13:08:04,18204.60,50,1214300
20221102,13:08:06,18203.00,50,1214300
20221102,13:08:17,18203.00,50,1214300
20221102,13:08:46,18204.65,50,1214300
20221102,13:08:56,18203.00,50,1214300
20221102,13:09:00,18202.25,50,1214300
20221102,13:09:01,18203.45,50,1214300
20221102,13:09:02,18202.25,50,1214300
20221102,13:09:48,18202.25,50,1215250
20221102,13:09:50,18203.00,50,1215250
20221102,13:09:58,18202.25,50,1215250
20221102,13:10:12,18203.80,50,1215250
20221102,13:10:21,18203.65,50,1215250
20221102,13:10:43,18205.90,350,1215250
20221102,13:10:45,18203.65,50,1215250
20221102,13:10:47,18203.00,50,1215250
20221102,13:10:48,18203.00,50,1215250
20221102,13:10:49,18202.45,50,1215250
20221102,13:10:51,18204.50,50,1215250
20221102,13:11:00,18202.25,50,1215250
20221102,13:11:03,18200.85,50,1215250
20221102,13:11:15,18200.00,50,1215250
20221102,13:11:18,18200.65,50,1215250
20221102,13:11:35,18197.00,50,1215250
20221102,13:11:36,18198.70,50,1215250
20221102,13:11:45,18197.00,50,1215250
20221102,13:11:46,18196.45,100,1215250
20221102,13:11:47,18194.90,100,1215250
20221102,13:11:54,18198.90,50,1215250
20221102,13:12:05,18198.90,50,1215250
20221102,13:12:09,18199.25,50,1215250
20221102,13:12:15,18199.25,50,1215250
20221102,13:12:25,18200.00,650,1215750
20221102,13:12:33,18201.70,50,1215750
20221102,13:13:24,18200.00,50,1215750
20221102,13:14:11,18202.00,100,1215750
20221102,13:14:33,18200.45,50,1215750
20221102,13:14:35,18202.00,50,1215750
20221102,13:14:38,18202.00,50,1215750
20221102,13:14:44,18206.00,150,1215750
20221102,13:15:28,18209.60,900,1215900
20221102,13:15:41,18207.30,50,1215900
20221102,13:16:15,18209.55,50,1215900
20221102,13:16:16,18209.00,50,1215900
20221102,13:16:20,18210.00,100,1215900
20221102,13:16:29,18215.25,100,1215900
20221102,13:16:30,18214.00,100,1215900
20221102,13:16:33,18215.15,100,1215900
20221102,13:16:44,18215.15,50,1215900
20221102,13:16:52,18217.00,500,1215900
20221102,13:16:55,18215.15,100,1215900
20221102,13:17:00,18215.15,50,1215900
20221102,13:17:14,18217.25,500,1215900
20221102,13:17:17,18213.55,100,1215900
20221102,13:17:19,18215.00,50,1215900
20221102,13:17:21,18217.85,50,1215900
20221102,13:17:31,18217.00,50,1215900
20221102,13:17:36,18219.20,300,1215900
20221102,13:17:39,18219.90,100,1215900
20221102,13:17:40,18220.00,250,1215900
20221102,13:18:00,18219.00,50,1215900
20221102,13:18:04,18220.75,50,1215900
20221102,13:18:11,18222.00,100,1215900
20221102,13:18:16,18218.10,250,1215850
20221102,13:18:17,18220.80,50,1215850
20221102,13:18:18,18218.00,50,1215850
20221102,13:18:22,18217.75,150,1215850
20221102,13:18:25,18216.85,50,1215850
20221102,13:18:26,18218.00,50,1215850
20221102,13:18:44,18218.25,100,1215850
20221102,13:18:55,18217.25,50,1215850
20221102,13:19:05,18218.80,500,1215850
20221102,13:19:08,18219.40,50,1215850
20221102,13:19:28,18220.40,50,1215850
20221102,13:19:30,18218.20,50,1215850
20221102,13:19:36,18216.80,50,1215850
20221102,13:19:39,18219.40,50,1215850
20221102,13:19:45,18218.20,50,1215850
20221102,13:20:03,18218.80,150,1215850
20221102,13:20:07,18218.85,50,1215850
20221102,13:20:09,18218.90,150,1215850
20221102,13:20:17,18219.15,50,1215850
20221102,13:20:18,18220.05,450,1215850
20221102,13:20:19,18220.00,100,1215850
20221102,13:20:22,18219.55,100,1215850
20221102,13:20:24,18220.95,150,1215850
20221102,13:20:25,18220.90,150,1215850
20221102,13:20:26,18221.95,250,1215850
20221102,13:20:27,18222.00,300,1215850
20221102,13:20:28,18222.65,150,1215850
20221102,13:20:31,18223.40,50,1215850
20221102,13:20:33,18221.30,100,1215850
20221102,13:20:35,18221.90,100,1215850
20221102,13:20:37,18222.30,50,1215850
20221102,13:20:41,18221.70,50,1215850
20221102,13:20:43,18223.20,100,1215850
20221102,13:20:49,18224.30,100,1215850
20221102,13:20:56,18224.00,150,1215850
20221102,13:20:59,18223.65,50,1215850
20221102,13:21:08,18223.50,100,1215850
20221102,13:21:20,18220.85,150,1217700
20221102,13:21:21,18220.85,100,1217700
20221102,13:21:28,18220.70,50,1217700
20221102,13:21:29,18219.00,50,1217700
20221102,13:21:30,18216.80,50,1217700
20221102,13:21:33,18218.95,100,1217700
20221102,13:21:34,18219.00,200,1217700
20221102,13:21:43,18219.00,100,1217700
20221102,13:21:44,18216.15,50,1217700
20221102,13:22:06,18216.15,50,1217700
20221102,13:22:07,18219.00,200,1217700
20221102,13:22:37,18215.05,50,1217700
20221102,13:22:48,18217.70,50,1217700
20221102,13:23:12,18218.05,50,1217700
20221102,13:23:36,18216.15,50,1217700
20221102,13:23:37,18217.00,50,1217700
20221102,13:23:56,18221.65,100,1217700
20221102,13:24:04,18221.45,50,1217700
20221102,13:24:06,18218.45,100,1217700
20221102,13:24:17,18218.95,50,1217550
20221102,13:24:24,18218.40,100,1217550
20221102,13:24:29,18217.50,50,1217550
20221102,13:24:37,18218.10,50,1217550
20221102,13:24:47,18215.55,50,1217550
20221102,13:25:15,18214.50,100,1217550
20221102,13:25:26,18216.90,50,1217550
20221102,13:25:32,18214.15,100,1217550
20221102,13:25:33,18214.15,50,1217550
20221102,13:25:49,18215.00,50,1217550
20221102,13:26:02,18214.35,50,1217550
20221102,13:26:04,18215.10,50,1217550
20221102,13:26:29,18212.00,100,1217550
20221102,13:26:30,18212.10,50,1217550
20221102,13:26:34,18214.85,50,1217550
20221102,13:27:43,18214.40,100,1217750
20221102,13:27:47,18213.90,50,1217750
20221102,13:27:49,18211.50,100,1217750
20221102,13:28:08,18211.50,50,1217750
20221102,13:28:23,18212.30,50,1217750
20221102,13:28:38,18215.00,50,1217750
20221102,13:29:17,18215.00,50,1217750
20221102,13:29:30,18217.00,50,1217750
20221102,13:29:35,18217.00,50,1217750
20221102,13:29:45,18216.45,50,1217750
20221102,13:29:58,18215.80,650,1217750
20221102,13:30:06,18217.40,50,1217750
20221102,13:30:24,18212.85,250,1217600
20221102,13:30:32,18214.50,100,1217600
20221102,13:30:33,18214.40,150,1217600
20221102,13:31:45,18215.00,100,1217600
20221102,13:32:13,18214.60,50,1217600
20221102,13:32:14,18213.00,50,1217600
20221102,13:32:30,18213.00,100,1217600
20221102,13:33:06,18215.80,50,1217600
20221102,13:33:16,18212.95,100,1217600
20221102,13:33:48,18210.60,50,1217550
20221102,13:33:54,18214.65,50,1217550
20221102,13:33:56,18211.35,50,1217550
20221102,13:34:09,18213.05,50,1217550
20221102,13:34:17,18212.70,50,1217550
20221102,13:34:19,18210.05,50,1217550
20221102,13:34:35,18209.00,50,1217550
20221102,13:35:18,18206.80,50,1217550
20221102,13:35:19,18203.25,50,1217550
20221102,13:35:21,18204.20,400,1217550
20221102,13:35:32,18203.95,50,1217550
20221102,13:35:37,18203.35,50,1217550
20221102,13:35:43,18203.50,50,1217550
20221102,13:35:44,18201.60,200,1217550
20221102,13:35:55,18200.00,50,1217550
20221102,13:36:00,18200.00,50,1217550
20221102,13:36:05,18199.35,100,1217550
20221102,13:36:07,18200.00,50,1217550
20221102,13:36:08,18198.05,50,1217550
20221102,13:36:35,18195.15,50,1217150
20221102,13:36:38,18195.05,50,1217150
20221102,13:36:43,18195.60,50,1217150
20221102,13:36:55,18196.10,50,1217150
20221102,13:36:59,18195.20,50,1217150
20221102,13:37:10,18194.70,250,1217150
20221102,13:37:19,18195.50,50,1217150
20221102,13:37:29,18197.15,50,1217150
20221102,13:37:40,18197.85,50,1217150
20221102,13:37:50,18196.30,50,1217150
20221102,13:37:53,18195.80,50,1217150
20221102,13:38:08,18198.35,400,1217150
20221102,13:38:38,18199.00,100,1217150
20221102,13:38:45,18198.80,50,1217150
20221102,13:38:48,18198.35,50,1217150
20221102,13:39:03,18195.15,50,1217150
20221102,13:39:09,18195.15,50,1217150
20221102,13:39:13,18195.00,50,1217150
20221102,13:39:14,18196.35,50,1217150
20221102,13:39:21,18195.00,50,1217700
20221102,13:39:29,18194.60,50,1217700
20221102,13:39:31,18192.45,50,1217700
20221102,13:39:38,18193.00,100,1217700
20221102,13:39:43,18193.00,50,1217700
20221102,13:39:45,18192.25,50,1217700
20221102,13:39:53,18193.00,200,1217700
20221102,13:39:58,18194.40,50,1217700
20221102,13:40:25,18194.40,150,1217700
20221102,13:40:31,18193.90,50,1217700
20221102,13:40:39,18198.10,50,1217700
20221102,13:41:04,18198.00,50,1217700
20221102,13:41:14,18198.75,100,1217700
20221102,13:41:23,18198.65,50,1217700
20221102,13:41:24,18201.90,50,1217700
20221102,13:41:27,18197.55,100,1217700
20221102,13:41:42,18200.00,50,1217700
20221102,13:41:46,18199.25,50,1217700
20221102,13:41:55,18199.90,50,1217700
20221102,13:42:05,18196.15,50,1217700
20221102,13:42:14,18196.15,50,1217700
20221102,13:42:33,18198.60,50,1218100
20221102,13:42:39,18197.00,50,1218100
20221102,13:42:40,18196.15,50,1218100
20221102,13:42:52,18195.00,200,1218100
20221102,13:42:55,18193.35,100,1218100
20221102,13:42:56,18196.25,50,1218100
20221102,13:43:20,18195.00,50,1218100
20221102,13:43:22,18196.60,50,1218100
20221102,13:43:25,18196.35,100,1218100
20221102,13:43:54,18195.00,50,1218100
20221102,13:44:04,18193.00,50,1218100
20221102,13:44:12,18193.00,100,1218100
20221102,13:44:14,18192.60,150,1218100
20221102,13:44:15,18192.50,50,1218100
20221102,13:44:29,18193.00,50,1218100
20221102,13:44:37,18190.00,100,1218100
20221102,13:44:51,18190.00,300,1218100
20221102,13:44:56,18190.00,150,1218100
20221102,13:44:57,18190.00,100,1218100
20221102,13:44:59,18190.45,100,1218100
20221102,13:45:02,18190.00,350,1218100
20221102,13:45:10,18189.20,50,1218100
20221102,13:45:11,18190.40,500,1218100
20221102,13:45:25,18188.50,50,1218100
20221102,13:45:33,18189.85,50,1217950
20221102,13:45:43,18191.00,150,1217950
20221102,13:45:55,18190.40,50,1217950
20221102,13:45:57,18193.45,50,1217950
20221102,13:45:58,18193.50,50,1217950
20221102,13:46:11,18195.00,150,1217950
20221102,13:46:23,18195.00,50,1217950
20221102,13:46:27,18199.25,300,1217950
20221102,13:46:29,18199.80,300,1217950
20221102,13:46:35,18200.00,150,1217950
20221102,13:46:36,18197.85,50,1217950
20221102,13:46:55,18197.60,50,1217950
20221102,13:47:10,18197.85,100,1217950
20221102,13:47:14,18199.35,50,1217950
20221102,13:47:15,18199.45,100,1217950
20221102,13:47:25,18199.35,50,1217950
20221102,13:47:41,18201.00,50,1217950
20221102,13:47:45,18200.00,50,1217950
20221102,13:48:04,18200.00,50,1217950
20221102,13:48:31,18200.00,50,1218100
20221102,13:49:35,18203.60,150,1218100
20221102,13:49:36,18205.00,50,1218100
20221102,13:49:39,18206.00,50,1218100
20221102,13:49:42,18205.05,50,1218100
20221102,13:50:02,18204.55,50,1218100
20221102,13:50:20,18205.70,50,1218100
20221102,13:50:21,18206.10,1100,1218100
20221102,13:50:28,18205.65,50,1218100
20221102,13:50:42,18206.00,50,1218100
20221102,13:50:44,18209.00,50,1218100
20221102,13:51:28,18209.00,100,1218900
20221102,13:51:46,18209.00,50,1218900
20221102,13:51:48,18209.85,250,1218900
20221102,13:52:03,18209.85,50,1218900
20221102,13:52:04,18208.10,50,1218900
20221102,13:52:13,18203.05,100,1218900
20221102,13:52:31,18202.15,50,1218900
20221102,13:53:10,18203.95,50,1218900
20221102,13:53:16,18202.15,50,1218900
20221102,13:53:28,18205.25,250,1218900
20221102,13:54:01,18200.80,50,1218900
20221102,13:54:03,18204.30,50,1218900
20221102,13:54:34,18200.45,50,1219400
20221102,13:54:45,18200.00,50,1219400
20221102,13:55:06,18200.00,150,1219400
20221102,13:55:08,18197.60,50,1219400
20221102,13:55:17,18198.65,100,1219400
20221102,13:55:23,18200.45,50,1219400
20221102,13:55:42,18204.25,50,1219400
20221102,13:55:45,18204.25,50,1219400
20221102,13:56:20,18201.70,50,1219400
20221102,13:56:38,18204.00,50,1219400
20221102,13:56:40,18204.00,50,1219400
20221102,13:56:41,18204.00,50,1219400
20221102,13:56:48,18204.00,150,1219400
20221102,13:57:02,18203.65,50,1219400
20221102,13:57:04,18202.80,100,1219400
20221102,13:57:11,18202.00,50,1219400
20221102,13:57:16,18202.00,100,1219400
20221102,13:57:22,18201.65,50,1219400
20221102,13:57:23,18201.25,50,1219400
20221102,13:57:28,18200.55,50,1219400
20221102,13:57:31,18204.35,600,1219400
20221102,13:57:33,18201.40,100,1219400
20221102,13:57:40,18202.10,50,1219400
20221102,13:57:47,18201.70,50,1219400
20221102,13:57:49,18204.35,50,1219400
20221102,13:58:20,18200.50,50,1219400
20221102,13:58:24,18200.05,50,1219400
20221102,13:58:36,18200.00,50,1219400
20221102,13:58:45,18197.05,50,1219400
20221102,13:59:05,18199.85,50,1219400
20221102,13:59:10,18199.85,550,1219400
20221102,13:59:11,18197.00,50,1219400
20221102,13:59:26,18198.95,50,1219400
20221102,13:59:48,18196.70,600,1219400
20221102,14:00:04,18195.00,100,1219400
20221102,14:00:06,18193.50,50,1219400
20221102,14:00:08,18191.00,50,1219400
20221102,14:00:12,18190.35,50,1219400
20221102,14:00:36,18190.35,50,1219400
20221102,14:00:51,18190.35,650,1221000
20221102,14:00:53,18190.00,200,1221000
20221102,14:00:59,18188.35,50,1221000
20221102,14:01:05,18185.00,150,1221000
20221102,14:01:07,18184.45,400,1221000
20221102,14:01:09,18184.35,50,1221000
20221102,14:01:10,18184.00,150,1221000
20221102,14:01:24,18190.30,400,1221000
20221102,14:01:40,18189.80,250,1221000
20221102,14:01:51,18197.20,100,1221000
20221102,14:01:56,18195.40,100,1221000
20221102,14:02:13,18200.20,150,1221000
20221102,14:02:16,18201.10,50,1221000
20221102,14:02:19,18200.00,50,1221000
20221102,14:02:20,18201.85,50,1221000
20221102,14:02:22,18201.85,50,1221000
20221102,14:02:39,18199.00,50,1221000
20221102,14:02:47,18199.00,50,1221000
20221102,14:02:55,18201.00,50,1221000
20221102,14:03:02,18197.05,50,1221000
20221102,14:03:05,18198.70,50,1221000
20221102,14:03:10,18198.60,50,1221000
20221102,14:03:22,18198.60,50,1221000
20221102,14:03:23,18198.60,50,1221000
20221102,14:03:26,18200.35,50,1221000
20221102,14:03:32,18203.00,100,1221050
20221102,14:03:47,18201.50,50,1221050
20221102,14:03:49,18200.25,150,1221050
20221102,14:03:56,18201.05,50,1221050
20221102,14:04:01,18199.55,100,1221050
20221102,14:04:06,18198.25,50,1221050
20221102,14:04:17,18196.45,100,1221050
20221102,14:04:36,18192.35,50,1221050
20221102,14:04:47,18191.00,100,1221050
20221102,14:04:59,18190.00,50,1221050
20221102,14:05:00,18190.00,50,1221050
20221102,14:05:11,18190.00,100,1221050
20221102,14:05:22,18191.75,50,1221050
20221102,14:05:36,18191.75,50,1221050
20221102,14:05:41,18190.95,50,1221050
20221102,14:05:52,18190.00,200,1221050
20221102,14:05:53,18189.75,50,1221050
20221102,14:06:03,18188.00,50,1221050
20221102,14:06:09,18187.00,50,1221050
20221102,14:06:14,18190.00,50,1221050
20221102,14:06:15,18190.00,200,1221050
20221102,14:06:17,18188.25,100,1221050
20221102,14:06:19,18191.15,50,1221050
20221102,14:06:48,18191.20,50,1221700
20221102,14:06:52,18192.65,50,1221700
20221102,14:06:54,18192.80,100,1221700
20221102,14:07:04,18192.80,50,1221700
20221102,14:07:13,18192.55,150,1221700
20221102,14:07:15,18192.80,50,1221700
20221102,14:07:43,18190.00,50,1221700
20221102,14:07:49,18190.00,100,1221700
20221102,14:07:50,18189.70,50,1221700
20221102,14:07:59,18186.40,100,1221700
20221102,14:08:14,18189.40,50,1221700
20221102,14:08:21,18186.55,100,1221700
20221102,14:08:26,18187.10,50,1221700
20221102,14:08:27,18187.25,100,1221700
20221102,14:08:32,18188.30,50,1221700
20221102,14:08:36,18185.40,100,1221700
20221102,14:08:45,18188.30,100,1221700
20221102,14:08:46,18188.25,50,1221700
20221102,14:08:47,18188.35,50,1221700
20221102,14:08:55,18189.65,200,1221700
20221102,14:08:56,18189.65,50,1221700
20221102,14:09:10,18188.90,50,1221700
20221102,14:09:16,18189.65,200,1221700
20221102,14:09:34,18187.65,50,1221300
20221102,14:09:38,18187.65,100,1221300
20221102,14:09:41,18186.45,50,1221300
20221102,14:09:44,18187.80,50,1221300
20221102,14:09:48,18187.85,150,1221300
20221102,14:09:52,18188.70,50,1221300
20221102,14:09:55,18186.05,150,1221300
20221102,14:10:05,18185.00,50,1221300
20221102,14:10:16,18187.00,50,1221300
20221102,14:10:23,18186.50,500,1221300
20221102,14:10:24,18187.00,200,1221300
20221102,14:10:42,18191.75,50,1221300
20221102,14:10:53,18191.90,50,1221300
20221102,14:10:54,18190.00,50,1221300
20221102,14:10:55,18191.75,50,1221300
20221102,14:10:56,18191.85,50,1221300
20221102,14:11:07,18191.80,50,1221300
20221102,14:11:13,18191.00,250,1221300
20221102,14:11:21,18190.00,50,1221300
20221102,14:11:49,18190.00,200,1221300
20221102,14:12:09,18186.50,100,1221300
20221102,14:12:30,18183.25,150,1220700
20221102,14:12:31,18184.75,50,1220700
20221102,14:12:33,18185.35,50,1220700
20221102,14:12:37,18184.75,50,1220700
20221102,14:12:41,18183.20,50,1220700
20221102,14:12:52,18183.25,50,1220700
20221102,14:13:04,18183.50,500,1220700
20221102,14:13:04,18183.85,50,1220700
20221102,14:13:07,18184.30,50,1220700
20221102,14:13:14,18185.00,50,1220700
20221102,14:13:17,18186.00,100,1220700
20221102,14:13:40,18186.65,50,1220700
20221102,14:13:47,18188.25,200,1220700
20221102,14:13:48,18191.45,250,1220700
20221102,14:13:52,18189.10,50,1220700
20221102,14:13:59,18186.95,50,1220700
20221102,14:14:18,18185.00,50,1220700
20221102,14:14:19,18186.95,50,1220700
20221102,14:14:33,18183.50,50,1220700
20221102,14:14:46,18186.25,50,1220700
20221102,14:14:55,18185.00,50,1220700
20221102,14:14:58,18185.30,150,1220700
20221102,14:15:10,18189.45,100,1220700
20221102,14:15:17,18188.25,500,1220700
20221102,14:15:18,18190.85,50,1220700
20221102,14:15:23,18189.75,50,1220700
20221102,14:15:25,18192.35,50,1220700
20221102,14:15:36,18190.85,50,1219750
20221102,14:15:39,18190.85,150,1219750
20221102,14:16:01,18192.15,50,1219750
20221102,14:16:08,18190.85,50,1219750
20221102,14:16:20,18190.00,50,1219750
20221102,14:16:23,18190.00,50,1219750
20221102,14:16:41,18190.85,50,1219750
20221102,14:16:57,18192.90,50,1219750
20221102,14:17:07,18190.00,50,1219750
20221102,14:17:23,18188.00,50,1219750
20221102,14:17:40,18189.40,50,1219750
20221102,14:17:59,18191.80,250,1219750
20221102,14:18:16,18192.00,50,1219750
20221102,14:18:24,18189.80,100,1219750
20221102,14:18:34,18193.00,50,1219950
20221102,14:18:47,18195.00,100,1219950
20221102,14:18:52,18198.80,50,1219950
20221102,14:19:03,18195.05,100,1219950
20221102,14:19:10,18195.05,50,1219950
20221102,14:19:35,18194.30,50,1219950
20221102,14:19:37,18193.80,50,1219950
20221102,14:19:54,18193.80,50,1219950
20221102,14:20:05,18195.95,50,1219950
20221102,14:20:09,18197.05,50,1219950
20221102,14:20:10,18200.00,650,1219950
20221102,14:20:21,18202.00,200,1219950
20221102,14:20:27,18202.00,50,1219950
20221102,14:20:28,18202.00,50,1219950
20221102,14:20:29,18202.00,350,1219950
20221102,14:20:31,18202.00,550,1219950
20221102,14:20:34,18203.00,500,1219950
20221102,14:20:38,18203.95,150,1219950
20221102,14:20:44,18205.00,550,1219950
20221102,14:20:45,18205.00,150,1219950
20221102,14:20:46,18205.00,700,1219950
20221102,14:20:47,18203.00,500,1219950
20221102,14:20:48,18203.00,50,1219950
20221102,14:20:54,18203.00,50,1219950
20221102,14:20:58,18205.95,1850,1219950
20221102,14:21:09,18206.80,350,1219950
20221102,14:21:13,18206.80,600,1219950
20221102,14:21:14,18206.80,150,1219950
20221102,14:21:15,18206.80,50,1219950
20221102,14:21:16,18206.80,200,1219950
20221102,14:21:17,18206.80,250,1219950
20221102,14:21:18,18206.80,300,1219950
20221102,14:21:19,18206.80,250,1219950
20221102,14:21:20,18205.95,50,1219950
20221102,14:21:28,18203.75,50,1218500
20221102,14:21:30,18207.00,1850,1218500
20221102,14:21:31,18203.70,50,1218500
20221102,14:21:43,18204.00,50,1218500
20221102,14:21:44,18206.00,250,1218500
20221102,14:21:48,18206.70,450,1218500
20221102,14:22:12,18207.55,1600,1218500
20221102,14:22:15,18207.80,50,1218500
20221102,14:22:18,18207.55,250,1218500
20221102,14:22:20,18207.00,250,1218500
20221102,14:22:21,18206.50,400,1218500
20221102,14:22:23,18202.25,1000,1218500
20221102,14:22:29,18206.80,50,1218500
20221102,14:22:41,18206.70,100,1218500
20221102,14:22:44,18206.40,200,1218500
20221102,14:22:45,18206.40,100,1218500
20221102,14:22:47,18206.40,450,1218500
20221102,14:22:50,18206.40,100,1218500
20221102,14:22:51,18202.55,1400,1218500
20221102,14:22:52,18202.55,200,1218500
20221102,14:22:59,18204.65,50,1218500
20221102,14:23:03,18205.65,1800,1218500
20221102,14:23:09,18202.00,50,1218500
20221102,14:23:14,18197.90,50,1218500
20221102,14:23:15,18200.45,150,1218500
20221102,14:23:26,18195.65,50,1218500
20221102,14:23:30,18192.20,200,1218500
20221102,14:23:36,18195.45,100,1218500
20221102,14:23:47,18196.30,150,1218500
20221102,14:24:00,18197.60,250,1218500
20221102,14:24:11,18199.35,100,1218500
20221102,14:24:24,18199.35,50,1218500
20221102,14:24:39,18197.75,100,1217650
20221102,14:25:14,18196.00,150,1217650
20221102,14:25:43,18200.00,100,1217650
20221102,14:25:47,18196.65,50,1217650
20221102,14:26:09,18200.00,50,1217650
20221102,14:26:17,18204.60,100,1217650
20221102,14:26:25,18204.05,100,1217650
20221102,14:26:33,18203.85,100,1217650
20221102,14:26:36,18203.60,100,1217650
20221102,14:27:15,18200.00,50,1217650
20221102,14:27:26,18198.50,50,1217650
20221102,14:28:10,18196.65,50,1217550
20221102,14:28:54,18200.45,50,1217550
20221102,14:29:05,18199.00,50,1217550
20221102,14:29:37,18199.00,50,1217550
20221102,14:29:38,18201.10,50,1217550
20221102,14:30:05,18200.00,50,1217550
20221102,14:30:07,18200.00,50,1217550
20221102,14:30:09,18199.00,100,1217550
20221102,14:30:11,18200.30,50,1217550
20221102,14:30:25,18203.75,50,1217550
20221102,14:30:28,18202.10,50,1217550
20221102,14:30:30,18205.00,100,1217550
20221102,14:30:33,18202.60,50,1217550
20221102,14:30:36,18204.25,100,1217550
20221102,14:30:41,18205.75,200,1217550
20221102,14:30:55,18206.00,100,1217550
20221102,14:30:56,18203.00,50,1217550
20221102,14:31:51,18205.75,50,1217550
20221102,14:32:09,18208.25,50,1217550
20221102,14:32:20,18209.40,100,1217550
20221102,14:32:25,18209.50,50,1217550
20221102,14:32:40,18209.25,100,1217550
20221102,14:32:42,18208.60,50,1217550
20221102,14:32:51,18208.40,50,1217550
20221102,14:33:08,18208.25,50,1217550
20221102,14:33:23,18208.00,100,1217550
20221102,14:33:27,18200.70,100,1217550
20221102,14:33:28,18204.85,50,1217150
20221102,14:33:37,18206.05,100,1217150
20221102,14:33:42,18206.35,50,1217150
20221102,14:33:47,18205.65,50,1217150
20221102,14:33:53,18204.55,100,1217150
20221102,14:34:02,18200.50,1000,1217150
20221102,14:34:15,18204.50,100,1217150
20221102,14:34:22,18204.55,50,1217150
20221102,14:34:42,18206.65,250,1217150
20221102,14:35:01,18207.30,50,1217150
20221102,14:35:11,18210.00,50,1217150
20221102,14:35:18,18211.00,100,1217150
20221102,14:35:21,18211.00,50,1217150
20221102,14:35:25,18211.80,100,1217150
20221102,14:35:34,18207.95,200,1217150
20221102,14:35:35,18207.95,100,1217150
20221102,14:35:36,18207.35,200,1217150
20221102,14:35:44,18210.00,50,1217150
20221102,14:35:58,18211.90,50,1217150
20221102,14:36:04,18211.95,50,1217150
20221102,14:36:08,18212.00,50,1217150
20221102,14:36:30,18213.15,300,1216600
20221102,14:36:36,18211.35,50,1216600
20221102,14:36:37,18206.45,50,1216600
20221102,14:36:38,18208.00,50,1216600
20221102,14:36:58,18206.00,50,1216600
20221102,14:36:59,18206.00,50,1216600
20221102,14:37:01,18206.00,50,1216600
20221102,14:37:07,18207.90,100,1216600
20221102,14:37:09,18209.65,150,1216600
20221102,14:37:10,18209.75,200,1216600
20221102,14:37:17,18207.75,100,1216600
20221102,14:37:35,18205.30,50,1216600
20221102,14:37:39,18205.80,100,1216600
20221102,14:38:07,18205.00,50,1216600
20221102,14:38:20,18201.95,50,1216600
20221102,14:38:42,18204.00,50,1216600
20221102,14:39:33,18204.30,50,1217200
20221102,14:39:39,18207.00,50,1217200
20221102,14:39:46,18209.95,50,1217200
20221102,14:39:47,18206.20,100,1217200
20221102,14:40:45,18202.10,500,1217200
20221102,14:40:48,18206.25,200,1217200
20221102,14:40:53,18206.00,50,1217200
20221102,14:41:06,18206.75,50,1217200
20221102,14:41:49,18207.00,50,1217200
20221102,14:41:56,18207.25,50,1217200
20221102,14:41:57,18207.35,50,1217200
20221102,14:41:58,18206.55,50,1217200
20221102,14:42:00,18206.00,50,1217200
20221102,14:42:11,18205.05,100,1217200
20221102,14:42:29,18202.70,150,1217200
20221102,14:42:40,18202.30,100,1217350
20221102,14:42:58,18201.95,600,1217350
20221102,14:43:54,18205.35,50,1217350
20221102,14:43:58,18201.10,600,1217350
20221102,14:43:59,18205.20,100,1217350
20221102,14:44:14,18201.00,50,1217350
20221102,14:44:15,18200.00,50,1217350
